2436 4068
1306 238 1407 286 254

399 381 737 453 impudenter
783 384 1132 443 invexerunt,
1193 385 1470 449 propterea
1523 385 1581 432 ut
1633 381 1686 432 in
1738 383 2013 449 proverbio
2064 389 2178 445 cst,
2235 384 2375 452 quod

402 470 730 524 nostratibus
779 476 858 523 est
907 485 1031 521 cum
1084 467 1300 521 Graecis
1360 483 1642 520 commune
1704 466 1830 539 (vid.
1885 470 2057 524 Schol.
2099 469 2165 523 ad
2223 470 2374 525 Iliad.

402 565 479 613 Ω.
526 557 705 629 192),
744 558 795 609 ἐν
835 559 1046 623 τυφλῶν
1088 554 1236 608 πόλει
1275 555 1545 621 γλαμυρὸς
1575 555 1847 619 βασιλεύει
1888 565 1942 610 et
1980 557 2246 612 habentur
2275 576 2369 629 pro

401 645 652 715 optimiS,
692 644 817 714 quia
859 644 1058 697 caeteri
1097 658 1282 696 omnes
1320 650 1448 697 sunt
1492 643 1654 696 etiam
1697 643 1865 697 multo
1904 646 2108 715 peiores
2163 647 2377 716 nequio-

399 748 608 802 resque.
687 731 747 784 In
790 732 963 802 prima
1016 739 1167 803 parte
1206 731 1464 802 Equitum
1509 738 1741 784 metrum
1798 731 2115 787 lectionibus
2170 736 2380 790 Raven-

400 820 542 872 natis
600 819 830 889 pessime
889 818 1166 889 iugulatur
1219 836 1294 873 vs.
1348 823 1417 873 29
1481 819 1695 892 (sequor
1755 820 2042 875 editionem
2096 823 2378 896 Bekkeri),

401 910 508 971 96,
554 910 694 970 150,
738 911 881 968 159,
931 910 1070 971 194,
1124 910 1272 971 250,
1317 910 1462 970 259,
1505 910 1648 970 254,
1691 910 1834 971 261,
1878 911 2015 974 270,
2057 914 2195 976 285,
2237 916 2376 975 505,

404 998 546 1059 359,
588 997 744 1056 574,
775 999 920 1062 586,
964 999 1071 1050 404
1099 1036 1114 1061 ,
1156 998 1299 1059 409,
1341 998 1482 1058 421,
1523 999 1650 1048 451.
1705 1003 1759 1049 et
1812 995 1995 1050 eadem
2037 1006 2120 1052 est
2166 999 2379 1054 mendo-

401 1099 524 1136 rum
563 1083 714 1154 copia
755 1100 849 1154 per
886 1090 1051 1137 totam
1095 1082 1328 1137 fabulam
1366 1090 1419 1137 et
1460 1082 1692 1154 reliquas
1735 1100 1935 1138 omneS.
2014 1085 2291 1156 Leguntur
2323 1088 2378 1141 iu

403 1169 586 1226 eadem
630 1170 806 1225 sabula
849 1177 984 1225 teste
1030 1171 1164 1225 libro
1205 1172 1511 1226 Ravennate
1550 1170 1805 1225 vocabula
1843 1171 1982 1225 male
2021 1172 2256 1239 Graeca,
2295 1192 2381 1228 so-

402 1259 581 1324 loeca,
631 1258 858 1313 barbara
904 1276 982 1314 vs,
1021 1263 1121 1324 68,
1166 1263 1266 1323 72,
1311 1263 1455 1322 155,
1504 1263 1643 1323 157,
1688 1263 1827 1323 255,
1874 1263 2014 1324 287,
2067 1266 2212 1326 421,
2254 1266 2379 1318 485.

402 1355 455 1402 et
491 1349 568 1402 sic
609 1347 886 1419 deincePS,
930 1364 992 1402 ex
1033 1347 1226 1418 quibus
1270 1364 1434 1401 unum
1470 1347 1766 1401 exscribam
1805 1365 1881 1401 vs,
1913 1351 2038 1403 287.
2080 1365 2176 1420 pro
2201 1349 2380 1413 ‘forma

401 1437 580 1491 Attica
619 1433 1078 1504 κατακεκράξομαι
1112 1434 1326 1489 exhibet
1365 1434 1764 1502 κατακράξομαι
1806 1435 2059 1501 barbare,
2100 1454 2222 1492 nam
2266 1437 2381 1492 faex

402 1525 727 1581 Graecorum
748 1523 962 1579 dicebat·
997 1521 1190 1591 κρώξω,
1233 1531 1284 1577 61
1307 1523 1637 1577 trochaicum
1662 1523 1951 1578 dimetrum
1975 1523 2118 1579 hunc
2144 1527 2383 1598 apponit:

846 1611 1257 1680 ’κατακραξομαί
1295 1633 1353 1665 σε
1394 1611 1604 1681 κράζων.

402 1708 454 1756 61
495 1702 654 1756 tertio
687 1706 804 1774 post
844 1716 1036 1754 versu:

855 1788 1177 1850 κυνοκοπήσω
1215 1807 1304 1841 σου
1341 1788 1428 1842 τὸν
1467 1788 1622 1842 νότον.

383 1895 498 1950 ‚pro
538 1878 596 1932 τὸ
638 1878 822 1940 νῶτον,
862 1875 1052 1930 deinde
1090 1882 1207 1947 post
1241 1882 1472 1947 quatuor
1504 1891 1692 1929 versus
1727 1878 1977 1947 apponit:

852 1965 1140 2032 διαφορήσω
1181 1967 1229 2017 σ’
1268 1964 1315 2018 εἴ
1352 1985 1402 2018 τι
1442 1963 1660 2030 γρύζεις.

850 2054 1206 2120 κοπροφορήσω
1246 2058 1295 2106 ο·’
1336 2053 1377 2107 εἰ
1418 2055 1685 2116 λαλήσεις.

402 2149 456 2196 et
492 2141 617 2195 huic
666 2140 947 2195 credemus
985 2139 1189 2208 γρύζεις
1231 2157 1346 2195 6336
1394 2156 1573 2194 veram
1615 2140 1982 2210 scripturam?
2045 2140 2380 2211 Denique‘in

399 2228 583 2283 eadem
625 2228 832 2283 fabulae
871 2228 1134 2299 particula
1171 2228 1426 2282 lectiones
1464 2227 1620 2281 habet
1660 2226 1815 2297 plane
1855 2226 2112 2281 absurdas
2155 2235 2208 2281 et
2255 2227 2380 2282 ridi-

402 2317 550 2371 culas
609 2334 684 2370 VS.
727 2321 865 2379 147,
906 2320 1047 2380 257,
1107 2318 1244 2379 265,
1287 2319 1427 2379 267,
1469 2318 1576 2369 289
1605 2359 1616 2378 ,
1662 2319 1807 2376 500,
1852 2318 1998 2378 521,
2044 2320 2147 2369 541
2178 2357 2192 2380 ,
2236 2320 2381 2380 365,

401 2409 508 2460 595
537 2444 550 2466 ,
595 2408 732 2468 455,
776 2408 901 2458 452.
961 2411 1014 2457 et
1053 2405 1106 2456 in
1149 2405 1375 2457 caeteris
1417 2403 1651 2474 passim,
1691 2405 1824 2470 κούχ
1879 2400 2123 2464 ἅπαντας
2164 2404 2376 2472 ἐκφέρω.

401 2493 579 2561 Quum
635 2491 820 2547 eadem
871 2488 1068 2562 ubique
1116 2492 1186 2544 sit
1227 2489 1433 2544 Codicis
1482 2489 1705 2561 reliquis
1753 2490 2001 2544 omnibus
2042 2491 2278 2546 melioris
2323 2493 2378 2545 in

399 2581 628 2636 caeteris
682 2595 892 2651 quoque
933 2578 1124 2633 fabulis
1175 2579 1312 2632 ratio
1339 2623 1351 2642 ‚
1411 2595 1514 2631 non
1551 2585 1631 2632 est
1682 2580 1814 2632 satis
1855 2579 2001 2632 cauti
2047 2586 2101 2632 et
2149 2580 2378 2634 circum-

401 2669 569 2741 specti
608 2668 794 2722 Critici
844 2669 960 2722 eius
1004 2668 1379 2721 auctoritatem
1422 2667 1843 2721 correctionibus
1891 2684 1955 2721 ex
1997 2668 2250 2721 interiore
2294 2667 2380 2722 oh-

402 2757 703 2812 servatione
744 2756 1148 2811 consuetudinis
1188 2757 1396 2809 Atticae
1436 2755 1618 2826 petitis
1656 2771 1918 2826 opponere
1971 2754 2117 2809 velle.
2197 2755 2382 2826 Itaque
2434 2774 2436 2831 3

404 2844 541 2899 nihil
593 2860 688 2897 nos
740 2844 840 2897 ista
890 2843 1061 2898 sutilis
1115 2844 1406 2897 auctoritas
1447 2842 1800 2904 absterrebit,
1854 2845 2139 2913 quominus
2192 2842 2378 2907 διώξεις
2432 2848 2436 2918 1

403 2939 683 3005 quoque‘a
722 2932 947 3002 Bergkio
993 2939 1267 3003 receptum
1310 2931 1374 2986 de
1422 2948 1557 2985 novo
1597 2930 1954 3001 expellamus:
1996 2949 2228 3003 namque
2273 2934 2377 2986 διώ·

404 3021 559 3087 ξομαι
604 3016 957 3075 Athenienses
997 3020 1195 3074 dixisse
1241 3028 1387 3074 certo
1427 3018 1624 3072 indicio
1666 3027 1747 3072 est
1798 3019 1946 3073 locus
1994 3021 2047 3073 in
2095 3019 2380 3091 Equitibus
2433 3040 2436 3080 ι,

406 3113 548 3173 568³,
590 3109 698 3179 qui·
723 3124 825 3160 non
867 3115 1072 3179 poterat
1114 3108 1267 3162 facile
1312 3107 1618 3178 depravari:

695 3207 697 3211 ⁴
932 3195 1175 3261 διώξομαί
1212 3217 1270 3249 σε
1310 3196 1502 3254 δειλίας
1527 3238 1539 3257 ,

407 3286 499 3342 sed
540 3285 698 3355 διώξει
740 3284 908 3338 labem
953 3286 1195 3355 concepit
1232 3286 1285 3336 in
1325 3282 1507 3337 eadem
1553 3282 1728 3335 sabula
1769 3300 1841 3335 vs.
1880 3285 2005 3336 969.

785 3379 975 3440 χρυσοῦ
1018 3372 1204 3435 διώξεις
1247 3371 1505 3437 Σμικύθην
1543 3371 1628 3423 καὶ
1669 3371 1886 3436 μητέρα.

406 3464 675 3534 scriptura
715 3461 956 3515 codicum
997 3460 1191 3523 διώξεισ
1238 3460 1482 3524 σμικύθην
1523 3457 1803 3511 manifesto
1842 3464 1966 3511 nata
2004 3468 2083 3512 est
2127 3466 2182 3511 ut
2228 3461 2373 3527 ᾅσεισ

406 3554 678 3620 σώφρονοσ.
759 3549 934 3603 Etiam
978 3549 1173 3604 leniore
1209 3548 1471 3603 medicina
1509 3547 1684 3600 sanari
1733 3553 1897 3615 potest
1932 3545 2076 3601 locus
2118 3548 2169 3599 in
2211 3547 2374 3601 Thes·
2420 3532 2421 3598 Ῐ

403 3638 640 3711 mophor.
689 3640 846 3691 1224„
