2436 4068
1338 239 1444 289 494

405 382 800 437 observationes
840 379 1335 445 commaculantur,
1375 397 1607 452 quarum
1646 381 1930 454 pleraeque
1977 383 2169 439 scribis
2208 386 2382 458 impu-

405 470 600 525 tandae
630 476 756 522 sunt
795 467 1275 531 hallucinantibuS‚
1317 469 1604 523 nonnullae
1641 471 1743 540 ipsi
1777 471 2156 526 Grammatico.
2210 474 2266 528 P.
2292 478 2380 530 21.

404 559 720 626 Ἀχθέο-ετοιι
761 555 985 610 emenda
1031 573 1129 627 pro
1167 557 1478 624 οὶχθήσετοιι.
1532 574 1583 628 Ρ.
1622 560 1711 611 25.
1771 558 1976 613 Ἀείνων
2017 577 2112 630 pro
2152 561 2234 615 ἀεὶ
2275 569 2385 617 νῶν.

402 664 454 718 p.
501 650 587 699 28.
665 643 1055 698 Ἀποκτιννύνοιι
1108 661 1205 715 pro
1255 646 1661 700 οὶποκτειννύνοιι.
1718 662 1768 717 p.
1818 650 1906 700 56.
1965 648 2233 716 Αἷέλουρος
2286 667 2385 722 pro

403 735 707 800 οιὶοοίλουρος.
768 749 819 802 p.
873 735 960 785 50.
1028 732 1269 803 corrige:
1340 733 1688 803 Ἀμηγέπη
1758 734 1846 787 κοοὶ
1920 736 2383 803 ἁμωσγέπως,

402 823 672 881 Ἀττικῶς.
732 820 1013 888 ὁπήποτε
1068 820 1155 874 καὶ
1204 821 1556 875 ‹ivetam-ors
1614 827 1944 884 Ἑλληνικῶς.
1987 841 2038 895 Ρ.
2079 827 2166 878 72.
2208 824 2385 880 scribe

400 910 629 974 Ἀγοιθοῦ
685 908 921 973 δαίμονος
961 912 1123 973 minax
1181 925 1275 980 pro
1329 909 1496 974 πόμοι.
1557 926 1606 980 p.
1647 914 1735 964 77.
1796 910 2058 965 Ἀνάκειον
2108 928 2203 982 pro
2257 913 2383 968 οὲνοὶ-

399 1018 518 1052 κιον.
572 1014 624 1068 Ρ.
661 999 750 1050 86.
825 997 1090 1062 Ἀνοκωχή
1131 1013 1227 1067 pro
1273 998 1543 1064 οἰνοικωχή.
1599 1014 1648 1068 Ρ.
1689 1001 1777 1051 88.
1856 998 2072 1060 Αὕλειος
2113 999 2238 1067 θύροο
2286 1018 2383 1072 pro

396 1086 577 1140 οιύλίοο.
620 1102 669 1155 Ρ.
709 1088 798 1138 95.
854 1085 1155 1150 Βλοιβεῖμεν
1187 1085 1295 1137 κτέ.
1339 1101 1433 1155 pro
1464 1087 1744 1151 βαλεῖμεν.
1789 1102 1841 1156 Ρ.
1878 1091 2001 1140 111.
2053 1089 2246 1151 Γήτειοο
2284 1106 2384 1160 pro

397 1175 554 1239 γήτη.
596 1190 645 1243 p.
686 1176 809 1226 122.
871 1177 956 1226 Δῶ
996 1189 1093 1244 pro
1132 1172 1222 1226 δέω
1261 1179 1313 1226 61
1346 1173 1577 1239 δεσμεύω
1617 1190 1713 1244 pro
1750 1173 1937 1239 δεσμῶ.
1980 1192 2030 1246 Ρ.
2076 1179 2200 1230 161.
2242 1180 2382 1232 Ἐλι-

396 1263 519 1317 νύων
561 1277 657 1332 pro
712 1261 980 1324 ἐλιννύων,
1038 1278 1088 1331 Ρ.
1132 1265 1254 1314 171.
1322 1262 1577 1322 ’Ἤιδησθοο
1614 1277 1708 1332 pro
1744 1263 1987 1330 ᾔδεισθα,
2040 1279 2091 1334 Ρ.
2136 1267 2258 1319 172.
2303 1262 2380 1318 ςἨ

398 1367 492 1422 pro
530 1348 624 1413 ἦν,
683 1366 733 1420 p.
775 1351 897 1402 182.
956 1349 1083 1417 &pov
1125 1347 1287 1422 (quod
1343 1349 1471 1420 quid
1525 1355 1666 1404 esset
1723 1351 1930 1405 nescire
1980 1367 2035 1404 se
2093 1351 2381 1408 Piersonus

395 1436 618 1510 fatetur)
661 1444 742 1492 est
781 1436 1156 1508 pervulgatum
1207 1436 1477 1490 scribendi
1518 1437 1895 1508 compendium
1943 1455 2040 1510 pro
2077 1439 2378 1507 δίφθογγον.

395 1543 448 1597 Ρ.
490 1530 618 1580 211.
677 1524 851 1579 scribe
905 1525 1128 1591 κρούει
1177 1525 1231 1579 δέ
1279 1541 1375 1595 pro
1432 1533 1668 1593 κροτεῖ
1716 1526 1803 1590 δέ,
1859 1543 1908 1598 Ρ.
1949 1530 2073 1581 220.
2134 1528 2380 1583 Κοιτοκώ-

393 1635 539 1683 χιμοο
593 1631 689 1685 pro
738 1612 1134 1680 κοιτακώχιμοο,
1192 1629 1241 1683 Ρ.
1282 1616 1408 1666 226.
1486 1616 1814 1684 Κεκλῄσετοιι
1868 1631 1966 1686 pro
2019 1616 2380 1682 κεκλείσετοιι,

394 1721 447 1774 Ρ.
504 1705 631 1756 254.
690 1708 823 1763 Κνῆν
879 1717 974 1772 pro
1030 1707 1197 1762 κνεῖν,
1269 1717 1322 1771 Ρ.
1372 1703 1497 1756 272.
1563 1702 1773 1757 scribe:
1847 1702 2127 1768 Ὁμόσε,
2187 1706 2378 1770 ὁμοῦ,

395 1790 614 1857 ὁμόθεν
670 1788 830 1843 τόπου
883 1788 1162 1851 δηλωτικοέ.
1203 1790 1262 1843 τὸ
1316 1788 1412 1854 μὲν
1466 1791 1571 1857 γὰρ
1623 1791 1774 1855 ὁμοῦ
1827 1792 1877 1844 ἐν
1917 1791 1988 1858 τῷ
2042 1792 2182 1859 αὐτῷ
2235 1793 2383 1854 δηλοῖ

393 1881 532 1943 κτὲ.,
587 1896 635 1949 p.
672 1881 798 1931 285.
855 1878 1065 1948 corrige
1097 1880 1319 1944 ’Όςρειοι
1372 1894 1466 1948 pro
1523 1879 1695 1946 ὅςρίοι,
1754 1896 1802 1951 p.
1846 1882 1973 1933 518.
2032 1879 2227 1946 Πρανές
2279 1897 2379 1951 pro

394 1966 650 2035 πρανεύς,
692 1983 740 2036 Ρ.
781 1968 908 2020 526.
962 1965 1262 2032 Περιδέροιιοο
1298 1982 1393 2036 pro
1429 1966 1749 2034 περιδέρρεοο,
1802 1983 1852 2037 Ρ.
1893 1970 2018 2022 560.
2075 1966 2378 2035 Σχινδοὶλοο-

390 2076 485 2122 μος
522 2071 617 2126 pro
651 2053 1010 2122 σχινδκλμός,
1051 2071 1102 2125 Ρ.
1128 2057 1254 2108 581.
1296 2054 1550 2121 *Τδρορρόη
1594 2071 1688 2125 pro
1727 2054 1920 2122 ὑδρορόη
1944 2097 1960 2117 ,
2004 2071 2054 2126 Ρ.
2081 2059 2209 2109 597.
2254 2065 2375 2125 Φερ-

387 2145 637 2213 σέφοιττοε
678 2159 774 2213 pro
815 2142 1169 2210 Φερέφοοττοο,
1227 2159 1278 2213 Ρ.
1319 2146 1427 2196 419
1481 2143 1656 2197 scribe
1694 2146 1871 2211 ψωροῖν
1925 2149 1979 2197 et
2031 2147 2228 2211 ψωριᾶν
2276 2161 2376 2217 pro

384 2238 560 2301 ψῶροιν
596 2239 648 2286 61
687 2231 883 2300 ψωρίοιν
922 2238 975 2284 et
1017 2247 1067 2300 p.
1110 2234 1239 2284 426.
1292 2229 1536 2299 ’ῗΩφλε
1575 2231 1718 2294 δίκην
1760 2249 1855 2303 pro
1894 2231 2103 2300 ὤφειλε.
2183 2231 2246 2285 In
2288 2233 2373 2288 his

386 2320 670 2375 nonnullos
706 2320 883 2373 inesse
923 2318 1094 2390 ipsius
1149 2318 1403 2373 Moeridis
1442 2335 1651 2373 errores
1704 2318 1859 2373 facile
1905 2319 2089 2374 credet
2143 2321 2235 2390 qui
2275 2321 2370 2376 ho·
2434 2342 2436 2347 ·

384 2410 586 2463 minem
625 2407 761 2462 bene
812 2406 1036 2460 noverit.
1119 2406 1386 2460 Tenemus
1430 2424 1551 2461 eum
1607 2424 1657 2478 p.
1699 2412 1800 2462 171
1861 2409 2210 2468 Ζώσοιντες
2250 2410 2368 2464 ἀντὶ

381 2501 472 2552 τοῦ
514 2497 828 2570 ζήσοιντες
880 2493 1106 2550 Πλάτων
1147 2495 1336 2560 Νόμων
1385 2497 1474 2561 β’,
1515 2512 1840 2566 quamquam
1896 2496 2149 2550 Piersono
2197 2497 2368 2569 impo-
2426 2489 2436 2562 {⁴

382 2586 528 2650 suit,
569 2585 662 2656 qui
703 2583 829 2638 hinc
876 2584 931 2636 in
975 2582 1210 2637 Platonis
1265 2582 1440 2636 locum
1483 2582 1547 2637 de
1600 2583 1760 2654 Legg.
1798 2584 1868 2639 11.
1913 2601 1966 2655 p.
2016 2588 2124 2639 795
2167 2586 2228 2640 D.
2269 2587 2372 2642 εἰσί
2425 2573 2436 2655 ζ’

380 2694 513 2733 τινες
555 2671 796 2739 ἄνθρωποι
844 2671 1039 2740 πονηροὶ
1093 2673 1188 2736 μὲν
1244 2671 1395 2734 ἡδέως
1439 2672 1490 2726 δὲ
1542 2671 1776 2740 ζῶντες
1826 2671 2078 2727 invehere
2111 2674 2366 2741 ζώσαντες

379 2761 604 2815 volebat.
687 2759 955 2821 Ζώσοιντες
986 2766 1103 2823 est,
1146 2765 1206 2813 ut
1247 2759 1400 2830 pueri
1441 2760 1656 2823 sciunt,
1701 2775 1731 2813 a
1767 2759 2012 2827 ζώννυμι,
2064 2769 2117 2815 61
2154 2763 2208 2816 in
2249 2762 2367 2818 Pla-
2416 2758 2436 2831 εἰ

378 2850 522 2903 tonis
573 2848 688 2902 loco
737 2847 919 2915 ζῶντες
981 2849 1329 2903 sanissimum
1372 2854 1469 2902 est.
1549 2846 1807 2901 Eiusdem
1856 2855 2101 2903 monetae
2150 2856 2231 2904 est
2270 2867 2364 2904 an·
2418 2845 2427 2865 ‘

381 2936 582 2990 notatio
638 2954 687 3006 p.
729 2940 832 2990 148
879 2936 1070 3003 ’Έζην
1128 2937 1422 2996 Ἀττικῶς,
1483 2934 1629 3003 ἔζων
1669 2939 2003 2998 Ἑλληνικῶς.
2083 2936 2365 2992 Graeculo·

378 3042 502 3078 rum
543 3023 746 3076 formae
798 3030 926 3077 sunt
979 3023 1130 3090 ἕζην,
1175 3023 1281 3091 ζῆθι
1319 3030 1372 3077 61
1412 3023 1557 3091 ζῆνοιι
1598 3025 1729 3077 vitio
1775 3031 1932 3078 natae
1977 3042 2040 3078 ex
2093 3025 2274 3096 probis
2310 3033 2364 3079 et

377 3111 615 3182 antiquis
652 3109 766 3177 ἔζης
791 3152 803 3173 ,
845 3110 928 3178 ἔζη
967 3118 1019 3165 61
1053 3112 1205 3179 ἐζῆτε
1238 3128 1374 3183 quae
1411 3117 1539 3165 sunt
1578 3111 1879 3182 imperfecti
1921 3111 2078 3180 ἔζων,
2120 3119 2180 3165 111
2210 3129 2362 3183 prae·
2404 3107 2416 3184 ss'j

378 3200 546 3254 sentis
587 3198 651 3266 ζῶ
691 3205 818 3252 sunt
858 3198 945 3266 ζῇς
970 3241 983 3262 ,
1025 3199 1083 3268 ζῇ
1125 3207 1179 3254 61
1219 3200 1360 3267 ζῆτε.
1440 3199 1701 3253 Infinitivi
1750 3198 1922 3252 forma
1969 3199 2111 3270 apud
2154 3207 2359 3255 veteres
2411 3198 2414 3237 7

375 3296 457 3344 est
507 3289 597 3356 ζῆν
645 3294 698 3341 61
752 3287 1056 3356 imperativi
1096 3287 1176 3354 ζῆ.
1257 3289 1469 3342 Aoristo
1523 3294 1577 3341 et
1631 3285 1864 3358 perfecto
1918 3287 2137 3342 Veteres
2189 3288 2358 3343 absti-

377 3386 534 3440 nent,
591 3374 789 3447 quibus
828 3374 980 3439 ἐβίων
1019 3381 1072 3427 61
1118 3375 1358 3439 βεβίωκα
1399 3374 1826 3435 substituebant,
1883 3374 2026 3429 unde
2059 3376 2130 3430 τὰ
2166 3378 2357 3442 βεβιω-

375 3464 508 3529 μένος
550 3471 677 3519 Sunt
714 3464 785 3517 τοὶ
826 3463 877 3517 ἐν
914 3462 984 3529 τῷ
1025 3462 1122 3529 βίῳ
1177 3463 1544 3530 πεπραγμένος.
1626 3462 1701 3516 De
1751 3461 1936 3516 eadem
1976 3479 2035 3517 re
2081 3464 2237 3534 plura
2277 3465 2355 3518 in-

374 3552 454 3606 sra
495 3552 690 3608 dicam.
769 3549 1080 3605 Istiusmodi
1129 3557 1309 3605 autem
1366 3549 1638 3605 erroribus
1693 3556 1898 3604 scatere
1946 3550 2234 3606 Moeridem
2275 3552 2352 3605 vi-

375 3639 541 3696 debis.
634 3642 708 3696 De
765 3639 972 3711 ingenti
1031 3639 1181 3710 copia
1241 3638 1337 3694 hos
1390 3638 1522 3693 mihi
1583 3637 1725 3693 locos
1778 3638 1979 3710 inspice
2032 3656 2082 3693 v.
2138 3640 2348 3704 Αἴτιοιι,
