2436 4068
998 210 1002 213 ’
1059 217 1162 269 205

91 368 448 422 ENAONTA
491 357 682 414 stolide
726 357 1090 431 depravarunt
1127 362 1180 415 in
1222 361 1447 416 ἐνδόντα.
1528 360 1678 416 Alter
1717 360 1866 415 loeus
1907 367 1984 415 est
2027 361 2080 414 in

95 449 307 521 Eclogis
346 447 505 519 Phys,
541 446 580 500 1.
627 452 676 501 7.
719 451 772 503 6.
816 447 907 501 ubi
950 465 1015 502 ex
1053 448 1252 504 Helena
1292 447 1542 504 affertur:

395 534 592 601 σκέψαι
627 536 730 601 γαρ
767 536 788 587 o‘
829 537 934 595 θεὸς
970 538 1035 596 ὥς
1075 536 1187 603 ἔχει
1227 558 1278 591 τι
1316 537 1541 591 ποικίλον

396 622 483 676 καὶ
526 621 925 689 δυστέκμαρτον.

91 728 258 786 quum
300 726 427 764 vera
467 709 738 779 scriptura
779 710 879 762 sit:
920 707 955 763 ὦ
996 708 1260 777 θύγατερ,
1304 712 1327 764 ὁ
1366 712 1472 772 θεὸς
1507 714 1572 774 ὥς
1613 710 1716 780 ἔφυ
1756 731 1806 765 τι
1855 710 2080 765 ποικίλον

0 792 1 836 1
91 817 168 855 vs.
200 802 325 853 710.
408 796 697 867 Supererat
751 795 806 847 in
843 794 979 849 libro
1018 795 1216 851 detrito
1270 798 1296 822 '⁴
1340 801 1366 822 ¹*
1407 808 1497 853 ΓΑ
1541 800 1566 824 ¹*
1604 799 1629 824 *
1671 806 2076 853 ΟΘΕΟΣΩΣΕ

93 887 119 913 ⁴
145 886 171 910 ¹*
209 890 676 946 TIHOIKIAON‚
717 898 884 952 quum
934 890 1207 937 corrector
1246 885 1419 939 audax
1462 891 1516 940 et
1559 887 1880 940 temerarius
1923 885 2078 957 quid·

0 1027 2 1043 ι
90 972 221 1046 quid
260 973 312 1026 in
357 977 590 1025 mentem
631 969 778 1023 venit
817 969 1066 1041 supplere
1106 972 1299 1043 coepit.
1382 972 1529 1026 Idem
1573 974 1627 1026 in
1673 972 1949 1044 Euripidis
1985 973 2077 1026 Co-

90 1060 300 1116 dicibus
333 1059 498 1112 nimis
535 1073 692 1128 saepe
735 1054 938 1110 iactum
975 1074 1091 1112 esse
1132 1066 1370 1130 apparet.
1449 1061 1616 1115 Multa
1669 1060 1810 1132 apud
1865 1060 2078 1131 Euripi·

88 1148 211 1204 dem
250 1147 507 1218 leguntur
547 1145 711 1198 nimis
749 1151 972 1216 arguta,
1012 1145 1334 1218 subinepta,
1379 1147 1611 1219 frigida,
1666 1148 2039 1215 οὶπροσδιόνυσα
2063 1187 2077 1210 .

0 1269 1 1297 ;
40 1280 42 1282 -
85 1251 260 1307 neque
303 1235 381 1288 rei
417 1248 591 1304 neque
624 1249 880 1304 personae
918 1249 1092 1304 neque
1128 1234 1459 1306 temporibus
1500 1236 1633 1290 satis
1672 1235 2075 1297 convenientia,

0 1308 2 1358 5
90 1339 227 1396 quae
267 1322 370 1394 ipsi
422 1322 615 1375 Poetae
659 1319 976 1391 imputanda
1026 1328 1188 1387 sunt,
1245 1323 1339 1393 qui
1381 1339 1485 1376 non
1528 1323 1800 1390 βλέποντα
1851 1324 2079 1388 σώματα

0 1408 2 1494 ὲ
90 1409 183 1467 sed
229 1409 555 1477 νευρόσπαςα
594 1406 806 1462 inducit
845 1409 900 1462 in
941 1425 1195 1473 scenam,
1236 1411 1298 1464 δι’
1348 1407 1411 1463 ὦν
1460 1413 1617 1472 αὐτὸς
1667 1409 1848 1471 πασας
1899 1409 2079 1479 φωνὰς

0 1498 2 1553 ἶ
87 1499 307 1567 ἀφίησιν
354 1494 603 1567 aequales
653 1502 708 1550 et
763 1495 1068 1567 aequalium
1116 1503 1169 1551 et
1208 1497 1548 1569 popularium
1591 1499 1722 1553 vitia
1762 1515 1987 1570 carpens
2027 1502 2082 1552 et
2152 1526 2153 1529 ¹

90 1586 362 1656 castigans
406 1592 502 1639 aut
545 1584 811 1639 insaniam
863 1584 1136 1638 insectans
1174 1593 1268 1639 aut
1313 1602 1525 1640 morum
1563 1593 1846 1658 praecepta
1885 1584 2081 1654 ἄκαιρα

48 1688 49 1691 ’
89 1689 291 1747 ponens
330 1679 424 1726 aut
461 1688 644 1727 rerum
698 1677 950 1726 naturam
998 1671 1273 1728 subtiliter
1313 1672 1732 1745 philosophando
1772 1673 2076 1745 explicam,

48 2795 59 2840 ἰ

89 1775 228 1832 quae
262 1761 442 1813 omnia
475 1759 602 1814 alibi
638 1758 916 1830 egregium
959 1776 1116 1814 usum
1158 1760 1352 1815 habere
1388 1762 1718 1832 potuissent,
1760 1778 1904 1815 nuuc
1943 1761 2081 1816 οὐδὲν

89 1848 211 1917 πρὸς
244 1848 330 1902 τὸν
366 1847 622 1902 Διόνυσον.
700 1846 904 1902 Deinde
938 1848 1192 1919 quoniam
1237 1849 1417 1903 omnia
1457 1848 1523 1903 ad
1566 1854 1903 1920 praesentem
1938 1849 2082 1903 vitae

91 1951 249 1991 usum
303 1942 356 1990 et
409 1937 671 1990 rationem
718 1935 1088 1989 accommodat
1143 1944 1195 1990 et
1250 1942 1331 1990 est
1386 1937 1634 1991 curiosus
1685 1937 1859 2007 magis
1915 1952 2077 2008 quam

0 2005 1 2067 ἶ
88 2023 442 2092 μεγαλόφρων
475 2022 562 2077 καὶ
607 2023 892 2091 ὑψηλόνους
927 2023 1090 2076 nimis
1127 2040 1284 2094 saepe
1320 2023 1386 2077 ad
1430 2024 1597 2078 exiles
1639 2025 1901 2079 minutias
1940 2023 2081 2079 dela-

0 2150 1 2161 ,
90 2110 238 2167 bitur
276 2119 329 2166 et
363 2110 574 2166 dicendi
616 2127 786 2182 genus
825 2112 1072 2181 sequitur
1115 2111 1333 2182 vulgare
1373 2119 1426 2166 et
1469 2112 1620 2166 humi
1663 2129 1894 2183 repenS,
1940 2111 2082 2182 quod

0 2221 1 2229 ¹
91 2199 322 2255 Deorum
364 2198 695 2269 heroumque
723 2199 992 2252 maiestati
1029 2215 1132 2252 non
1170 2197 1471 2270 respondet.
1533 2198 1675 2254 Haec
1709 2200 1876 2269 igitur
1911 2199 2081 2270 ipsius

0 2286 46 2363 ζ,
91 2286 284 2342 Poetae
338 2294 466 2341 sunt
514 2287 929 2351 ἀποτεύγματα.
1024 2286 1310 2340 Praeterea
1363 2303 1594 2357 magnus
1647 2287 1787 2341 inest
1839 2286 2078 2341 locorum

0 2368 2 2453 ᾗ
42 2374 49 2388 ““
91 2390 351 2430 numerus
385 2391 416 2429 a
455 2374 648 2429 scribis
683 2381 736 2429 et
781 2373 1176 2428 correctoribus
1222 2381 1328 2428 tam
1376 2374 1514 2429 male
1557 2381 1975 2446 corruptorum,
2023 2382 2083 2429 ut

0 2466 3 2479 '
47 2512 51 2514 .
90 2463 266 2517 omnis
315 2461 697 2534 propemodum
746 2478 867 2534 spes
908 2461 1230 2517 emendandi
1270 2462 1567 2518 abiicienda
1604 2463 1866 2518 videatur.
1950 2462 2081 2529 Quis

90 2551 232 2606 enim
282 2567 344 2605 ex
397 2550 572 2605 verbis
621 2550 816 2619 σκέψαι
868 2551 975 2618 γαρ
1020 2551 1042 2603 ὁ
1095 2552 1200 2612 θεὸς
1251 2554 1316 2611 ὡς
1363 2550 1478 2618 ἔχει
1527 2568 1786 2622 umquam
1842 2558 1997 2605 eruat
2044 2549 2080 2605 ὦ

0 2698 3 2716 ,
89 2639 345 2707 θύγατερ,
388 2640 411 2692 ὁ
449 2639 553 2699 θεὸς
587 2640 654 2698 ὥς
695 2637 829 2707 ἔφυ,
871 2638 953 2693 vel
987 2655 1050 2694 ex
1086 2638 1315 2693 lectione
1348 2640 1449 2703 ἐγὼ
1490 2639 1540 2692 δὲ
1581 2640 1754 2701 δοῦλος
1791 2640 1833 2692 εἰ
1870 2638 2078 2708 πέφυχ’

0 2726 2 2739 ἶ
89 2723 224 2793 ὅμως
262 2726 440 2781 eliciat
470 2727 572 2791 ἐγὼ
606 2727 703 2791 μὲν
738 2726 844 2789 εἴην
884 2728 959 2781 κεί
1000 2727 1205 2794 πέφυχ’
1242 2724 1414 2791 ὅμωςῖ
1461 2726 1625 2781 Nemo
1669 2726 1866 2782 hercle.
1951 2727 2078 2780 Tor-

90 2822 255 2887 quent
290 2822 467 2869 tamen
507 2830 623 2868 sese
667 2815 998 2886 interpretes
1042 2815 1095 2868 iu
1134 2814 1332 2869 talibus
1368 2822 1421 2870 et
1462 2813 1765 2869 obtundunt
1798 2815 1898 2869 sibi
1942 2814 2079 2869 iudi·

44 2906 58 2955 ..‘
89 2901 231 2958 cium
269 2910 363 2957 aut
400 2902 888 2956 comminiscuntur
927 2901 1159 2973 aliquid,
1202 2900 1324 2969 ὅπερ
1361 2900 1570 2971 ἄρρητον
1598 2901 1823 2968 ἄμεινον.
1907 2903 2076 2970 Quis,

89 2994 153 3045 ut
188 2988 288 3046 hoc
322 2998 477 3053 utar,
519 3005 777 3062 umquam
813 2989 915 3045 sibi
957 2989 1250 3045 satisfaciet
1289 2991 1342 3044 in
1395 3007 1474 3045 vs,
1514 2994 1623 3046 454
1665 3007 1780 3063 sqq.

771 3078 921 3140 ἐλπὶς
957 3078 1015 3133 ἔκ
1044 3099 1112 3144 γε
1149 3079 1405 3133 πλουσίων
1444 3079 1609 3144 δόμων

389 3166 579 3231 λαβεῖν
618 3186 668 3220 τι
711 3166 944 3228 ναύταις.
986 3167 1043 3221 ἐκ
1079 3166 1131 3221 δὲ
1171 3167 1246 3231 μὴ
1286 3166 1501 3235 ’χόντων
1540 3167 1690 3234 βίον,

391 3254 491 3308 οὐδ’
531 3255 573 3307 εἱ
615 3253 801 3308 θέλοιεν
824 3295 838 3318 ,
880 3257 1101 3324 ὠφελεῖν
1138 3252 1306 3322 ἔχοιεν
1343 3254 1425 3309 ἄν.

93 3354 230 3412 quae
282 3339 562 3395 scabrities
612 3343 870 3396 orationis
909 3352 990 3397 est
1041 3344 1093 3397 in
1138 3342 1346 3397 verbis:
1404 3344 1461 3397 ἐκ
1505 3343 1556 3397 δὲ
1596 3343 1670 3407 μὴ
1712 3341 1925 3409 ’χόντων
1966 3341 2078 3405 βίον

93 3428 194 3482 οὐδ’
234 3429 275 3481 εἰ
315 3429 502 3483 θέλοιεν
545 3433 765 3498 ὠφελεῖν
807 3430 972 3499 ἔχοιεν
1012 3430 1092 3486 ἄν.
1175 3430 1289 3485 Diei
1332 3438 1384 3486 et
1427 3429 1651 3499 intelligi
1709 3434 1880 3499 potest
1931 3429 1973 3481 οἱ
2027 3428 2078 3482 δὲ

97 3515 171 3580 μὴ
201 3517 411 3582 ”zava-ec
446 3517 590 3582 βίον,
631 3517 722 3572 sed
759 3518 887 3573 liaeo
927 3521 1040 3590 ipsa
1081 3519 1347 3574 sententia
1387 3535 1547 3590 quam
1592 3515 1761 3570 sutilis
1794 3520 1844 3568 et
1883 3514 2085 3570 insulsa

98 3607 195 3656 est.
279 3602 399 3657 Post
443 3620 608 3674 pauca
651 3606 842 3661 aneilla
883 3606 1060 3661 vetula
1101 3605 1397 3662 Menelaum
1440 3606 1602 3660 minis
1641 3602 1905 3657 absterret
1945 3618 1974 3656 a
2019 3601 2092 3657 so·
