2436 4068
1289 204 1394 253 658

381 353 492 417 cit,
534 352 625 423 qui
676 352 728 403 in
784 346 1063 418 stipendiis
1104 344 1361 400 faciendis
1413 351 1640 401 aetatem
1681 351 1934 404 contrivit
1986 358 2037 406 et
2073 370 2134 406 ex
2173 369 2235 407 ea
2286 372 2344 410 re

381 441 629 495 eximiam
671 437 750 491 rei
797 434 1045 488 militaris
1084 435 1333 505 peritiam
1376 433 1478 487 sibi
1520 438 1883 506 comparavit,
1938 446 1990 493 et
2038 442 2213 503 αὐλοῖς
2254 444 2341 496 καὶ

380 528 581 595 λύραισι
623 523 1045 590 κατατέτριμμαι
1084 522 1342 590 χρώμενος
1385 522 1530 576 illius
1571 524 1740 577 oratio
1780 531 1890 589 est,
1931 527 2023 597 qui
2066 529 2142 583 rei
2176 531 2342 584 musi-

383 633 475 670 cae
515 614 818 668 diutissime
859 627 1072 682 operam
1124 609 1269 663 dedit
1316 627 1539 681 eamque
1575 628 1718 666 nunc
1767 615 1979 684 egregie
2018 615 2210 680 callet,
2254 618 2345 672 sed

383 719 554 772 neque
594 701 738 754 illius
790 715 962 770 neque
1019 698 1181 751 huius
1233 699 1372 752 vires
1412 698 1586 752 adhuc
1630 701 1947 756 imminutae
1982 711 2075 758 aut
2128 707 2346 761 attritae

381 806 494 844 esse
542 788 948 859 significantur:
991 793 1218 856 uterque
1257 788 1434 840 tritum
1476 803 1532 840 se
1571 803 1686 842 esse
1722 789 2018 859 praedicat,
2059 808 2160 845 non
2194 793 2348 846 deiri·

380 887 488 932 tum
529 885 582 931 et
612 876 780 930 multo
817 875 993 930 labore
1030 879 1276 946 fractum.
1357 874 1628 941 Quomodo
1667 893 1723 930 se
1757 877 2159 932 Nicomachides
2193 882 2347 950 queri

378 971 586 1038 poterat
639 981 754 1019 esse
800 963 1147 1035 praeteritum
1191 963 1236 1015 si
1288 961 1589 1017 consectum
1646 981 1702 1018 se
1740 964 2009 1020 laboribus
2061 974 2113 1020 et
2151 967 2346 1022 exhau-
2416 970 2427 991 “

382 1061 524 1108 stum
563 1069 678 1108 esse
733 1052 874 1106 ultro
927 1050 1222 1105 fateretur?
1310 1049 1403 1104 Ubi
1452 1050 1552 1104 hoc
1592 1051 1725 1105 mihi
1773 1052 1983 1108 dederis
2035 1055 2195 1110 simul
2248 1055 2345 1110 hoc
2416 1051 2427 1124 3

381 1141 531 1195 dabis
583 1140 1007 1207 κατατέτριμμαι
1048 1142 1284 1192 τοο-αὔτα
1338 1137 1622 1205 τραύματα
1676 1139 1809 1207 ἔχων
1864 1141 2157 1197 absurdum
2207 1161 2342 1202 esse.
2418 1130 2431 1206 J]

381 1229 517 1296 Quid
554 1229 720 1300 igitur
752 1227 1033 1298 legendum
1085 1226 1207 1281 est?
1286 1226 1486 1298 Nempe
1527 1229 1612 1282 καὶ
1668 1230 1951 1297 τραύματα
1988 1233 2083 1287 ὑπὸ
2125 1239 2222 1287 τῶν
2259 1255 2347 1289 πο·

377 1318 570 1383 λεμίων
610 1320 842 1372 τοσαῦτα
887 1314 1034 1383 ἔχω.
1114 1313 1317 1385 Duplex
1357 1315 1545 1368 militis
1586 1317 1800 1387 querela
1839 1325 1950 1373 est:
1992 1323 2344 1391 praeteritum
2420 1321 2429 1340 ‘

381 1424 435 1460 se
472 1406 783 1475 indignatur
822 1404 909 1473 qui
954 1410 1031 1456 tot
1073 1401 1337 1474 stipendia
1388 1401 1574 1457 fecerit
1625 1410 1679 1458 et
1719 1405 1772 1459 in
1816 1406 1948 1461 hello
1991 1416 2070 1462 tot
2125 1409 2347 1466 vulnera

379 1495 663 1565 acceperit.
742 1491 890 1545 Idem
930 1507 1142 1562 semper
1178 1497 1259 1544 est
1300 1497 1353 1544 et
1387 1491 1584 1562 ubique
1625 1501 1996 1550 veteranorum
2038 1498 2346 1568 ingenium,
2419 1487 2429 1515 ³

377 1582 560 1636 eadem
613 1581 814 1634 oratio:
870 1579 946 1632 sic
997 1595 1053 1632 se
1104 1577 1266 1631 bonos
1317 1578 1513 1633 milites
1554 1586 1607 1635 et
1660 1580 1821 1637 fortes
1869 1601 1984 1638 esse
2032 1583 2341 1641 declarant:

379 1668 644 1740 stipendia
694 1684 789 1721 sua
825 1672 1173 1730 enumerant,
1230 1673 1453 1720 narrant
1490 1667 1710 1723 vulnera
1750 1677 1800 1724 et
1843 1671 2122 1726 cicatrices
2171 1681 2343 1728 osten·
2426 1658 2427 1663 ἵ

377 1763 522 1811 tant:
580 1755 698 1821 ἅμα
750 1756 799 1809 δὲ
856 1754 954 1814 τοὶς
1009 1753 1166 1814 οὐλὰς
1206 1757 1304 1808 τῶν
1357 1755 1666 1822 τραυμάτων
1718 1759 2172 1825 ἀπογυμνούμενος
2228 1764 2345 1816 ἐπε·
2404 1775 2411 1830 [-

374 1846 613 1899 δείκνυεν.
676 1843 995 1897 Audivimus
1028 1841 1156 1896 haec
1193 1859 1375 1896 omnes
1402 1851 1455 1897 et
1487 1843 1736 1898 vidimus.
1779 1845 2134 1902 Luculentum
2172 1865 2345 1905 exem·
2404 1839 2411 1875 Ψ

378 1933 525 2004 plum
569 1939 649 1986 est
703 1931 842 2002 apud
895 1931 1106 1985 Livium
1143 1931 1295 1985 XLV.
1340 1935 1428 1985 59.
1474 1931 1563 1986 lin.
1644 1931 1915 1999 Quomodo
1966 1934 2072 2003 ἔχω
2114 1938 2169 1990 in
2211 1937 2344 2006 ἔχων

380 2021 571 2074 abierit
615 2019 960 2073 manifestum
1002 2026 1115 2072 est:
1159 2018 1366 2072 scribae
1406 2018 1700 2088 ταξιαρχῶν
1740 2021 1825 2075 καὶ
1867 2030 2115 2090 λοχαγῶν
2154 2026 2239 2079 καὶ
2271 2058 2345 2067 -
2416 2049 2421 2065 ³

377 2108 510 2176 ἔχων
553 2107 696 2162 aliud
733 2114 952 2178 agentes
995 2107 1406 2160 coniunxerunt.

455 2197 513 2250 In
554 2197 768 2249 Memor.
802 2196 892 2249 ΠΙ.
928 2213 978 2249 v.
1023 2198 1073 2248 5.
1119 2194 1372 2248 mendum
1417 2201 1495 2249 est
1535 2197 1587 2249 in
1634 2196 1835 2252 verbis:
1875 2199 2023 2253 ἄλλα
2061 2201 2162 2265 μὴν
2199 2205 2347 2269 φιλο·
2422 2195 2423 2199 ’

382 2283 657 2350 τιμότατοί
707 2304 771 2348 γε
824 2283 910 2336 καὶ
960 2283 1552 2351 Υφιλοφρονείῖατοι
1608 2283 1812 2339 πάντων
1854 2287 2013 2341 εἰσίν·
2074 2285 2205 2356 οἵπερ
2245 2291 2346 2357 οὐχ
2406 2333 2417 2346 .,

385 2371 536 2435 ἤκιςα
576 2370 842 2438 παροξύνει
897 2371 1192 2435 κινδυνεύειν
1230 2371 1353 2438 ὑπὲρ
1395 2370 1621 2434 εὐδοξίας
1662 2393 1720 2426 τε
1773 2372 1859 2426 καὶ
1916 2376 2172 2442 πατρίδος.
2251 2377 2347 2431 Ne·
2412 2447 2414 2450 Ι

384 2461 616 2516 sciebam
653 2460 942 2514 comitatem
981 2459 1119 2512 hanc
1171 2459 1278 2512 vim
1336 2458 1565 2524 habere,
1620 2467 1680 2513 ut
1730 2461 1935 2515 animos
1987 2463 2052 2516 ad
2093 2465 2349 2521 virtutem
2409 2451 2421 2463 ⁴¹

386 2549 762 2604 inflammaret.
844 2546 1153 2601 Mendosum
1195 2552 1275 2600 est
1314 2547 1778 2615 φιλοφρονέςατοι,
1836 2549 1888 2601 in
1945 2567 2049 2622 quo
2096 2552 2223 2623 quid
2275 2552 2350 2607 la-

388 2644 534 2701 teat,
578 2638 693 2709 ipsa
734 2635 836 2689 loci
876 2635 1142 2689 sententia
1173 2634 1239 2688 ad
1280 2652 1463 2689 verum
1504 2635 1761 2702 ducente,
1804 2639 2063 2708 reperisse
2106 2640 2239 2694 mihi
2277 2642 2352 2695 vi·
2423 2686 2425 2690 Α

386 2726 512 2780 deor
548 2732 600 2780 et
629 2724 812 2779 eadem
847 2740 1003 2794 opera
1044 2724 1243 2777 erroris
1274 2724 1541 2794 'originem
1586 2724 2013 2796 deprehendisse.
2056 2728 2346 2800 Xenophon
2415 2746 2418 2753 ’

384 2813 643 2870 dederat:
669 2811 1070 2880 φιλοτιμότατοί
1101 2833 1165 2877 γε
1205 2813 1290 2866 καὶ
1329 2814 1994 2882 μεγαλοφρονέςατοι
2035 2815 2239 2870 παντων
2279 2819 2345 2872 εἷ-

388 2902 464 2956 σίν
489 2944 502 2965 ,
543 2901 633 2954 sed
682 2900 934 2953 librarius
975 2916 1140 2970 quum
1175 2900 1576 2969 φιλοτιμότατοι
1629 2902 1933 2972 scripsisset
1972 2904 2028 2957 τὸ
2078 2909 2241 2972 φιλο
2278 2937 2352 2947 —-

393 2989 598 3043 ἔναυλον
622 2987 752 3054 ἔχων
776 2987 962 3041 iisdem
986 2987 1205 3060 syllabis
1241 2989 1402 3042 etiam
1438 3005 1665 3059 sequens
1699 2989 2020 3047 adiectivum
2053 2992 2352 3074 inchoavit,

389 3075 529 3148 quod
571 3092 738 3146 genus
778 3075 975 3128 erroris
1008 3074 1064 3127 in
1112 3070 1459 3129 describendo
1500 3093 1654 3147 saepe
1704 3093 1887 3132 omues
1926 3081 2346 3150 committimuS,

391 3171 442 3220 et
466 3165 696 3238 saepein
718 3161 875 3216 Codd.
918 3161 1133 3216 Graecis
1175 3164 1522 3217 commissum
1557 3163 1817 3219 videmus,
1862 3166 2020 3223 Dabis
2041 3166 2353 3223 mihiAthe·
2406 3171 2408 3210 ἰ

390 3253 603 3306 nienses
654 3250 816 3306 [uisse
854 3250 1409 3319 μεγαλοφρονεςοὶτους
1457 3251 1692 3317 πάντων,
1744 3260 1794 3307 et
1848 3256 2046 3324 optime
2099 3257 2352 3327 coniungi

389 3341 695 3411 φιλοτιμίαν
725 3346 774 3394 et
814 3339 1306 3407 μεγαλοφροσύνην,
1349 3346 1400 3393 et
1442 3341 1508 3393 iis
1548 3340 1780 3394 maxime
1825 3343 2031 3398 animos
2068 3344 2133 3398 ad
2185 3346 2352 3398 virtu-

391 3437 500 3485 tem
542 3429 897 3492 inflammari,
938 3426 1167 3498 denique
1215 3427 1425 3498 saepius
1465 3427 1719 3482 vocabulo
1765 3432 2116 3501 μεγαλόφρων
2165 3433 2220 3487 in
2257 3432 2352 3494 tali

388 3533 449 3572 re
486 3516 887 3588 Xenophontem
923 3515 1022 3570 uti.

462 3604 843 3677 Expellentlum
885 3601 1145 3661 emblema
1183 3610 1264 3660 est
1296 3604 1387 3660 III.
1434 3622 1479 3661 V.
1525 3609 1573 3661 4.
1653 3606 1903 3668 Ἀθηναῖοι
1944 3608 1994 3663 δὲ
2035 3610 2077 3663 οἱ
2118 3609 2348 3677 πρότερον
