<?xml version="1.0" encoding="UTF-8"?>
<!DOCTYPE html PUBLIC "-//W3C//DTD XHTML 1.0 Transitional//EN"
    "http://www.w3.org/TR/xhtml1/DTD/xhtml1-transitional.dtd">
<html xmlns="http://www.w3.org/1999/xhtml" xml:lang="en" lang="en">
 <head>
  <title>
</title>
<meta http-equiv="Content-Type" content="text/html;charset=utf-8" />
  <meta name='ocr-system' content='tesseract 3.04.00' />
  <meta name='ocr-capabilities' content='ocr_page ocr_carea ocr_par ocr_line ocrx_word'/>
</head>
<body>
  <div class='ocr_page' id='page_1' title='image "./novaelectionesqu00cobeuoft/novaelectionesqu00cobeuoft_0334.png"; bbox 0 0 2436 4068; ppageno 0'>
   <div class='ocr_carea' id='block_1_1' title="bbox 1290 240 1396 291">
    <p class='ocr_par' dir='ltr' id='par_1_1' title="bbox 1290 240 1396 291">
     <span class='ocr_line' id='line_1_1' title="bbox 1290 240 1396 291; baseline 0.019 -2"><span class='ocrx_word' id='word_1_1' title='bbox 1290 240 1396 291; x_wconf 79' lang='lat'>300</span> 
     </span>
    </p>
   </div>
   <div class='ocr_carea' id='block_1_2' title="bbox 355 380 2336 3708">
    <p class='ocr_par' dir='ltr' id='par_1_2' title="bbox 355 380 2336 3708">
     <span class='ocr_line' id='line_1_2' title="bbox 358 380 2328 450; baseline 0.002 -16"><span class='ocrx_word' id='word_1_2' title='bbox 358 380 448 434; x_wconf 86' lang='lat' dir='ltr'>alii</span> <span class='ocrx_word' id='word_1_3' title='bbox 503 381 829 438; x_wconf 76' lang='lat' dir='ltr'>indicarunt.</span> <span class='ocrx_word' id='word_1_4' title='bbox 911 382 1041 450; x_wconf 85' lang='lat' dir='ltr'>Quis</span> <span class='ocrx_word' id='word_1_5' title='bbox 1088 397 1191 435; x_wconf 90' lang='lat' dir='ltr'>non</span> <span class='ocrx_word' id='word_1_6' title='bbox 1251 383 1580 437; x_wconf 71' lang='lat' dir='ltr'>assentiatur</span> <span class='ocrx_word' id='word_1_7' title='bbox 1630 381 1865 436; x_wconf 88' lang='lat' dir='ltr'>Dobraeo</span> <span class='ocrx_word' id='word_1_8' title='bbox 1922 384 1973 435; x_wconf 92' lang='lat' dir='ltr'>in</span> <span class='ocrx_word' id='word_1_9' title='bbox 2035 381 2328 437; x_wconf 78' lang='lat' dir='ltr'>Troadibus</span> 
     </span>
     <span class='ocr_line' id='line_1_3' title="bbox 360 473 614 524; baseline 0.012 -3"><span class='ocrx_word' id='word_1_10' title='bbox 360 485 436 523; x_wconf 81' lang='lat' dir='ltr'>VS.</span> <span class='ocrx_word' id='word_1_11' title='bbox 480 473 614 524; x_wconf 83' lang='lat'>103:</span> 
     </span>
     <span class='ocr_line' id='line_1_4' title="bbox 368 556 1929 628; baseline 0.001 -19"><span class='ocrx_word' id='word_1_12' title='bbox 368 589 371 592; x_wconf 22' lang='lat' dir='ltr'>x</span> <span class='ocrx_word' id='word_1_13' title='bbox 660 563 790 610; x_wconf 77' lang='grc' dir='ltr'>πλεῖ</span> <span class='ocrx_word' id='word_1_14' title='bbox 824 556 965 610; x_wconf 75' lang='grc' dir='ltr'><em>κατα</em></span> <span class='ocrx_word' id='word_1_15' title='bbox 996 557 1244 624; x_wconf 78' lang='grc' dir='ltr'>πορθμόν,</span> <span class='ocrx_word' id='word_1_16' title='bbox 1293 556 1443 628; x_wconf 77' lang='grc' dir='ltr'><em>[πλεῖ</em></span> <span class='ocrx_word' id='word_1_17' title='bbox 1475 557 1616 611; x_wconf 78' lang='grc' dir='ltr'><em>κατα</em></span> <span class='ocrx_word' id='word_1_18' title='bbox 1657 557 1874 623; x_wconf 75' lang='grc' dir='ltr'><em>δαίμονα</em></span> <span class='ocrx_word' id='word_1_19' title='bbox 1891 559 1929 627; x_wconf 88' lang='grc'>,]</span> 
     </span>
     <span class='ocr_line' id='line_1_5' title="bbox 666 644 1491 713; baseline 0.002 -16"><span class='ocrx_word' id='word_1_20' title='bbox 666 644 796 708; x_wconf 72' lang='grc' dir='ltr'>μηδὲ</span> <span class='ocrx_word' id='word_1_21' title='bbox 835 645 1047 711; x_wconf 71' lang='grc' dir='ltr'><em>προσ-ίςη</em></span> <span class='ocrx_word' id='word_1_22' title='bbox 1089 647 1285 713; x_wconf 81' lang='grc' dir='ltr'><em>πρῷραν</em></span> <span class='ocrx_word' id='word_1_23' title='bbox 1316 644 1491 710; x_wconf 78' lang='grc' dir='ltr'><em>βιότου</em></span> 
     </span>
     <span class='ocr_line' id='line_1_6' title="bbox 822 733 1703 801; baseline 0.001 -15"><span class='ocrx_word' id='word_1_24' title='bbox 822 733 942 798; x_wconf 69' lang='grc' dir='ltr'>πρὸς</span> <span class='ocrx_word' id='word_1_25' title='bbox 981 737 1129 797; x_wconf 76' lang='grc' dir='ltr'><em>κῦμα</em></span> <span class='ocrx_word' id='word_1_26' title='bbox 1170 733 1399 787; x_wconf 81' lang='grc' dir='ltr'><em>πλέουσα</em></span> <span class='ocrx_word' id='word_1_27' title='bbox 1439 733 1703 801; x_wconf 77' lang='grc' dir='ltr'><strong><em>τύχαισιν.</em></strong></span> 
     </span>
     <span class='ocr_line' id='line_1_7' title="bbox 361 818 2336 892; baseline 0.002 -22"><span class='ocrx_word' id='word_1_28' title='bbox 361 818 688 888; x_wconf 84' lang='lat' dir='ltr'>expungenti</span> <span class='ocrx_word' id='word_1_29' title='bbox 724 826 854 874; x_wconf 77' lang='grc' dir='ltr'>πλεῖ</span> <span class='ocrx_word' id='word_1_30' title='bbox 887 820 1031 876; x_wconf 69' lang='grc' dir='ltr'><em>κατα</em></span> <span class='ocrx_word' id='word_1_31' title='bbox 1070 821 1332 886; x_wconf 58' lang='lat' dir='ltr'>Balaam?</span> <span class='ocrx_word' id='word_1_32' title='bbox 1399 820 1684 892; x_wconf 84' lang='lat' dir='ltr'><strong>Aliquanto</strong></span> <span class='ocrx_word' id='word_1_33' title='bbox 1726 820 1887 874; x_wconf 89' lang='lat' dir='ltr'>etiam</span> <span class='ocrx_word' id='word_1_34' title='bbox 1921 820 2094 890; x_wconf 85' lang='lat' dir='ltr'>magis</span> <span class='ocrx_word' id='word_1_35' title='bbox 2132 818 2336 890; x_wconf 82' lang='lat' dir='ltr'>puerile</span> 
     </span>
     <span class='ocr_line' id='line_1_8' title="bbox 359 905 2336 981; baseline 0.001 -23"><span class='ocrx_word' id='word_1_36' title='bbox 359 912 414 959; x_wconf 83' lang='lat' dir='ltr'>et</span> <span class='ocrx_word' id='word_1_37' title='bbox 453 905 719 961; x_wconf 88' lang='lat' dir='ltr'>insulsum</span> <span class='ocrx_word' id='word_1_38' title='bbox 759 907 1185 962; x_wconf 81' lang='lat' dir='ltr'>additamentum</span> <span class='ocrx_word' id='word_1_39' title='bbox 1239 917 1319 963; x_wconf 87' lang='lat' dir='ltr'>est</span> <span class='ocrx_word' id='word_1_40' title='bbox 1360 907 1498 981; x_wconf 91' lang='lat' dir='ltr'>quod</span> <span class='ocrx_word' id='word_1_41' title='bbox 1550 908 1688 962; x_wconf 88' lang='lat' dir='ltr'>idem</span> <span class='ocrx_word' id='word_1_42' title='bbox 1742 908 1950 979; x_wconf 90' lang='lat' dir='ltr'>primus</span> <span class='ocrx_word' id='word_1_43' title='bbox 1988 906 2336 979; x_wconf 84' lang='lat' dir='ltr'>deprehendit</span> 
     </span>
     <span class='ocr_line' id='line_1_9' title="bbox 361 996 611 1048; baseline 0.012 -3"><span class='ocrx_word' id='word_1_44' title='bbox 361 1009 437 1046; x_wconf 84' lang='lat' dir='ltr'>vs.</span> <span class='ocrx_word' id='word_1_45' title='bbox 476 996 611 1048; x_wconf 75' lang='lat'>255:</span> 
     </span>
     <span class='ocr_line' id='line_1_10' title="bbox 642 1081 2066 1152; baseline 0.002 -17"><span class='ocrx_word' id='word_1_46' title='bbox 642 1081 886 1148; x_wconf 68' lang='grc' dir='ltr'><strong><em>Ἑκάβη,</em></strong></span> <span class='ocrx_word' id='word_1_47' title='bbox 925 1083 1124 1145; x_wconf 68' lang='grc' dir='ltr'>πυκνὰς</span> <span class='ocrx_word' id='word_1_48' title='bbox 1164 1086 1268 1152; x_wconf 70' lang='grc' dir='ltr'>γὰρ</span> <span class='ocrx_word' id='word_1_49' title='bbox 1317 1081 1459 1137; x_wconf 76' lang='grc' dir='ltr'><em>οἶσθα</em></span> <span class='ocrx_word' id='word_1_50' title='bbox 1499 1088 1558 1148; x_wconf 79' lang='grc' dir='ltr'>μ’</span> <span class='ocrx_word' id='word_1_51' title='bbox 1598 1084 1668 1144; x_wconf 84' lang='grc' dir='ltr'>εἷς</span> <span class='ocrx_word' id='word_1_52' title='bbox 1705 1084 1890 1150; x_wconf 85' lang='grc' dir='ltr'><em>Τροίαν</em></span> <span class='ocrx_word' id='word_1_53' title='bbox 1930 1084 2066 1144; x_wconf 77' lang='grc' dir='ltr'><em>ὁδούς</em></span> 
     </span>
     <span class='ocr_line' id='line_1_11' title="bbox 656 1170 1745 1239; baseline 0.001 -16"><span class='ocrx_word' id='word_1_54' title='bbox 656 1170 879 1224; x_wconf 75' lang='grc' dir='ltr'>ἐλθόντα</span> <span class='ocrx_word' id='word_1_55' title='bbox 916 1173 1089 1239; x_wconf 75' lang='grc' dir='ltr'><em>κήρυκ’</em></span> <span class='ocrx_word' id='word_1_56' title='bbox 1128 1172 1186 1236; x_wconf 81' lang='grc' dir='ltr'>ἐξ</span> <span class='ocrx_word' id='word_1_57' title='bbox 1223 1174 1480 1239; x_wconf 79' lang='grc' dir='ltr'><em>Ἀχαϊκοῦ</em></span> <span class='ocrx_word' id='word_1_58' title='bbox 1522 1175 1708 1239; x_wconf 77' lang='grc' dir='ltr'><em>ςρατοῦ</em></span> <span class='ocrx_word' id='word_1_59' title='bbox 1732 1212 1745 1234; x_wconf 94' lang='grc'><strong>,</strong></span> 
     </span>
     <span class='ocr_line' id='line_1_12' title="bbox 641 1257 1841 1331; baseline 0.003 -22"><span class='ocrx_word' id='word_1_60' title='bbox 641 1257 976 1329; x_wconf 74' lang='grc' dir='ltr'>[ἐγνωσμένος</span> <span class='ocrx_word' id='word_1_61' title='bbox 1017 1260 1068 1312; x_wconf 80' lang='grc' dir='ltr'>δὲ</span> <span class='ocrx_word' id='word_1_62' title='bbox 1109 1259 1194 1313; x_wconf 76' lang='grc' dir='ltr'>καὶ</span> <span class='ocrx_word' id='word_1_63' title='bbox 1236 1258 1437 1326; x_wconf 68' lang='grc' dir='ltr'><em>πάροιθέ</em></span> <span class='ocrx_word' id='word_1_64' title='bbox 1480 1279 1583 1322; x_wconf 84' lang='grc' dir='ltr'><em>σοι,</em></span> <span class='ocrx_word' id='word_1_65' title='bbox 1625 1258 1841 1331; x_wconf 48' lang='lat' dir='ltr'>ydram]</span> 
     </span>
     <span class='ocr_line' id='line_1_13' title="bbox 661 1347 1774 1412; baseline 0 -13"><span class='ocrx_word' id='word_1_66' title='bbox 661 1348 959 1412; x_wconf 72' lang='grc' dir='ltr'><em>Ταλθύβιος</em></span> <span class='ocrx_word' id='word_1_67' title='bbox 1001 1347 1100 1411; x_wconf 75' lang='grc' dir='ltr'>ἥκω</span> <span class='ocrx_word' id='word_1_68' title='bbox 1142 1348 1310 1401; x_wconf 83' lang='grc' dir='ltr'>καινὸν</span> <span class='ocrx_word' id='word_1_69' title='bbox 1349 1349 1597 1411; x_wconf 69' lang='grc' dir='ltr'>ἀγγελῶν</span> <span class='ocrx_word' id='word_1_70' title='bbox 1638 1347 1774 1407; x_wconf 83' lang='grc' dir='ltr'><em>ἔπος.</em></span> 
     </span>
     <span class='ocr_line' id='line_1_14' title="bbox 359 1434 2335 1505; baseline 0.002 -21"><span class='ocrx_word' id='word_1_71' title='bbox 359 1437 670 1502; x_wconf 78' lang='lat' dir='ltr'>poteratne,</span> <span class='ocrx_word' id='word_1_72' title='bbox 727 1450 958 1504; x_wconf 82' lang='lat' dir='ltr'>quaese,</span> <span class='ocrx_word' id='word_1_73' title='bbox 1016 1435 1245 1505; x_wconf 87' lang='lat' dir='ltr'>ineptior</span> <span class='ocrx_word' id='word_1_74' title='bbox 1298 1450 1485 1488; x_wconf 89' lang='lat' dir='ltr'>versus</span> <span class='ocrx_word' id='word_1_75' title='bbox 1545 1435 1746 1488; x_wconf 80' lang='lat' dir='ltr'>inseri?</span> <span class='ocrx_word' id='word_1_76' title='bbox 1825 1434 1884 1488; x_wconf 92' lang='lat' dir='ltr'>In</span> <span class='ocrx_word' id='word_1_77' title='bbox 1937 1434 2132 1489; x_wconf 89' lang='lat' dir='ltr'>Helena</span> <span class='ocrx_word' id='word_1_78' title='bbox 2190 1440 2335 1491; x_wconf 81' lang='lat' dir='ltr'>recte</span> 
     </span>
     <span class='ocr_line' id='line_1_15' title="bbox 356 1518 1432 1576; baseline 0.004 -5"><span class='ocrx_word' id='word_1_79' title='bbox 356 1518 533 1572; x_wconf 86' lang='lat' dir='ltr'>idonei</span> <span class='ocrx_word' id='word_1_80' title='bbox 575 1519 779 1574; x_wconf 87' lang='lat' dir='ltr'>iudices</span> <span class='ocrx_word' id='word_1_81' title='bbox 816 1521 1141 1575; x_wconf 89' lang='lat' dir='ltr'>damnarunt</span> <span class='ocrx_word' id='word_1_82' title='bbox 1181 1539 1256 1575; x_wconf 90' lang='lat' dir='ltr'>vs.</span> <span class='ocrx_word' id='word_1_83' title='bbox 1298 1526 1432 1576; x_wconf 85' lang='lat'>780:</span> 
     </span>
     <span class='ocr_line' id='line_1_16' title="bbox 659 1609 2002 1678; baseline 0.001 -16"><span class='ocrx_word' id='word_1_84' title='bbox 659 1611 823 1676; x_wconf 76' lang='grc' dir='ltr'><em>φεῦγ’</em></span> <span class='ocrx_word' id='word_1_85' title='bbox 860 1612 926 1670; x_wconf 73' lang='grc' dir='ltr'>ὡς</span> <span class='ocrx_word' id='word_1_86' title='bbox 965 1609 1172 1677; x_wconf 71' lang='grc' dir='ltr'><em>ταχιςα</em></span> <span class='ocrx_word' id='word_1_87' title='bbox 1210 1612 1354 1673; x_wconf 77' lang='grc' dir='ltr'>τῆσδ’</span> <span class='ocrx_word' id='word_1_88' title='bbox 1395 1610 1768 1678; x_wconf 65' lang='grc' dir='ltr'>ἀπαλλαχθεὶς</span> <span class='ocrx_word' id='word_1_89' title='bbox 1805 1609 2002 1678; x_wconf 82' lang='grc' dir='ltr'>χθονός.</span> 
     </span>
     <span class='ocr_line' id='line_1_17' title="bbox 360 1695 1157 1766; baseline 0.005 -17"><span class='ocrx_word' id='word_1_90' title='bbox 360 1701 416 1749; x_wconf 88' lang='lat' dir='ltr'>et</span> <span class='ocrx_word' id='word_1_91' title='bbox 452 1695 860 1766; x_wconf 75' lang='lat' dir='ltr'>putidissimum</span> <span class='ocrx_word' id='word_1_92' title='bbox 905 1714 980 1751; x_wconf 89' lang='lat' dir='ltr'>vs.</span> <span class='ocrx_word' id='word_1_93' title='bbox 1021 1701 1157 1753; x_wconf 74' lang='lat'>905:</span> 
     </span>
     <span class='ocr_line' id='line_1_18' title="bbox 757 1784 1804 1850; baseline 0.001 -12"><span class='ocrx_word' id='word_1_94' title='bbox 757 1786 930 1845; x_wconf 77' lang='grc' dir='ltr'><em>ἐατέος</em></span> <span class='ocrx_word' id='word_1_95' title='bbox 967 1786 1013 1838; x_wconf 76' lang='grc' dir='ltr'>δ’</span> <span class='ocrx_word' id='word_1_96' title='bbox 1053 1787 1076 1839; x_wconf 83' lang='grc' dir='ltr'>ὁ</span> <span class='ocrx_word' id='word_1_97' title='bbox 1116 1790 1338 1846; x_wconf 74' lang='grc' dir='ltr'><em>πλοῦτος</em></span> <span class='ocrx_word' id='word_1_98' title='bbox 1378 1784 1550 1845; x_wconf 74' lang='grc' dir='ltr'><em>ἄδικός</em></span> <span class='ocrx_word' id='word_1_99' title='bbox 1590 1807 1667 1846; x_wconf 75' lang='grc' dir='ltr'>τις</span> <span class='ocrx_word' id='word_1_100' title='bbox 1707 1787 1804 1850; x_wconf 78' lang='grc' dir='ltr'>ὤν,</span> 
     </span>
     <span class='ocr_line' id='line_1_19' title="bbox 355 1872 2334 1944; baseline 0.001 -17"><span class='ocrx_word' id='word_1_101' title='bbox 355 1874 452 1944; x_wconf 87' lang='lat' dir='ltr'>qui</span> <span class='ocrx_word' id='word_1_102' title='bbox 493 1888 560 1927; x_wconf 84' lang='lat' dir='ltr'>ne</span> <span class='ocrx_word' id='word_1_103' title='bbox 597 1879 684 1927; x_wconf 80' lang='lat' dir='ltr'>est</span> <span class='ocrx_word' id='word_1_104' title='bbox 720 1873 938 1944; x_wconf 85' lang='lat' dir='ltr'>quidem</span> <span class='ocrx_word' id='word_1_105' title='bbox 994 1875 1237 1927; x_wconf 85' lang='lat' dir='ltr'>senarius</span> <span class='ocrx_word' id='word_1_106' title='bbox 1292 1872 1382 1927; x_wconf 88' lang='lat' dir='ltr'>sed</span> <span class='ocrx_word' id='word_1_107' title='bbox 1437 1875 1584 1940; x_wconf 77' lang='grc' dir='ltr'><em>ςίχος</em></span> <span class='ocrx_word' id='word_1_108' title='bbox 1641 1874 1930 1938; x_wconf 71' lang='grc' dir='ltr'><em>πολιτικός,</em></span> <span class='ocrx_word' id='word_1_109' title='bbox 1982 1873 2165 1943; x_wconf 83' lang='lat' dir='ltr'>quales</span> <span class='ocrx_word' id='word_1_110' title='bbox 2217 1873 2334 1928; x_wconf 84' lang='lat' dir='ltr'>faex</span> 
     </span>
     <span class='ocr_line' id='line_1_20' title="bbox 361 1960 2336 2033; baseline 0 -17"><span class='ocrx_word' id='word_1_111' title='bbox 361 1961 740 2016; x_wconf 80' lang='lat' dir='ltr'>Graeculorum</span> <span class='ocrx_word' id='word_1_112' title='bbox 799 1978 1028 2033; x_wconf 82' lang='lat' dir='ltr'>pangere</span> <span class='ocrx_word' id='word_1_113' title='bbox 1082 1961 1299 2015; x_wconf 84' lang='lat' dir='ltr'>solebat.</span> <span class='ocrx_word' id='word_1_114' title='bbox 1381 1961 1696 2015; x_wconf 80' lang='lat' dir='ltr'>Rectissime</span> <span class='ocrx_word' id='word_1_115' title='bbox 1752 1960 1986 2015; x_wconf 87' lang='lat' dir='ltr'>Badham</span> <span class='ocrx_word' id='word_1_116' title='bbox 2040 1961 2336 2017; x_wconf 86' lang='lat' dir='ltr'>eliminavit</span> 
     </span>
     <span class='ocr_line' id='line_1_21' title="bbox 360 2053 649 2105; baseline 0.003 -2"><span class='ocrx_word' id='word_1_117' title='bbox 360 2067 436 2105; x_wconf 80' lang='lat' dir='ltr'>vs,</span> <span class='ocrx_word' id='word_1_118' title='bbox 478 2053 649 2105; x_wconf 90' lang='lat'>1008:</span> 
     </span>
     <span class='ocr_line' id='line_1_22' title="bbox 820 2138 1863 2206; baseline -0.001 -14"><span class='ocrx_word' id='word_1_119' title='bbox 820 2138 1131 2206; x_wconf 69' lang='grc' dir='ltr'><em>πειράσομαι</em></span> <span class='ocrx_word' id='word_1_120' title='bbox 1171 2139 1222 2192; x_wconf 77' lang='grc' dir='ltr'>δὲ</span> <span class='ocrx_word' id='word_1_121' title='bbox 1264 2138 1501 2205; x_wconf 82' lang='grc' dir='ltr'>παρθένος</span> <span class='ocrx_word' id='word_1_122' title='bbox 1541 2138 1710 2203; x_wconf 82' lang='grc' dir='ltr'>μένειν</span> <span class='ocrx_word' id='word_1_123' title='bbox 1749 2138 1863 2201; x_wconf 69' lang='grc' dir='ltr'><em>ἀεί,</em></span> 
     </span>
     <span class='ocr_line' id='line_1_23' title="bbox 360 2225 2335 2298; baseline 0.001 -19"><span class='ocrx_word' id='word_1_124' title='bbox 360 2227 548 2296; x_wconf 82' lang='lat' dir='ltr'>quovis</span> <span class='ocrx_word' id='word_1_125' title='bbox 602 2232 755 2296; x_wconf 76' lang='lat' dir='ltr'>poeta</span> <span class='ocrx_word' id='word_1_126' title='bbox 807 2228 967 2280; x_wconf 86' lang='lat' dir='ltr'>etiam</span> <span class='ocrx_word' id='word_1_127' title='bbox 1022 2225 1275 2280; x_wconf 87' lang='lat' dir='ltr'>mediocri</span> <span class='ocrx_word' id='word_1_128' title='bbox 1326 2226 1625 2296; x_wconf 84' lang='lat' dir='ltr'>iudignum.</span> <span class='ocrx_word' id='word_1_129' title='bbox 1706 2225 1822 2296; x_wconf 91' lang='lat' dir='ltr'>Ipse</span> <span class='ocrx_word' id='word_1_130' title='bbox 1863 2226 1915 2278; x_wconf 90' lang='lat' dir='ltr'>in</span> <span class='ocrx_word' id='word_1_131' title='bbox 1971 2226 2335 2298; x_wconf 88' lang='lat' dir='ltr'>superioribus</span> 
     </span>
     <span class='ocr_line' id='line_1_24' title="bbox 360 2312 1435 2368; baseline -0.001 0"><span class='ocrx_word' id='word_1_132' title='bbox 360 2314 594 2368; x_wconf 85' lang='lat' dir='ltr'>indicavi</span> <span class='ocrx_word' id='word_1_133' title='bbox 635 2330 709 2365; x_wconf 90' lang='lat' dir='ltr'>vs.</span> <span class='ocrx_word' id='word_1_134' title='bbox 747 2317 872 2367; x_wconf 76' lang='lat'><strong>504.</strong></span> <span class='ocrx_word' id='word_1_135' title='bbox 915 2313 1152 2368; x_wconf 89' lang='lat' dir='ltr'>eiusdem</span> <span class='ocrx_word' id='word_1_136' title='bbox 1196 2312 1435 2367; x_wconf 81' lang='lat' dir='ltr'>fabulae:</span> 
     </span>
     <span class='ocr_line' id='line_1_25' title="bbox 662 2400 1814 2469; baseline 0 -15"><span class='ocrx_word' id='word_1_137' title='bbox 662 2402 929 2461; x_wconf 78' lang='grc' dir='ltr'>Μενέλαος</span> <span class='ocrx_word' id='word_1_138' title='bbox 970 2404 1057 2455; x_wconf 74' lang='grc' dir='ltr'>οὐκ</span> <span class='ocrx_word' id='word_1_139' title='bbox 1097 2400 1329 2465; x_wconf 70' lang='grc' dir='ltr'>ἄγνωςος</span> <span class='ocrx_word' id='word_1_140' title='bbox 1368 2403 1418 2454; x_wconf 86' lang='grc' dir='ltr'>ἐν</span> <span class='ocrx_word' id='word_1_141' title='bbox 1457 2401 1600 2469; x_wconf 66' lang='grc' dir='ltr'><em>πασῃ</em></span> <span class='ocrx_word' id='word_1_142' title='bbox 1637 2401 1814 2468; x_wconf 82' lang='grc' dir='ltr'><em>χθονί,</em></span> 
     </span>
     <span class='ocr_line' id='line_1_26' title="bbox 363 2487 2334 2560; baseline 0.001 -14"><span class='ocrx_word' id='word_1_143' title='bbox 363 2510 391 2546; x_wconf 90' lang='lat' dir='ltr'>a</span> <span class='ocrx_word' id='word_1_144' title='bbox 434 2490 573 2545; x_wconf 88' lang='lat' dir='ltr'>mala</span> <span class='ocrx_word' id='word_1_145' title='bbox 614 2505 777 2543; x_wconf 88' lang='lat' dir='ltr'>manu</span> <span class='ocrx_word' id='word_1_146' title='bbox 818 2490 1052 2559; x_wconf 87' lang='lat' dir='ltr'>imperiti</span> <span class='ocrx_word' id='word_1_147' title='bbox 1094 2487 1337 2543; x_wconf 84' lang='lat' dir='ltr'>Graeculi</span> <span class='ocrx_word' id='word_1_148' title='bbox 1373 2488 1670 2560; x_wconf 78' lang='lat' dir='ltr'>profectum</span> <span class='ocrx_word' id='word_1_149' title='bbox 1713 2505 1827 2542; x_wconf 87' lang='lat' dir='ltr'>esse</span> <span class='ocrx_word' id='word_1_150' title='bbox 1871 2487 2002 2542; x_wconf 87' lang='lat' dir='ltr'>mihi</span> <span class='ocrx_word' id='word_1_151' title='bbox 2043 2490 2240 2557; x_wconf 89' lang='lat' dir='ltr'>videri,</span> <span class='ocrx_word' id='word_1_152' title='bbox 2281 2500 2334 2547; x_wconf 89' lang='lat' dir='ltr'>et</span> 
     </span>
     <span class='ocr_line' id='line_1_27' title="bbox 360 2579 1230 2652; baseline -0.006 -17"><span class='ocrx_word' id='word_1_153' title='bbox 360 2580 605 2652; x_wconf 80' lang='lat' dir='ltr'>spurium</span> <span class='ocrx_word' id='word_1_154' title='bbox 646 2579 772 2632; x_wconf 83' lang='lat' dir='ltr'>item</span> <span class='ocrx_word' id='word_1_155' title='bbox 816 2593 930 2631; x_wconf 86' lang='lat' dir='ltr'>esse</span> <span class='ocrx_word' id='word_1_156' title='bbox 970 2593 1044 2629; x_wconf 67' lang='grc' dir='ltr'>νς.</span> <span class='ocrx_word' id='word_1_157' title='bbox 1090 2581 1230 2630; x_wconf 75' lang='lat'>752:</span> 
     </span>
     <span class='ocr_line' id='line_1_28' title="bbox 660 2663 1784 2732; baseline -0.001 -13"><span class='ocrx_word' id='word_1_158' title='bbox 660 2664 818 2725; x_wconf 77' lang='grc' dir='ltr'><em>εἴποις</em></span> <span class='ocrx_word' id='word_1_159' title='bbox 858 2663 921 2717; x_wconf 71' lang='grc' dir='ltr'>ἂν</span> <span class='ocrx_word' id='word_1_160' title='bbox 961 2663 1130 2732; x_wconf 78' lang='grc' dir='ltr'>οὕνεχ’</span> <span class='ocrx_word' id='word_1_161' title='bbox 1171 2666 1193 2718; x_wconf 82' lang='grc' dir='ltr'>ὁ</span> <span class='ocrx_word' id='word_1_162' title='bbox 1234 2667 1338 2725; x_wconf 82' lang='grc' dir='ltr'>θεὸς</span> <span class='ocrx_word' id='word_1_163' title='bbox 1378 2667 1465 2719; x_wconf 79' lang='grc' dir='ltr'>οὐκ</span> <span class='ocrx_word' id='word_1_164' title='bbox 1506 2665 1784 2730; x_wconf 81' lang='grc' dir='ltr'><em>ἐβούλετο,</em></span> 
     </span>
     <span class='ocr_line' id='line_1_29' title="bbox 362 2751 2331 2828; baseline -0.001 -19"><span class='ocrx_word' id='word_1_165' title='bbox 362 2757 454 2828; x_wconf 91' lang='lat' dir='ltr'>qui</span> <span class='ocrx_word' id='word_1_166' title='bbox 513 2761 694 2826; x_wconf 88' lang='lat' dir='ltr'>aperte</span> <span class='ocrx_word' id='word_1_167' title='bbox 747 2760 931 2826; x_wconf 81' lang='lat' dir='ltr'>poetae</span> <span class='ocrx_word' id='word_1_168' title='bbox 986 2753 1325 2824; x_wconf 86' lang='lat' dir='ltr'>obloquitur,</span> <span class='ocrx_word' id='word_1_169' title='bbox 1381 2761 1441 2806; x_wconf 91' lang='lat' dir='ltr'>ut</span> <span class='ocrx_word' id='word_1_170' title='bbox 1494 2752 1746 2806; x_wconf 91' lang='lat' dir='ltr'>nonnulla</span> <span class='ocrx_word' id='word_1_171' title='bbox 1790 2751 2150 2808; x_wconf 87' lang='lat' dir='ltr'>additamenta</span> <span class='ocrx_word' id='word_1_172' title='bbox 2204 2762 2331 2808; x_wconf 90' lang='lat' dir='ltr'>sunt</span> 
     </span>
     <span class='ocr_line' id='line_1_30' title="bbox 362 2840 2330 2914; baseline -0.002 -15"><span class='ocrx_word' id='word_1_173' title='bbox 362 2860 546 2899; x_wconf 85' lang='lat' dir='ltr'>eorum</span> <span class='ocrx_word' id='word_1_174' title='bbox 570 2885 583 2906; x_wconf 92' lang='lat'>‚</span> <span class='ocrx_word' id='word_1_175' title='bbox 625 2843 714 2912; x_wconf 88' lang='lat' dir='ltr'>qui</span> <span class='ocrx_word' id='word_1_176' title='bbox 758 2841 1138 2914; x_wconf 79' lang='lat' dir='ltr'>scriptoril)uS‚</span> <span class='ocrx_word' id='word_1_177' title='bbox 1180 2858 1312 2912; x_wconf 90' lang='lat' dir='ltr'>quos</span> <span class='ocrx_word' id='word_1_178' title='bbox 1351 2840 1559 2912; x_wconf 86' lang='lat' dir='ltr'>legunt,</span> <span class='ocrx_word' id='word_1_179' title='bbox 1599 2840 2079 2912; x_wconf 87' lang='lat' dir='ltr'>obiiciuntaliquid</span> <span class='ocrx_word' id='word_1_180' title='bbox 2117 2848 2210 2895; x_wconf 88' lang='lat' dir='ltr'>aut</span> <span class='ocrx_word' id='word_1_181' title='bbox 2250 2859 2330 2896; x_wconf 87' lang='lat' dir='ltr'>re-</span> 
     </span>
     <span class='ocr_line' id='line_1_31' title="bbox 363 2928 2330 3005; baseline -0.002 -18"><span class='ocrx_word' id='word_1_182' title='bbox 363 2937 648 3005; x_wconf 88' lang='lat' dir='ltr'>sponsant:</span> <span class='ocrx_word' id='word_1_183' title='bbox 691 2947 826 3000; x_wconf 88' lang='lat' dir='ltr'>quae</span> <span class='ocrx_word' id='word_1_184' title='bbox 867 2947 950 2983; x_wconf 90' lang='lat' dir='ltr'>res</span> <span class='ocrx_word' id='word_1_185' title='bbox 1004 2930 1106 2983; x_wconf 88' lang='lat' dir='ltr'>nisi</span> <span class='ocrx_word' id='word_1_186' title='bbox 1146 2929 1328 2983; x_wconf 90' lang='lat' dir='ltr'>statim</span> <span class='ocrx_word' id='word_1_187' title='bbox 1371 2928 1818 2984; x_wconf 91' lang='lat' dir='ltr'>animadvertitur</span> <span class='ocrx_word' id='word_1_188' title='bbox 1862 2928 2117 2982; x_wconf 88' lang='lat' dir='ltr'>mirificas</span> <span class='ocrx_word' id='word_1_189' title='bbox 2157 2936 2210 2983; x_wconf 92' lang='lat' dir='ltr'>et</span> <span class='ocrx_word' id='word_1_190' title='bbox 2253 2933 2330 2984; x_wconf 89' lang='lat' dir='ltr'>iu·</span> 
     </span>
     <span class='ocr_line' id='line_1_32' title="bbox 363 3016 2331 3089; baseline -0.001 -14"><span class='ocrx_word' id='word_1_191' title='bbox 363 3019 719 3076; x_wconf 86' lang='lat' dir='ltr'>cundissimas</span> <span class='ocrx_word' id='word_1_192' title='bbox 771 3019 994 3082; x_wconf 60' lang='grc' dir='ltr'><em>ἀλογίας</em></span> <span class='ocrx_word' id='word_1_193' title='bbox 1046 3034 1234 3089; x_wconf 86' lang='lat' dir='ltr'>parere</span> <span class='ocrx_word' id='word_1_194' title='bbox 1289 3024 1478 3088; x_wconf 86' lang='lat' dir='ltr'>potest.</span> <span class='ocrx_word' id='word_1_195' title='bbox 1573 3017 1752 3071; x_wconf 90' lang='lat' dir='ltr'>Scitus</span> <span class='ocrx_word' id='word_1_196' title='bbox 1805 3023 1856 3071; x_wconf 88' lang='lat' dir='ltr'>et</span> <span class='ocrx_word' id='word_1_197' title='bbox 1914 3016 2120 3087; x_wconf 87' lang='lat' dir='ltr'>lepidus</span> <span class='ocrx_word' id='word_1_198' title='bbox 2175 3017 2331 3074; x_wconf 86' lang='lat' dir='ltr'>homo</span> 
     </span>
     <span class='ocr_line' id='line_1_33' title="bbox 362 3102 2161 3178; baseline -0.003 -14"><span class='ocrx_word' id='word_1_199' title='bbox 362 3110 493 3172; x_wconf 85' lang='lat' dir='ltr'>suit,</span> <span class='ocrx_word' id='word_1_200' title='bbox 535 3107 626 3178; x_wconf 92' lang='lat' dir='ltr'>qui</span> <span class='ocrx_word' id='word_1_201' title='bbox 667 3107 719 3158; x_wconf 90' lang='lat' dir='ltr'>in</span> <span class='ocrx_word' id='word_1_202' title='bbox 763 3123 857 3159; x_wconf 90' lang='lat' dir='ltr'>suo</span> <span class='ocrx_word' id='word_1_203' title='bbox 890 3105 1164 3176; x_wconf 86' lang='lat' dir='ltr'>Euripidis</span> <span class='ocrx_word' id='word_1_204' title='bbox 1205 3104 1385 3159; x_wconf 90' lang='lat' dir='ltr'>codice</span> <span class='ocrx_word' id='word_1_205' title='bbox 1426 3104 1489 3158; x_wconf 91' lang='lat' dir='ltr'>ad</span> <span class='ocrx_word' id='word_1_206' title='bbox 1533 3102 1750 3158; x_wconf 87' lang='lat' dir='ltr'>Orestae</span> <span class='ocrx_word' id='word_1_207' title='bbox 1788 3121 2002 3158; x_wconf 88' lang='lat' dir='ltr'>versum</span> <span class='ocrx_word' id='word_1_208' title='bbox 2037 3109 2161 3159; x_wconf 78' lang='lat'><strong>547.</strong></span> 
     </span>
     <span class='ocr_line' id='line_1_34' title="bbox 663 3191 1834 3261; baseline -0.003 -13"><span class='ocrx_word' id='word_1_209' title='bbox 663 3193 782 3248; x_wconf 76' lang='grc' dir='ltr'>ἄνευ</span> <span class='ocrx_word' id='word_1_210' title='bbox 821 3194 871 3247; x_wconf 78' lang='grc' dir='ltr'>δὲ</span> <span class='ocrx_word' id='word_1_211' title='bbox 912 3195 1104 3261; x_wconf 79' lang='grc' dir='ltr'><em>πατρὸς</em></span> <span class='ocrx_word' id='word_1_212' title='bbox 1144 3193 1315 3246; x_wconf 79' lang='grc' dir='ltr'>τέκνον</span> <span class='ocrx_word' id='word_1_213' title='bbox 1355 3195 1443 3246; x_wconf 79' lang='grc' dir='ltr'>οὐκ</span> <span class='ocrx_word' id='word_1_214' title='bbox 1482 3193 1556 3253; x_wconf 76' lang='grc' dir='ltr'>εἴη</span> <span class='ocrx_word' id='word_1_215' title='bbox 1599 3194 1711 3246; x_wconf 77' lang='grc' dir='ltr'><em>ποτ’</em></span> <span class='ocrx_word' id='word_1_216' title='bbox 1751 3191 1834 3245; x_wconf 77' lang='grc' dir='ltr'>ἄν.</span> 
     </span>
     <span class='ocr_line' id='line_1_35' title="bbox 360 3281 1152 3355; baseline -0.008 -14"><span class='ocrx_word' id='word_1_217' title='bbox 360 3284 646 3355; x_wconf 87' lang='lat' dir='ltr'>adscripsit</span> <span class='ocrx_word' id='word_1_218' title='bbox 686 3281 1152 3352; x_wconf 84' lang='lat' dir='ltr'>indignabundus:</span> 
     </span>
     <span class='ocr_line' id='line_1_36' title="bbox 598 3367 1862 3437; baseline -0.002 -13"><span class='ocrx_word' id='word_1_219' title='bbox 598 3404 600 3407; x_wconf 91' lang='lat'><em>-</em></span> <span class='ocrx_word' id='word_1_220' title='bbox 657 3368 779 3424; x_wconf 75' lang='grc' dir='ltr'>ἄνευ</span> <span class='ocrx_word' id='word_1_221' title='bbox 819 3371 870 3423; x_wconf 74' lang='grc' dir='ltr'>δὲ</span> <span class='ocrx_word' id='word_1_222' title='bbox 908 3372 1095 3437; x_wconf 73' lang='grc' dir='ltr'>μητρὸς</span> <span class='ocrx_word' id='word_1_223' title='bbox 1138 3375 1276 3431; x_wconf 81' lang='grc' dir='ltr'><em>πῶς,</em></span> <span class='ocrx_word' id='word_1_224' title='bbox 1319 3367 1541 3435; x_wconf 76' lang='grc' dir='ltr'><em>καθαρμ’</em></span> <span class='ocrx_word' id='word_1_225' title='bbox 1580 3369 1862 3434; x_wconf 67' lang='grc' dir='ltr'><em>Εὐριπίδης</em></span> 
     </span>
     <span class='ocr_line' id='line_1_37' title="bbox 358 3460 666 3516; baseline -0.01 0"><span class='ocrx_word' id='word_1_226' title='bbox 358 3469 411 3516; x_wconf 91' lang='lat' dir='ltr'>et</span> <span class='ocrx_word' id='word_1_227' title='bbox 447 3460 620 3514; x_wconf 88' lang='lat' dir='ltr'>alius:</span> <span class='ocrx_word' id='word_1_228' title='bbox 665 3499 666 3502; x_wconf 17' lang='grc' dir='ltr'>η</span> 
     </span>
     <span class='ocr_line' id='line_1_38' title="bbox 659 3543 1789 3614; baseline -0.003 -14"><span class='ocrx_word' id='word_1_229' title='bbox 659 3545 779 3600; x_wconf 75' lang='grc' dir='ltr'>ἄνευ</span> <span class='ocrx_word' id='word_1_230' title='bbox 818 3547 869 3599; x_wconf 77' lang='grc' dir='ltr'>δὲ</span> <span class='ocrx_word' id='word_1_231' title='bbox 908 3548 1097 3614; x_wconf 75' lang='grc' dir='ltr'><em>μητρὸς</em></span> <span class='ocrx_word' id='word_1_232' title='bbox 1137 3545 1247 3600; x_wconf 75' lang='grc' dir='ltr'><em>οὐδὲ</em></span> <span class='ocrx_word' id='word_1_233' title='bbox 1288 3545 1534 3609; x_wconf 70' lang='grc' dir='ltr'><em>συλλαβὴ</em></span> <span class='ocrx_word' id='word_1_234' title='bbox 1575 3543 1749 3598; x_wconf 79' lang='grc' dir='ltr'>τέκνου</span> <span class='ocrx_word' id='word_1_235' title='bbox 1777 3587 1789 3608; x_wconf 93' lang='grc'><strong>,</strong></span> 
     </span>
     <span class='ocr_line' id='line_1_39' title="bbox 357 3632 2327 3708; baseline -0.001 -17"><span class='ocrx_word' id='word_1_236' title='bbox 357 3654 492 3708; x_wconf 88' lang='lat' dir='ltr'>quae</span> <span class='ocrx_word' id='word_1_237' title='bbox 534 3652 689 3690; x_wconf 89' lang='lat' dir='ltr'>nemo</span> <span class='ocrx_word' id='word_1_238' title='bbox 724 3651 991 3706; x_wconf 88' lang='lat' dir='ltr'>unquam,</span> <span class='ocrx_word' id='word_1_239' title='bbox 1045 3634 1123 3688; x_wconf 92' lang='lat' dir='ltr'>uti</span> <span class='ocrx_word' id='word_1_240' title='bbox 1157 3650 1344 3706; x_wconf 77' lang='lat' dir='ltr'>spem,</span> <span class='ocrx_word' id='word_1_241' title='bbox 1384 3633 1605 3704; x_wconf 87' lang='lat' dir='ltr'>recipiet</span> <span class='ocrx_word' id='word_1_242' title='bbox 1643 3632 1695 3685; x_wconf 92' lang='lat' dir='ltr'>in</span> <span class='ocrx_word' id='word_1_243' title='bbox 1738 3639 1963 3688; x_wconf 82' lang='lat' dir='ltr'>textum.</span> <span class='ocrx_word' id='word_1_244' title='bbox 2026 3633 2136 3689; x_wconf 89' lang='lat' dir='ltr'>Non</span> <span class='ocrx_word' id='word_1_245' title='bbox 2174 3641 2327 3690; x_wconf 90' lang='lat' dir='ltr'>teneo</span> 
     </span>
    </p>
   </div>
  </div>
 </body>
</html>
