2436 4068
1005 173 1107 223 631

78 318 222 374 Stob.
277 318 460 374 Floril.
504 322 640 382 100,
682 319 772 373 32.
831 316 998 384 ὥσπερ
1040 318 1230 385 πονηρῷ
1282 315 1544 386 ζωγράφῳ
1593 332 1691 389 pro
1739 321 1930 389 πονηρὼ
1969 324 2058 392 ζῳ-

73 407 298 476 maiman,
353 415 404 462 et
446 407 666 478 passim.
750 407 1030 460 Praeterea
1084 406 1397 476 saepissime
1445 404 1812 476 diphthongus
1853 429 1880 477 ῃ
1918 410 2060 467 male

76 497 134 550 in
174 498 232 557 ηΐ
266 496 582 558 resolvitur,
635 500 694 548 ut
733 494 787 547 in
837 494 1083 560 ληΐζομαι
1136 510 1234 564 pro
1273 493 1532 562 λῄζομαι,
1590 493 1817 565 aliisque
1869 497 2059 553 simili-

18 615 25 617 „
73 582 191 637 hus.
282 582 431 637 Felix
490 590 571 636 est
627 581 879 635 Meinekii
934 581 1237 635 emendatio
1296 583 1348 635 in
1413 583 1686 654 Antipatri
1743 583 1860 638 loco
1915 587 2059 658 apud

16 731 22 735 ,
75 670 221 726 Stob.
263 670 444 725 Floril.
483 674 585 734 67,
627 673 716 725 25.
771 670 830 723 τὸ
870 676 1068 734 γαμεῖν
1119 674 1218 722 τῶν
1268 670 1674 737 χαλεπωτάτων
1713 669 1842 728 εἶναι
1883 675 2054 741 δοκεῖ,

23 786 33 810 ·.
71 761 158 814 τὸν
198 760 257 822 δὴ
296 761 402 813 θεὸν
437 757 670 821 ἐξουσίαν
703 757 907 812 διδόντα
946 758 1069 824 πρὸς
1107 757 1399 810 ἀκολασίαν
1438 792 1511 802 -
1543 760 1730 814 ἰσόθεον
1765 763 2056 831 νομίζουσι,

0 890 1 918 3
72 846 297 919 pulchre
335 845 640 901 emendavit
673 846 761 899 τὸν
798 846 842 900 δ’
877 846 1013 914 ᾔθεον
1057 843 1211 917 (βίον)
1234 844 1517 899 -ἰσόθεον
1557 849 1858 916 νομίζουσιν.
1921 851 2058 906 Tan-

69 935 151 1006 git
192 935 477 1006 Antipater
528 934 795 987 Romanos
846 933 1065 988 coelibes
1103 932 1309 986 coelites
1360 932 1693 992 dictitantes,
1778 937 2057 1011 Scriptum

70 1021 248 1078 suerat
302 1029 763 1077 ΤΟΝΔΗΘΕΟΝ
803 1021 869 1076 de
924 1036 1072 1075 more
1125 1036 1223 1092 pro
1280 1028 1787 1078 ΤΟΝΔΗΙΘΕΟΝ.
1869 1025 1956 1080 Sic
1997 1027 2056 1083 in

24 1159 26 1162 ,
67 1111 335 1176 Platonis,
376 1111 469 1183 qui
503 1109 706 1173 fertur,
730 1109 923 1181 Hippia
955 1109 1158 1163 Minore
1197 1125 1248 1180 p.
1274 1113 1402 1163 369.
1445 1110 1505 1165 A.
1547 1113 1602 1164 οὐ
1622 1113 1726 1179 χρή
1764 1112 1891 1168 olim
1915 1113 2056 1170 male

31 1192 33 1194 ’
66 1198 345 1271 legebatur
381 1215 476 1271 pro
514 1217 616 1253 non
653 1199 852 1262 ulera'S,
891 1200 946 1252 οὐ
982 1204 1104 1266 χρῇ.
1186 1196 1246 1250 In
1289 1197 1526 1251 Platonis
1566 1198 1809 1254 Phaedro
1847 1218 1898 1272 p.
1924 1205 2054 1259 242.

15 1311 30 1358 j
67 1289 128 1343 A.
183 1288 435 1359 egregius
490 1286 809 1341 Bodleianus
867 1284 1081 1340 exhibet
1133 1285 1249 1340 sine
1316 1301 1478 1339 sensu
1532 1287 1741 1341 ἐπειδὰν
1794 1290 2056 1360 αποφυχη

16 1397 200 1444 μεν,
260 1392 452 1447 nempe
505 1376 559 1428 in
602 1375 826 1445 antiqua
882 1374 1154 1444 scriptura
1211 1382 1752 1430 ΑΠΟΨΤΧΗΙΜΕΝ
1792 1379 2054 1434 omissum

15 1453 150 1547 {est
189 1486 203 1519 ι
248 1466 484 1528 iterum,
537 1462 679 1534 quod
722 1465 774 1517 in
817 1470 1168 1517 ΑΠΟΨΤΧΗ
1206 1463 1311 1515 iam
1356 1471 1473 1517 erat
1526 1466 1826 1529 omissum,
1880 1472 1935 1521 et
1975 1467 2055 1522 sic

23 1556 27 1558 ’
64 1554 225 1627 periit
266 1569 459 1607 manus
500 1551 737 1605 Platonis
774 1551 983 1604 ἐπειδὰν
1020 1551 1282 1619 οὶποψυχῇ
1323 1550 1475 1616 ἴμεν,
1518 1569 1679 1623 quam
1719 1552 1902 1609 sutiles
1938 1571 2053 1611 cor-

16 1639 34 1700 '.
60 1649 300 1698 rectores
341 1640 394 1694 in
447 1638 696 1708 ἀποψύξῃ
736 1646 789 1693 et
838 1638 994 1704 ἴωμεν
1036 1637 1416 1710 depravarunt.
1496 1640 1699 1696 Eadem
1747 1643 2053 1710 medicina,

20 1734 169 1807 {qua
208 1746 311 1783 non
353 1734 435 1783 est
472 1728 575 1783 alia
631 1727 832 1792 lenior,
875 1726 1270 1781 barbarismum
1314 1729 1513 1783 eximet
1549 1747 1577 1784 e
1617 1731 1849 1785 Maximo
1890 1732 2054 1806 Tyrio

17 1839 24 1846 ·
60 1817 275 1874 Xxvn.
319 1824 370 1872 4.
427 1818 518 1871 ἐὰν
556 1818 653 1882 μὲν
688 1817 774 1871 ἐπὶ
816 1817 875 1871 τὸ
914 1817 1073 1871 καλὸν
1113 1815 1424 1883 φαινόμενον
1465 1820 1493 1880 ἦ
1534 1820 1688 1887 ψυχὴ
1729 1819 1889 1891 ἄξῃ,
1930 1819 2048 1888 ἔρως

16 1919 18 1921 ’
59 1907 314 1962 καλείσθω
352 1911 540 1969 τοῦτο,
593 1908 683 1960 οὐκ
724 1906 1006 1971 ἐπιθυμία,
1050 1910 1268 1958 vertunt
1331 1923 1454 1958 »nos
1492 1906 1717 1978 impellit
1757 1903 2046 1971 animus,'’

60 1996 212 2066 quasi
250 1993 350 2058 ἦξα
389 2011 484 2066 pro
539 1994 743 2059 ἤγαγον
784 1992 892 2047 dici
934 1993 1119 2064 possit.
1202 1992 1441 2048 Emenda
1482 1994 1616 2064 ᾄξιῃε
1669 2011 1826 2067 saepe
1865 1996 2045 2063 ἀΐξαι,

15 2088 23 2115 ¹
57 2082 183 2154 ᾆξαι
219 2090 270 2136 et
311 2081 437 2146 ἄξαι
476 2081 697 2137 confusa
732 2087 876 2135 sunt.

19 2174 22 2179 ’
135 2170 295 2227 Plane
349 2187 511 2225 sensu
552 2186 784 2225 vacuum
837 2176 919 2225 est
974 2169 1116 2241 quod
1168 2169 1369 2242 legitur
1402 2171 1490 2226 IV.
1535 2176 1606 2227 64
1669 2169 1811 2234 οὗτος
1853 2173 1917 2227 ἄν
1957 2194 2044 2239 μοι

15 2231 194 2344 ἐδοκεῖ
227 2292 300 2300 -
342 2264 537 2314 πολλοῦ
593 2281 657 2314 αν
709 2258 851 2323 αξιος
892 2255 1022 2313 εἶναι
1065 2258 1151 2313 και
1209 2259 1393 2314 πόλεσι
1434 2281 1522 2314 και
1565 2262 1739 2330 φίλοις
1783 2281 1868 2315 και
1910 2283 2040 2328 συμ-

14 2338 250 2423 {adzone
291 2349 587 2411 κεκτῆσθαι.
668 2346 866 2401 Videor
902 2345 1036 2400 mihi
1077 2353 1131 2402 et
1180 2347 1354 2419 ipsam
1402 2348 1770 2419 Xenophontis
1817 2366 2041 2405 manum

15 2438 318 2510 reperisse
369 2443 423 2491 et
471 2435 634 2491 simul
682 2435 1019 2508 corruptelae
1073 2437 1353 2508 originem.
1442 2435 1647 2491 -Veram
1710 2438 2039 2509 scripturam

0 2523 306 2603 23facillime
360 2524 554 2580 elicere
600 2525 802 2597 poteris
843 2540 974 2579 usus
1026 2523 1125 2579 hac
1170 2525 1362 2580 incerti
1417 2524 1768 2579 Grammatici
1816 2534 2039 2581 annota-

0 2613 196 2670 '.tione
255 2614 306 2667 in
350 2613 578 2686 Beklkeri
629 2612 828 2668 Aneed.
883 2630 933 2685 p.
970 2616 1115 2678 412,
1161 2617 1216 2669 9.
1289 2613 1499 2676 ’Ἄξιος
1558 2615 1806 2679 λαβεῖν
1863 2616 1886 2669 ὂ
1940 2636 2040 2680 μι-

0 2701 218 2779 ζὶσθόςε
259 2708 410 2757 τοῦτο
450 2707 549 2756 τῶν
589 2703 661 2761 εἷς
702 2699 898 2763 καλλος
950 2701 1279 2767 ἠσκημένων,
1332 2701 1572 2766 σημαίνει
1621 2702 1674 2756 δέ
1714 2723 1764 2758 τι
1812 2703 1999 2758 τοιόνδε
2026 2723 2038 2738 ·

0 2777 195 2861 λ”ἅξιός
247 2793 351 2849 ἐςιν
406 2791 430 2844 ὃ
481 2791 659 2856 μισθὸς
716 2788 814 2847 ὅτε
865 2791 1058 2855 λαβεῖν
1116 2789 1305 2853 αὐτόν,
1359 2789 1434 2847 ἔςι
1484 2790 1535 2844 δὲ
1589 2792 1735 2859 παρα
1790 2793 2037 2860 Κρατίνῳ.

0 2877 245 2935 *deinde
302 2878 582 2934 Homerica
625 2878 888 2949 quaedam
945 2877 1191 2950 exempla
1243 2876 1399 2933 affert
1449 2884 1503 2933 et
1560 2879 1636 2934 sio
1686 2881 1892 2953 pergit:
1949 2881 2038 2936 καὶ

51 2973 327 3038 Σοφοκλῆς
351 2987 363 2999 ·
408 2967 539 3041 (imo
573 2982 700 3021 vero
736 2965 1024 3038 Euripides
1058 2967 1109 3020 in
1159 2965 1340 3022 Medea
1373 2966 1522 3040 519).

353 3056 484 3122 γυνη
523 3056 630 3123 γὰρ
669 3053 949 3120 ὀξύθυμος,
992 3057 1058 3116 ὥς
1098 3056 1142 3110 δ’
1179 3055 1350 3116 αὔτως
1389 3056 1544 3124 ἀνήρ,

352 3147 482 3216 ῥᾴων
520 3143 816 3213 φυλάσσειν
858 3146 886 3208 ἢ
929 3145 1186 3206 σιωπηλὸς
1225 3144 1404 3212 σοφός.

52 3231 77 3287 ὃ
110 3232 164 3287 δὲ
202 3236 347 3294 νοῦς·
388 3237 504 3304 ῥᾷον
543 3231 610 3288 ἄν
648 3254 727 3294 τις
766 3230 1068 3301 φυλάξαιτο
1120 3233 1207 3287 τὸν
1247 3231 1492 3298 ὀξύθυμον
1534 3234 1563 3298 ἢ
1601 3233 1687 3287 τὸν
1741 3233 2036 3299 κρύπτοντα

50 3319 136 3377 διὰ
174 3328 327 3386 σιγῆς
365 3322 459 3383 τὴν
502 3322 672 3388 ὀργήν.
754 3320 1087 3392 Intelligisnc
1132 3321 1235 3375 iam
1289 3320 1418 3391 quid
1472 3320 1760 3392 Xenophon
1806 3322 2038 3391 scripse·-

50 3408 168 3462 rit?
248 3408 453 3480 Nempe
486 3409 938 3481 quemadmodum
980 3410 1232 3463 Cratinus
1278 3407 1419 3472 ἄξιος
1461 3412 1651 3475 λαβεῖν
1688 3410 1710 3462 ὀ
1744 3407 1922 3474 μισθός
1959 3409 2035 3463 di-

53 3502 236 3560 xerat,
275 3498 353 3550 sic
394 3496 680 3570 Xenophon
718 3498 867 3554 dedit
890 3503 1085 3553 πολλοῦ
1110 3497 1250 3561 ἄξιος
1280 3531 1349 3540 --
1374 3497 1461 3551 καὶ
1503 3499 1701 3551 πόλει
1743 3499 1831 3552 καὶ
1862 3499 2036 3568 Φίλοις

52 3583 424 3652 σύμμαχος
466 3590 775 3651 κεκτῆσθαι,
819 3603 1049 3659 quorum
1097 3586 1364 3642 sententia
1405 3593 1519 3640 est:
1561 3586 1648 3639 τὸν
1684 3590 1905 3641 τοιοῦτον
1946 3586 2032 3642 καὶ
