2436 4068
1302 185 1409 236 626

580 338 606 398 ἡ
646 329 1108 394 διαπινομένη
1152 329 1434 387 Καλλίςιον
1474 327 1723 398 οὶνδροὲσι,
1764 331 1942 395 θαῦμα

652 423 738 475 κού
780 418 1002 485 ψευδές,
1044 424 1182 479 νῆςις
1224 423 1360 484 τρεῖς
1400 417 1537 484 χόας
1580 416 1796 480 ἐξέπιεν.
2417 478 2424 483 ,

350 512 599 567 dixerunt
645 508 865 561 Veteres
907 505 1153 559 διαπίνειν
1198 504 1339 578 (vide
1370 504 1721 559 Valckenaer.
1765 503 1832 558 ad
1873 502 2067 560 Herod.
2103 505 2164 560 V.
2213 506 2337 579 18),

349 599 443 655 sed
484 597 572 651 ille
623 609 967 650 communem
1017 591 1266 646 omnibus
1319 592 1620 664 analogiam
1667 599 1888 647 secutus
1925 599 2042 656 est,
2087 611 2213 648 cum
2253 610 2335 648 ae·
2412 620 2419 626 2

349 686 599 761 qualibus
638 682 923 746 omnibus,
977 687 1038 735 ut
1087 680 1293 751 opinor.
1378 680 1466 735 Sic
1523 680 1832 735 Athenaeus
1882 697 1946 735 ex
2001 683 2184 749 ἀριςάν
2233 679 2339 735 sor-

353 775 520 830 mavit
559 772 880 840 διαριςοῖσθαι
921 786 1019 841 pro
1071 770 1142 836 τῷ
1183 769 1367 837 ἀριςοῖν
1408 771 1787 834 διαμιλλᾶσθαι
1830 785 1880 840 p.
1917 772 2025 822 412
2067 769 2126 823 F.
2207 778 2339 823 Δια·

351 862 711 920 πολιτεύεσθαι
753 858 883 930 quid
925 859 1028 920 sit,
1073 873 1241 928 quum
1265 857 1653 928 Harpocration
1688 856 1827 911 male
1859 856 2216 928 explicuerit,
2257 857 2338 910 iu·
2411 900 2415 906 ,

352 959 444 1007 vat
503 949 570 1005 ad
609 949 748 1002 hanc
805 947 981 1001 lucem
1034 945 1230 1000 melius
1272 945 1573 1016 explicare:
1616 945 1948 1016 comparavit
1988 945 2133 999 enim
2190 945 2237 998 is
2285 960 2335 997 v.
2408 983 2409 986 η

354 1038 681 1105 Διαγορεύων
727 1035 1039 1103 διαγορεύειν
1078 1065 1153 1074 -—
1193 1034 1580 1101 συναγορεύειν,
1623 1032 1934 1102 διαφέρομαι
1970 1066 2043 1075 -
2081 1032 2339 1101 συμφέρο·
2407 1031 2409 1053 ³

352 1148 488 1195 μαι,
531 1129 804 1194 διαφωνεῖν
849 1157 919 1166 -
954 1126 1253 1191 συμφωνεῖν
1293 1128 1347 1175 et
1385 1121 1815 1186 διαπολιτεύομαι
1849 1151 1925 1162 ——
1964 1121 2339 1186 συμπολιτεύο-
2407 1130 2414 1166 Γ

350 1236 488 1282 μαι,
545 1230 775 1286 quorum
830 1212 1073 1266 omnium
1124 1209 1349 1264 eandem
1390 1209 1655 1263 rationem
1702 1225 1820 1263 esse
1870 1209 2173 1263 contendit:
2232 1211 2339 1264 δια·
2410 1219 2415 1229 ’

350 1303 568 1372 γορεύων
620 1319 736 1356 esse
775 1300 998 1369 διάφορα
1054 1299 1140 1353 καὶ
1183 1301 1237 1353 οὐ
1292 1298 1363 1352 τα
1415 1298 1558 1352 αὐτοὶ
1611 1297 1820 1362 λέγων,
1873 1299 2056 1369 itaque
2110 1298 2339 1352 διαπολι-

349 1393 568 1458 τεύομαι
610 1407 725 1445 esse
763 1389 988 1457 διάφορα
1029 1388 1116 1442 καὶ
1158 1389 1214 1441 οὐ
1254 1387 1325 1441 τα
1381 1386 1522 1441 αὐτοὶ
1581 1386 1940 1451 πολιτεύομαι.
2021 1386 2199 1440 Attice
2239 1385 2337 1440 hoc
2406 1372 2430 1431 29⁴

350 1480 554 1535 dicitur
593 1485 685 1541 τῆς
726 1477 994 1536 πολιτείας
1035 1476 1090 1529 οὗ
1134 1476 1225 1538 την
1267 1476 1429 1537 αὐτὴν
1469 1475 1755 1542 προαίρεσιν
1808 1473 1949 1542 ἔχειν
1973 1517 1987 1538 ,
2031 1473 2122 1528 sed
2164 1475 2337 1545 gravi·

351 1576 435 1623 ter
482 1565 884 1622 Grammaticus
937 1562 1182 1627 fallitur,
1237 1578 1429 1633 nempe
1475 1564 1518 1617 οἱ
1558 1565 1650 1626 την
1704 1565 1867 1624 αὐτὴν
1923 1570 2015 1625 τῆς
2069 1563 2336 1623 πολιτείας

348 1656 634 1725 προαίρεσιν
671 1654 881 1722 ἔχοντες
919 1651 1180 1707 dicuntur
1213 1651 1663 1706 διαπολιτεύεσθαι
1688 1694 1703 1714 ,
1746 1652 1840 1722 qui
1870 1650 2183 1705 earumdem
2216 1667 2338 1723 par·

346 1745 486 1800 tium
529 1750 656 1797 sunt
711 1744 766 1796 in
813 1758 923 1812 rep.
976 1740 1041 1793 de
1087 1739 1385 1811 principatu
1438 1747 1636 1793 certant
1672 1739 1809 1793 inter
1856 1757 1910 1794 se
1950 1738 2185 1793 aemuli:
2245 1740 2338 1810 qui

348 1832 589 1887 diversas
652 1838 835 1901 partes
892 1834 1196 1900 sequuntur
1256 1825 1516 1881 dicuntur
1573 1828 2075 1882 ἀντιπολιτεύεσθαι.
2171 1826 2338 1881 Multo

346 1922 509 1976 etiam
551 1919 772 1990 gravius
826 1917 1067 1988 peccavit
1107 1916 1427 1969 Ammonius
1467 1914 1534 1969 de
1572 1914 1633 1969 D.
1672 1914 1734 1969 V.
1789 1931 1839 1987 p.
1877 1918 1965 1970 44.
2025 1914 2118 1985 qui
2157 1914 2336 1970 διαπο-

343 2010 638 2065 λιτεύεσθαι
683 2005 789 2059 diei
833 2010 1019 2058 narrat
1070 2004 1186 2064 τοὺς
1239 2004 1296 2057 ἐκ
1335 2010 1428 2065 τῆς
1469 2005 1633 2066 αὐτῆς
1691 2001 1921 2068 πόλεως,
1976 2004 2334 2060 ἀντιπολιτεύ-

345 2100 488 2152 εσθαι
529 2097 581 2151 δὲ
622 2095 739 2154 τοὺς
781 2091 839 2156 ἐξ
879 2092 1093 2159 ἑτέρας,
1142 2090 1284 2162 quod
1340 2106 1503 2162 quam
1558 2088 1714 2144 futile
1763 2096 2131 2145 commentum
2174 2092 2243 2146 sit
2282 2098 2336 2147 et

346 2185 502 2257 plane
554 2181 851 2238 absurdum
907 2179 1282 2250 unusquisque
1335 2177 1498 2232 videt.
1581 2178 1965 2233 Demosthenes
2018 2185 2072 2233 et
2112 2179 2337 2252 Hyperi-

345 2274 472 2338 deS,
515 2278 573 2326 ut
627 2270 728 2323 hoc
770 2275 928 2331 utar,
969 2267 1406 2330 διεπολιτεύοντο,
1458 2265 1691 2321 Phocion
1730 2273 1784 2321 ct
1826 2267 2210 2322 Demosthenes
2250 2269 2336 2322 ἀν-

343 2359 752 2417 τεπολιτεύοντο.
832 2355 970 2408 Hinc
1011 2354 1228 2408 demum
1282 2361 1428 2408 recte
1488 2354 1814 2426 intelligitur
1851 2355 2002 2410 locus
2050 2355 2334 2411 Aeschinis
2430 2337 2436 2401 i

347 2453 402 2505 in
436 2447 669 2518 Ctesiph.
713 2463 762 2517 p.
802 2448 892 2499 81.
934 2443 1226 2512 ἐγράφοντο
1267 2443 1372 2510 γαρ
1413 2443 1677 2505 ἀλλήλους
1717 2444 2028 2511 παρανόμων
2087 2448 2142 2500 οὐ
2183 2445 2332 2511 μόνον

343 2541 386 2596 οἱ
412 2534 885 2600 διαπολιτευόμενοι
919 2532 1066 2587 ἀλλα
1102 2531 1189 2586 καὶ
1232 2533 1275 2587 οἱ
1311 2532 1454 2601 φίλοι
1496 2532 1614 2592 τοὺς
1653 2532 1840 2600 φίλους
1863 2574 1877 2596 ,
1918 2532 2151 2588 aemulos
2188 2534 2332 2588 enim

344 2627 476 2683 dicit
517 2627 572 2680 in
613 2641 764 2695 rep.,
806 2639 911 2676 non
952 2620 1296 2675 adversario&
2417 2620 2432 2683 5

430 2713 609 2770 Redeo
667 2727 813 2765 nunc
870 2709 937 2764 ad
1001 2711 1240 2775 ἀπειλῶ,
1299 2706 1650 2779 quamohrem
1710 2707 1849 2762 hanc
1906 2707 2332 2763 observationem
2422 2678 2431 2836 ἲ

2423 2854 2429 2955 l

2398 1751 2416 1770 Σ.
2402 1646 2434 1738 ῑεκῗρᾼ,
2403 1583 2422 1637 “w'‘

345 2817 770 2859 commemorare
805 2799 1036 2853 institui.
1100 2795 1360 2852 Dicebant
1399 2813 1585 2851 omnes
1621 2803 1934 2851 constanter
1972 2799 2199 2861 ἀπειλῶ,
2241 2795 2332 2851 sed

346 2890 532 2946 eadem
572 2888 875 2943 constantia
916 2903 1102 2941 omnes
1142 2886 1510 2950 διαπειλοῦμαι
1554 2882 1837 2939 dicebant:
1882 2884 2022 2956 quod
2063 2900 2231 2955 quum
2279 2889 2332 2938 et
2405 2918 2407 2923 ·

346 2997 409 3034 ex
451 2977 695 3047 analogia
733 2982 785 3029 et
820 2976 1063 3029 omnium
1108 2990 1208 3028 usu
1248 2974 1612 3027 certissimum
1652 2989 1768 3028 esse
1818 2973 2144 3044 compereris
2185 2979 2334 3026 certa

347 3066 722 3124 emendatione
777 3070 829 3117 et
887 3062 1168 3116 Aeschinis
1221 3061 1399 3116 locum
1440 3068 1492 3116 et
1543 3061 1734 3134 Lysiae
1792 3077 2004 3115 mecum
2059 3059 2330 3114 restitues,

344 3154 635 3210 Aeschinis
669 3151 817 3205 locus
858 3157 941 3205 est
978 3149 1268 3203 mendosus
1323 3150 1378 3203 in
1433 3149 1589 3203 Falsa
1636 3149 1819 3219 Legat.
1869 3151 1897 3219 §
1945 3151 2063 3202 156.
2120 3147 2207 3201 καὶ
2248 3169 2329 3202 τε·

344 3249 626 3302 λευτῶντες
667 3239 988 3307 προσέκρουον
1043 3240 1275 3306 φανερῶς
1319 3239 1368 3291 ἐν
1419 3238 1717 3306 Μακεδονία
1779 3236 1866 3291 καὶ
1928 3236 2329 3298 διηπείλουν
2385 3254 2424 3315 Η

343 3339 482 3393 τοῖς
522 3335 620 3384 τῶν
676 3328 920 3394 Θηβαίων
969 3324 1284 3393 πρέσβεσιν,
1330 3325 1422 3379 ubi
1460 3326 1581 3396 quis
1617 3334 1881 3396 punctum
1926 3325 2183 3397 temporis
2232 3323 2326 3378 du·
2385 3315 2423 3383 {f

346 3418 540 3474 hitabit
581 3418 1061 3479 διηπειλοῦντο
1114 3421 1220 3474 τοῖς
1261 3445 1334 3453 ——
1375 3414 1653 3481 πρέσβεσιν
1706 3411 2007 3484 reponere?
2091 3412 2330 3483 Sequens
2389 3399 2421 3471 ξ,

343 3515 548 3569 ΤΟΙΣ,
591 3511 652 3559 ut
690 3505 894 3577 passim
932 3502 1090 3564 alibi,
1134 3501 1540 3573 praecedentem
1583 3501 1844 3574 syllabam
1894 3510 1993 3555 TO
2044 3500 2326 3572 absorpsit.

346 3596 603 3666 Compara
643 3592 822 3648 locum
864 3609 925 3647 ex
973 3589 1289 3648 Timarchea
1349 3592 1375 3660 §
1423 3594 1512 3647 45.
1573 3588 2230 3656 διαπειλησαμένων
2278 3587 2328 3643 δὲ
