2436 4068
1023 178 1121 228 781

69 329 168 380 51:
225 324 325 384 ἔςιν
377 323 458 379 οὖν
509 323 757 378 ἀδύνατον
796 323 869 388 μὴ
926 324 1015 376 οὐκ
1068 318 1196 375 εἶναι
1237 350 1309 360 -
1342 317 1711 387 ὑπερέλαφρον.
1769 317 2035 384 τεκμήριον

65 414 118 468 δέ
165 414 249 486 [ὥς
288 410 515 480 ἐλαφρόν
552 411 700 483 ‹33th.
742 408 867 464 ὅταν
897 409 1103 476 ἀτρέμα
1142 408 1500 475 διαπορεύηται
1540 406 1696 476 πηδᾷ.
1775 405 2035 476 Expunge

61 501 336 555 inficetum
375 498 636 554 emblema
673 505 727 552 et
763 500 938 552 insere
983 496 1088 564 γάρ
1125 503 1177 551 et
1218 497 1295 550 sie
1346 494 1562 549 habebis
1603 493 1897 548 orationem
1939 493 2036 546 At-

0 638 6 676 ,
66 590 174 644 tico
229 604 376 642 more
424 587 808 656 compositam:
861 586 1126 652 τεκμήριον
1161 584 1250 638 δέ·
1290 581 1414 638 ὅταν
1453 583 1558 651 γὰρ
1605 581 1810 649 ἀτρέμα
1863 582 2034 635 διαπο-

0 695 5 739 ῑ;
65 676 270 743 ρεύηται
323 675 496 744 πηδᾷ,
554 674 711 726 cuius
750 674 947 744 passim
989 680 1043 727 et
1089 671 1230 743 apud
1268 670 1399 725 alios
1439 680 1491 725 et
1538 669 1678 741 apud
1724 668 2038 740 Xenophon·

0 790 5 805 κ
67 770 175 818 tem
215 761 454 833 exempla
490 761 863 832 reperiuntur:
923 767 1130 826 σημεῖον
1172 759 1260 822 δέ,
1315 758 1584 825 μαρτύριον
1633 758 1718 820 δέ,
1771 758 2038 825 τεκμήριον

0 825 5 896 i
62 851 148 915 δέ,
187 857 241 904 et
295 866 402 903 uno
442 847 697 903 vocabulo
753 848 1065 919 interposito
1118 846 1242 914 γάρ.
1336 845 1533 900 Eodem
1589 844 1780 900 mendo
1834 845 2040 900 laborat

0 897 5 971 Ι
66 936 432 1009 Xenophontis
471 936 620 990 locus
661 935 725 990 de
769 935 845 990 Re
878 935 1129 1007 Equestri
1163 935 1229 989 X.
1272 938 1339 988 4:
1393 931 1546 994 οὕτως
1586 932 1651 987 ἂν
1688 933 2036 1002 ἀπεργάζοιτο

66 1033 226 1081 ποιεῖν
277 1027 362 1080 τὸν
401 1022 555 1079 ἵππον
608 1023 823 1091 οἵοισπερ
882 1024 969 1078 καὶ
1011 1024 1167 1084 αὐτὸς
1222 1020 1400 1085 ἥδεταί
1447 1042 1505 1075 τε
1564 1020 1651 1074 καὶ
1709 1020 2035 1086 ἀγάλλεται.

65 1115 348 1181 Τεκμήριον
388 1112 441 1167 δέ
487 1109 587 1184 [ἔτι
627 1113 822 1173 τούτοις
862 1110 1083 1183 η’δεται].
1123 1107 1246 1164 ὅταν
1285 1109 1390 1176 γαρ
1429 1108 1595 1169 λυθεὶς
1646 1108 1728 1177 θέη
1777 1110 1884 1163 κτὲ.
1947 1109 2037 1164 ubi

64 1200 203 1256 male
237 1200 460 1255 feriatus
492 1199 687 1271 aliquis
728 1199 987 1254 emblema
1017 1195 1255 1261 addidit,
1297 1212 1402 1267 quo
1441 1195 1635 1250 omisso
1667 1198 2037 1268 unusquisque

63 1306 128 1345 ex
162 1287 604 1362 praecedentibus
635 1285 711 1342 ὅτι
737 1292 886 1342 τοῦτο
926 1291 1074 1340 ποιῶν
1109 1284 1288 1350 η’δεταί
1327 1305 1385 1338 τε
1415 1283 1501 1338 καὶ
1536 1283 1843 1349 ἀγάλλεται
1867 1284 2037 1338 multo

62 1377 258 1432 melius
294 1375 575 1447 cogitando
615 1373 899 1447 supplebit.
979 1373 1195 1427 Incuria
1229 1370 1477 1426 relictum
1514 1378 1594 1426 est
1627 1372 1714 1428 Vl.
1757 1378 1854 1427 15:
1895 1374 1951 1427 αἱ
1992 1373 2034 1427 δ’

64 1467 161 1520 ὑπὸ
194 1468 368 1533 χαράς
403 1464 490 1518 καὶ
524 1463 703 1529 μένους
743 1483 785 1516 π
798 1465 1064 1530 ροιοῖσιν
1105 1459 1398 1525 ἐξίλλουσαι
1436 1461 1507 1514 τα
1544 1461 1695 1529 ἴχνη,
1738 1460 1830 1515 ubi
1863 1462 2035 1529 προΐα-

64 1575 144 1609 σιν
184 1560 301 1608 erat
342 1551 702 1607 scribendum.
783 1551 950 1622 Turpi
991 1566 1172 1604 errore
1212 1548 1417 1603 scribae
1467 1548 1602 1603 ἴασιν
1642 1559 1695 1604 et
1742 1550 1879 1604 ἱάσιν
1919 1566 2036 1622 per·

57 1644 320 1707 miscent,
372 1641 690 1713 praesertim
742 1639 798 1693 in
843 1638 1188 1710 compositiS,
1244 1636 1536 1708 eodemque
1593 1636 1746 1691 modo
1803 1639 1857 1691 in
1911 1654 2034 1692 con-

58 1732 315 1787 iunctivis
350 1731 578 1785 συνίωσιν
623 1736 674 1783 et
725 1733 987 1789 συνιῶσιν,
1042 1726 1245 1780 ἀνίωσιν
1286 1731 1340 1780 et
1390 1726 1628 1787 ἀνιῶσιν,
1672 1733 1725 1780 et
1766 1725 2033 1781 similibus

58 1819 325 1875 omnibus
382 1817 671 1890 Xenophon
710 1815 952 1871 futurum
977 1815 1208 1883 προΐασιν
1231 1812 1406 1879 dedit,
1444 1820 1503 1869 ut
1538 1814 1593 1868 in
1628 1814 1826 1869 vicinia
1871 1817 1899 1885 §
1935 1819 2038 1870 16:

55 1909 204 1973 δῆλον
241 1908 530 1971 ποιήσουσιν
568 1912 620 1960 et
658 1903 939 1975 ἀφίξονται
980 1911 1033 1958 et
1070 1905 1486 1970 ε’πιδραμοῦνται.

134 1996 284 2052 Idem
324 1994 582 2051 mendum
622 1992 827 2048 obsidet
883 1991 1059 2046 locum
1103 1992 1286 2046 Dionis
1326 1990 1689 2064 Chrysostomi
1743 1989 1887 2047 Orat.
1926 1992 2031 2046 XL.

54 2102 109 2159 p.
160 2090 280 2140 175,
335 2084 551 2139 Reisk.:
604 2084 646 2137 οἱ
686 2083 738 2136 δὲ
778 2081 1042 2148 μύρμηκες
1082 2078 1209 2134 οὕτω
1249 2078 1425 2135 πυκνοὶ
1470 2080 1769 2148 βαδίζοντες
1808 2111 1885 2121 —
1922 2101 2034 2135 πα-

51 2175 112 2244 ρι’
126 2194 235 2228 ασι
280 2174 367 2228 καὶ
422 2172 688 2237 βοηθοῦσιν
741 2171 1027 2233 ἀλλήλοις,
1094 2167 1186 2223 ubi
1225 2167 1401 2222 scribe
1458 2171 1710 2235 παριᾶσι,
1769 2166 1910 2239 quod
1950 2175 2032 2223 est

24 2254 268 2329 ’πάροδον
305 2260 564 2323 διδόασιν,
607 2264 668 2312 ut
709 2258 764 2312 in
804 2257 989 2312 eadem
1032 2274 1092 2311 re
1131 2255 1267 2310 dixit
1307 2272 1355 2327 p.
1395 2259 1532 2310 178:
1572 2257 1615 2310 οἱ
1655 2256 1922 2324 μύρμηκες
1956 2289 2030 2298 -

55 2354 449 2419 παραχωροῦσιν
489 2348 664 2407 αὑτοῖς
704 2346 790 2400 καὶ
834 2350 932 2400 τῶν
970 2346 1088 2400 ὁδῶν
1124 2344 1470 2412 ἐκτρέπονται.

147 2437 355 2494 Accede
394 2435 460 2492 ad
500 2433 737 2489 libellum
778 2434 891 2502 περὶ
941 2436 1196 2498 ἱππικῆς,
1250 2432 1304 2486 in
1362 2449 1467 2503 quo
1510 2431 1709 2502 legitur
1743 2434 1785 2488 Ι.
1833 2438 1890 2487 1;
1945 2433 2033 2487 Σί-

55 2547 164 2595 μων
206 2526 350 2580 κατα
386 2526 445 2580 τὸ
484 2523 794 2578 Ἐλευσίνιον
839 2522 1104 2585 Ἀθήνησιν
1158 2518 1314 2575 ἵππον
1351 2524 1590 2588 χαλκοῦν
1625 2520 1898 2584 ἀνέθηκεν,
1940 2519 2032 2574 sed

60 2612 428 2671 restituendus
465 2617 549 2690 est
600 2628 760 2666 verus
800 2610 1084 2666 verborum
1126 2609 1254 2664 ordo
1294 2610 1348 2663 in
1399 2608 1542 2664 hunc
1597 2606 1848 2663 modum:
1890 2608 2037 2663 κατα

55 2703 116 2759 τὸ
149 2704 415 2766 Ἀθήνησιν
454 2700 780 2755 Ἐλευσίνιον.
860 2699 975 2754 Duo
1010 2699 1154 2753 enim
1199 2703 1352 2753 erant
1389 2698 1443 2751 in
1486 2697 1664 2752 Attica
1701 2697 1995 2751 Ἐλευσίνια
2018 2738 2031 2761 ,

56 2793 118 2846 τὸ
157 2792 251 2857 μὲν
290 2792 578 2853 Ἐλευσῖνι,
616 2789 675 2843 τὸ
710 2788 762 2842 δὲ
800 2789 1063 2851 Ἀθήνησιν
1100 2788 1151 2841 ἐν
1189 2794 1253 2856 τῇ
1295 2787 1492 2857 ἀγορᾷ,
1532 2785 1651 2840 vide
1690 2783 2031 2857 Hipparchic.

58 2877 151 2934 ΙΙΙ.
195 2881 247 2932 2.
326 2875 621 2932 Dicendum
679 2875 846 2947 igitur
884 2882 966 2930 est
1016 2882 1108 2929 aut
1165 2874 1223 2929 τὸ
1263 2875 1527 2938 Ἀθήνησιν
1581 2874 1890 2929 Ἐλευσίνιον
1941 2880 2037 2945 aut

57 2968 117 3023 τὸ
151 2965 459 3020 Ἐλευσίνιον
498 2966 556 3020 τὸ
595 2966 890 3029 Ἀθήνησιν,
931 2962 1022 3018 sed
1061 2960 1189 3017 illud
1227 2969 1306 3017 est
1338 2961 1493 3034 longe
1533 2962 1801 3017 usitatius,
1880 2960 2035 3033 Apud

55 3053 273 3130 Lysiam
331 3054 385 3107 in
442 3051 589 3110 Orat.
631 3052 717 3107 Vl.
762 3057 812 3107 4.
865 3066 990 3106 vera
1048 3050 1204 3106 lectio
1245 3049 1378 3105 mihi
1434 3049 1565 3106 haec
1619 3067 1733 3105 esse
1784 3048 2008 3104 videtur:

60 3144 235 3203 θυσίας
274 3144 408 3197 θύσει
451 3143 537 3197 καὶ
594 3141 762 3210 εὐχὰς
812 3138 1016 3204 εὔξεται
1065 3138 1208 3195 κατὰ
1247 3138 1318 3193 τοὶ
1374 3138 1571 3207 πάτρια
1621 3138 1692 3193 τα
1731 3138 1826 3203 μὲν
1866 3138 1916 3191 ἐν
1956 3138 2026 3205 τῷ

56 3230 227 3286 ἐνθάδε
266 3231 590 3299 Ἐλευσινίῳ,
643 3230 713 3284 τοὶ
764 3230 807 3284 δ’
851 3230 899 3281 ἐν
948 3229 1018 3295 τῷ
1051 3229 1327 3283 Ἐλευσῖνι.
1404 3227 1464 3281 In
1496 3226 1648 3280 libris
1699 3231 1812 3279 est:
1854 3222 2027 3279 ἐνθάδε

58 3319 314 3374 Ἐλευσῖνι
353 3318 426 3372 τα
457 3319 509 3373 δὲ
545 3319 595 3371 ἐν
635 3320 704 3386 τῷ
739 3317 1031 3385 Ἐλευσινίῳ
1061 3318 1188 3384 ἱερῷ.

156 3407 422 3462 Futurum
476 3422 572 3477 pro
628 3405 895 3477 praesenti
952 3402 1344 3460 restituendum
1400 3409 1480 3457 est
1527 3399 1651 3456 ibid.
1708 3400 1761 3453 in
1821 3398 2027 3454 verbis:

1 3521 5 3531 ·
60 3494 190 3558 ὅσοις
238 3495 588 3563 συνετύχομεν
635 3493 809 3550 ταῦτὰ
868 3492 1078 3559 γνόντες
1122 3492 1291 3560 ἐκείνῳ
1338 3493 1426 3546 οῦκ
1474 3490 1498 3543 ἐ
1512 3488 1630 3554 ξαλ
1649 3490 1703 3543 εί
1717 3492 1918 3556 Φομεν
1967 3489 2026 3542 ἐκ

0 3536 5 3639 Ι
63 3589 160 3639 τῶν
196 3583 485 3652 ἡμετέρων,
526 3583 673 3638 ἀλλὰ
721 3583 853 3639 πολὺ
903 3582 1029 3646 ἥδιον
1068 3580 1555 3649 παραδώσομεν
1596 3577 1735 3635 αὐτοὶ
1783 3583 1887 3638 τοῖς
1940 3575 2031 3646 cpi-

0 3682 3 3709 Ι

1 3764 5 3777 ι

0 3800 5 3823 ί
