2436 4068
1066 204 1173 255 589

128 355 299 404 retur.
382 346 513 413 Quis
556 346 726 416 igitur
765 344 904 416 alius
946 347 991 399 is
1025 363 1142 400 esse
1179 346 1353 417 potuit
1394 360 1554 415 quam
1595 343 1775 397 Nicias
1829 340 1916 395 ille
1967 340 2111 395 nobi-

127 435 277 488 litate
326 434 540 505 generis
601 433 806 504 pariter
853 440 905 487 et
947 432 1257 503 ingentibus
1315 431 1519 486 divitiis
1563 432 1704 485 inter
1757 446 1942 483 omnes
1989 445 2111 483 con-

125 522 387 594 spieuus?
451 520 591 587 Quid
632 521 801 590 igitur
839 527 919 574 est
959 519 1368 591 reponendum?
1429 519 1630 590 Nempe
1666 518 1846 573 Νικίου
1886 521 1976 571 τοῦ
2018 525 2111 571 Νι·

120 610 342 676 κηράτον
385 609 626 681 (Memor.
658 607 724 663 11.
754 625 802 663 v.
832 607 914 679 Ξ),
954 623 1091 677 qnae
1126 608 1398 677 scriptura
1437 624 1604 678 quum
1646 608 1698 660 iu
1745 611 1952 682 vetpsto
1974 603 2142 670 libro*

120 697 230 750 situ
271 704 324 751 et
367 695 583 750 madore
625 701 880 764 corrupto
922 695 1006 747 vix
1047 693 1217 747 oculis
1257 702 1604 756 cerneretur,
1649 702 1702 748 et
1746 694 1771 719 *
1810 693 1835 719 '⁶
1874 692 1899 718 *
1937 700 1982 746 H
2027 693 2045 717 ⁴
2087 694 2110 716 ⁴

122 793 274 839 TOT
298 790 507 838 tantum
540 782 684 836 clare
723 790 1055 852 superesset,
1097 781 1264 835 stulta
1307 791 1674 837 correctorum
1712 782 1858 836 natio
1896 779 2112 835 vocabu-

122 870 231 924 lum
267 872 392 925 bene
435 871 688 924 Graecum
728 870 966 940 reperit,
1014 871 1065 922 in
1102 885 1211 940 quo
1249 868 1370 923 illae
1412 870 1682 924 litterulae
1721 873 2058 940 apparerent.

197 959 258 1013 ln
298 974 415 1030 cap.
453 958 541 1012 XI.
586 959 616 1027 §
656 960 708 1011 9.
768 964 1047 1028 receptum
1088 957 1327 1029 oportuit
1367 956 1453 1011 κοοὶ
1491 959 1582 1019 τὴν
1622 958 1770 1011 πόλιν
1810 956 1967 1022 μηδὲν
2011 954 2112 1029 (τὸ)

120 1048 240 1101 κατ’
280 1046 374 1111 ἐμὲ
420 1047 688 1113 χρήμασιν
733 1045 1029 1110 ἀκόσμητον
1078 1042 1247 1108 εἷνοοι,
1306 1044 1587 1099 verissime
1637 1046 1780 1098 enim
1832 1043 2116 1098 Weiskius

121 1133 181 1187 τὸ
222 1133 470 1187 inseruit.
554 1132 759 1186 Vitium
807 1149 911 1186 non
952 1131 1215 1186 dissimile
1256 1133 1310 1184 in
1351 1132 1704 1186 Demosthene
1759 1132 2113 1185 commissum

124 1219 228 1275 l'uit
282 1221 334 1274 in
386 1218 534 1274 Orat.
574 1219 631 1274 L.
682 1224 767 1275 18.
826 1219 915 1274 ubi
971 1220 1161 1288 optimi
1210 1218 1334 1273 libri
1386 1227 1636 1274 serva-nt:
1691 1218 1774 1273 ἵνοι
1821 1219 1980 1285 μηδὲν
2033 1220 2116 1273 ἐλ-

121 1309 369 1369 λείπηται
420 1310 491 1375 τῷ
539 1308 684 1375 δήμῳ
723 1305 787 1362 ὧν
840 1305 1189 1374 προσετάξετε
1238 1310 1358 1361 κατ’
1412 1308 1537 1373 ἐμέ,
1579 1323 1673 1378 pro
1729 1304 1792 1360 ὧν
1830 1305 2115 1373 προσέταξε

122 1397 191 1451 τὸ
239 1399 395 1450 κατ’
442 1394 579 1460 ἐμέ.
661 1394 814 1464 Apud
855 1394 1084 1449 eunden]
1134 1395 1187 1448 in
1238 1393 1388 1450 Orat.
1428 1395 1584 1449 LVII.
1629 1398 1679 1448 2.
1736 1393 2019 1459 συμβαίνει
2062 1394 2116 1448 δέ

119 1503 206 1550 μοι
246 1485 305 1539 τὸ
339 1484 435 1549 μὲν
482 1483 596 1536 καθ’
638 1484 780 1547 ἡμᾶς
812 1483 902 1537 καὶ
945 1483 1004 1536 τὸ
1056 1484 1326 1549 προσήκειν
1373 1503 1458 1548 μοι
1499 1490 1592 1546 τῆς
1636 1483 1834 1542 πόλεως
1883 1484 2112 1550 θοορρεῖν,

122 1569 517 1627 emendandum
557 1577 639 1625 est
673 1570 760 1623 καὶ
804 1571 874 1637 τῷ
916 1571 1181 1637 προσήκειν
1230 1589 1317 1635 μοι
1366 1578 1459 1634 τῆς
1512 1571 1731 1631 πόλεως.
1815 1569 1976 1624 Vides
2006 1586 2118 1635 *cur

121 1661 193 1727 τῷ
234 1660 288 1713 in
335 1658 398 1714 τό
449 1656 659 1712 abierit.

211 1746 271 1801 ln
328 1748 487 1816 §11.
549 1746 856 1801 necessaria
911 1747 1235 1819 praepositio
1291 1745 1493 1801 excidit
1542 1747 1594 1800 in
1650 1745 1858 1801 verbis:
1914 1752 2007 1809 τῆς
2069 1747 2120 1800 δὲ

123 1833 496 1902 χρηματίσεως
536 1834 624 1887 καὶ
665 1836 809 1899 μετὰ
845 1838 1023 1890 ταῦτα
1062 1836 1267 1902 ἀρκέσει
1319 1835 1520 1890 ἀκούειν
1561 1842 1612 1888 et
1649 1835 1727 1889 sic
1769 1833 2119 1888 scribendum

125 1930 239 1978 est:
298 1929 392 1984 τῆς
450 1922 502 1976 δὲ
540 1923 912 1990 χρηματίσεως
957 1922 1110 1996 (πέρι)
1153 1925 1261 1977 κτὲ.
1344 1918 1650 1977 Admonent
1695 1939 1780 1976 me
1828 1920 1967 1976 haec‘
2011 1920 2118 1976 loci

126 2010 367 2081 corrupti
409 2008 552 2081 apud
593 2010 908 2083 Dionysium
959 2010 1129 2065 Halic.
1174 2012 1234 2067 A.
1271 2011 1337 2067 R.
1372 2009 1442 2067 Π.
1487 2014 1576 2064 44.
1633 2008 1724 2064 ubi
1764 2009 1947 2064 editur
1984 2029 2119 2076 συμ-

125 2097 334 2164 βάσεως
389 2098 442 2152 δὲ
483 2097 595 2164 περὶ
649 2103 740 2153 τοῦ
798 2097 1133 2162 διαλέγεσθαι
1174 2130 1249 2139 -
1287 2100 1389 2167 οὐχ
1431 2099 1630 2158 ἑαυτοῖς
1679 2096 1958 2164 ἁρμόττειν
1996 2098 2119 2152 ὑπε-

126 2185 437 2251 λάμβανον,
477 2185 717 2257 optimus
758 2184 934 2241 Codex
978 2186 1274 2240 Vaticanus
1322 2186 1435 2253 περὶ
1474 2186 1532 2239 τὸ
1589 2184 1925 2250 διαλέγεσθαι
1969 2183 2122 2240 exhi-

124 2271 246 2339 bet,
286 2271 379 2327 sed
431 2280 661 2345 utraque
705 2272 864 2328 lectio
899 2290 930 2328 e
970 2272 1113 2327 sutili
1152 2273 1588 2328 correctiunoula
1635 2281 1756 2326 nata
1793 2279 1905 2334 est,
1950 2288 2119 2344 quum

128 2361 183 2416 in
221 2361 461 2433 antiquis
494 2361 648 2416 libris
682 2362 800 2415 sine
840 2359 1070 2415 articulo
1107 2368 1764 2417 ΠΕΡΙΔΙΑΛΕΓΕΣΘΑΙ
1802 2367 1944 2415 esset
1990 2362 2122 2415 scri·

129 2459 311 2521 ptum:
371 2465 563 2522 nempe
614 2449 905 2522 Dionysius
956 2448 1204 2505 dederat:
1260 2448 1578 2516 συμβάσεως
1627 2450 1678 2503 δὲ
1728 2449 1838 2516 πέρι
1881 2449 2121 2514 διαλέγε-

130 2539 246 2592 σθαι
287 2539 395 2591 κτὲ.

205 2627 405 2697 Aperte
443 2627 698 2682 vitiosum
739 2634 822 2681 est
869 2627 1143 2694 ἐπισχύειν
1185 2643 1280 2698 pro
1319 2627 1478 2695 ἰσχὺν
1520 2626 1839 2694 προστιθέναι
1884 2627 2118 2696 positum

133 2714 190 2770 in
234 2716 262 2784 §
308 2718 392 2769 13.
434 2714 521 2769 καὶ
562 2714 748 2783 φίλους
803 2715 1097 2783 ἐπωφελεῖν
1138 2715 1224 2768 κοιὶ
1269 2714 1419 2769 πόλιν
1480 2714 1869 2783 ἐπισχύειν.
1949 2714 2121 2770 Inter·

132 2799 368 2874 polatum
443 2801 622 2857 locum
688 2818 803 2858 esse
868 2801 1114 2873 suspicor
1171 2808 1225 2856 et
1287 2808 1522 2858 veterem
1583 2802 1831 2858 lacunam
1894 2802 2033 2858 male
2090 2821 2122 2858 a

130 2888 295 2945 sciolo
332 2889 616 2961 expletam.

207 2976 270 3031 1n
313 2979 342 3047 5
388 2981 472 3032 16.
531 2994 626 3050 pro
676 2982 1035 3038 νειοποιοῦντες
1082 2977 1480 3034 emendandum
1534 2996 1650 3033 esse
1702 2978 1938 3033 arbitror
1994 2982 2117 3033 νειὸν

134 3076 410 3132 ποιοῦντες.
492 3072 706 3143 Peperit
746 3070 941 3124 vitium
980 3070 1249 3142 scriptura
1288 3076 1444 3126 vetus
1485 3058 2118 3134 ΝΕΙὸΠΟΙΟΥΝΤΕΣ,

135 3160 191 3214 in
231 3175 338 3232 qua
397 3166 612 3215 tenuem
673 3157 920 3212 lineolam
975 3158 1185 3214 scribae
1221 3175 1346 3232 ⁸non
1408 3160 1541 3214 satis
1597 3158 2116 3214 animadverterunt.

138 3245 335 3302 Eadem
370 3247 437 3303 de
475 3263 638 3302 causa
674 3245 1081 3301 confunduntur
1115 3246 1222 3301 ὁδὸν
1277 3254 1436 3302 ποιεῖν
1478 3253 1531 3300 et
1573 3248 1812 3301 ὁδοποιεῖν
1836 3288 1849 3308 ,
1892 3246 2118 3311 πόλεμον

136 3343 298 3391 ποιεῖν
338 3342 393 3390 et
430 3341 822 3400 πολεμοποιεῖν,
863 3333 1074 3407 aliaque
1117 3334 1333 3389 similia.

212 3421 363 3490 Quod
405 3430 524 3494 post.
564 3439 734 3494 pauca
779 3422 978 3494 legitur
1016 3423 1074 3485 ἥν
1112 3444 1169 3477 τε
1210 3423 1402 3491 καρπὸν
1444 3421 1867 3489 προσκομίζοντες
1925 3422 2118 3478 vitium

137 3511 382 3581 concepit
443 3526 673 3582 namque
716 3512 980 3566 sententia
1033 3511 1133 3565 loci
1177 3518 1229 3565 et
1285 3512 1359 3566 rei
1405 3518 1595 3564 natura
1638 3517 1691 3563 et
1735 3507 1946 3562 (licendi
1992 3526 2122 3565 usus

139 3597 533 3663 συγκομίζοντες
581 3601 881 3670 requirunt.
970 3599 1312 3665 Συγκομίζειν
1362 3601 1474 3657 τοὺς
1527 3598 1785 3663 xxm-5:522,
1827 3597 1896 3650 τοὶ
1938 3599 2123 3662 εὑροιῖοι,
