2436 4068
1316 224 1424 274 440

462 371 698 428 Emenda
736 370 908 424 obiter
950 367 1177 439 Lysistr.
1222 382 1298 419 vs.
1336 371 1463 420 851.

687 460 806 525 πρὸς
847 461 943 511 τῶν
984 459 1100 510 θεῶν
1142 476 1224 508 νυν
1266 455 1546 509 ἐκκάλεσόν
1587 475 1670 520 μοι
1712 455 1979 523 Μυρρίνην.

563 559 617 600 Β.
678 547 815 609 ἰδού,
857 544 1100 598 καλέσω
1142 545 1236 607 ’γὼ
1275 543 1528 610 Μυρρίνην
1568 563 1659 597 σοι.
1702 545 1764 598 σὺ
1805 545 1856 598 δὲ
1896 546 1975 605 τίς
2017 541 2089 606 εἷς,

383 653 506 689 nam
547 634 701 688 facile
741 631 891 686 dabis
929 631 1064 685 mihi
1105 631 1237 694 ἰδού,
1277 632 1594 684 ’κκαλέσω
1632 633 1726 695 'yda
1766 649 1951 686 verum
1999 649 2130 686 esse.
2211 630 2361 699 Quod

382 724 606 777 Photius
658 739 722 775 ex
761 720 939 791 aliquo
991 719 1241 773 Atticista
1281 718 1596 790 descripsit:
1655 725 2040 785 Καλοῦμενε
2100 720 2214 774 ἀντὶ
2270 726 2359 774 τοῦ

381 811 803 875 καλέσομεν,
859 806 1196 862 referendum
1240 814 1321 860 est
1362 807 1426 860 ad
1474 807 1744 878 Aristoph.
1805 809 1941 862 Aves
1982 825 2058 861 vs,
2101 810 2227 861 204.
2272 808 2361 861 ubi

382 916 516 970 quas
555 898 742 952 turbas
783 896 909 949 olim
951 896 1190 966 imperiti
1233 895 1478 949 Graeculi
1528 894 1804 961 dederint,
1855 896 1977 950 vide
2017 895 2157 964 apud
2195 896 2364 950 Inter-

383 995 578 1058 preteS.

456 1074 775 1144 Pervulgato
815 1090 996 1128 errore
1036 1072 1297 1126 scribitur
1336 1072 1428 1126 III.
1468 1090 1522 1125 11.
1570 1076 1614 1124 l.
1656 1071 1812 1133 ανέςη
1863 1078 2054 1139 πρῶτον
2101 1073 2196 1137 μὲν
2251 1082 2362 1126 Χει-

378 1164 619 1232 ρίσοφος,
663 1161 755 1215 ubi
795 1167 985 1229 πρῶτος
1029 1160 1450 1215 rescribendum.

455 1249 794 1306 Manifestum
850 1248 1107 1303 mendum
1147 1255 1395 1303 tenemus
1435 1248 1526 1302 ΙΙΙ.
1568 1266 1622 1301 11.
1669 1252 1717 1301 5.
1771 1245 1906 1312 ὅμως
1948 1249 1999 1301 δὲ
2036 1249 2116 1302 δεῖ
2168 1249 2224 1302 ἐκ
2263 1249 2363 1302 τῶν
2433 1273 2436 1279 <

379 1340 640 1408 παρόντων
689 1337 874 1404 ἄνδρας
927 1337 1155 1401 ἀγαθούς
1204 1358 1262 1390 τε
1304 1338 1466 1390 ἐλθεῖν
1520 1336 1606 1390 καὶ
1664 1337 1739 1401 μὴ
1793 1336 2071 1404 ὑφίεσθαι·
2133 1352 2364 1406 namque

380 1428 771 1482 alienissimum
825 1432 906 1479 est
960 1425 1025 1479 ab
1082 1425 1185 1478 loci
1235 1426 1503 1479 sententia
1552 1423 1774 1478 verbum
1829 1425 2024 1488 ἐλθεῖν,
2079 1426 2168 1479 cui
2228 1423 2364 1477 nihil

380 1516 526 1570 aliud
570 1514 826 1569 substitui
876 1519 1050 1583 potest
1092 1530 1254 1584 quam
1294 1511 1422 1566 εἶναι
1465 1530 1527 1566 ex
1580 1520 1835 1583 perpetuo
1877 1519 1930 1566 et
1978 1513 2146 1584 ipsius
2188 1512 2360 1566 Xeno—

380 1603 595 1674 phontis
629 1608 683 1655 et
721 1601 1055 1672 reliquorum
1097 1602 1338 1654 omnium
1373 1617 1494 1655 usu.
1578 1600 1719 1655 Satis
1756 1608 1838 1654 est
1879 1599 2245 1672 exemplorum
2281 1599 2363 1654 vel

383 1693 438 1745 in
480 1693 596 1762 ipsa
650 1688 921 1752 Anabasi‚
981 1696 1042 1742 ut
1081 1689 1256 1742 omnis
1311 1689 1574 1742 dubitatio
1626 1705 1689 1743 ex
1731 1690 1928 1743 animis
1968 1687 2227 1743 elabatur.
2309 1686 2366 1741 Si

382 1782 543 1834 ἐλθεῖν
578 1795 638 1833 ex
664 1777 911 1831 omnibus
951 1777 1105 1831 libris
1143 1776 1456 1839 excidisset,
1496 1777 1866 1848 unusquisque
1897 1776 1963 1831 ad
1998 1779 2227 1848 primam
2260 1782 2366 1829 sta-

379 1871 480 1923 tim
543 1867 824 1921 lectionem
887 1863 1012 1918 εἶναι
1063 1864 1435 1936 supplevisset.
1513 1866 1665 1931 Ἀνὴρ
1715 1866 1916 1929 ἁγαθός
1969 1882 2030 1920 eo
2074 1881 2236 1919 sensu
2285 1863 2370 1917 di-

381 1964 531 2011 ctum
573 1971 697 2008 cum
741 1953 885 2007 nullo
927 1953 1031 2007 alio
1070 1953 1230 2007 verbo
1270 1970 1429 2024 quam
1484 1969 1607 2006 cum
1662 1950 1790 2007 εἶναι
1843 1961 1896 2007 et
1949 1954 2186 2018 γενέσθαι
2242 1969 2367 2007 cona

2427 1878 2436 1902 4,
2431 1859 2433 1863 .

384 2045 665 2115 iungitur,
722 2042 883 2113 idque
938 2041 1147 2096 dicendi
1194 2058 1364 2111 genus
1414 2057 1510 2111 per
1563 2057 1746 2095 omnes
1794 2041 2114 2096 Graecitatis
2163 2047 2366 2096 aetates
2433 2067 2436 2119 j

384 2131 699 2204 permansit.
781 2130 1063 2200 Sequiores
1121 2130 1322 2200 pariter
1364 2135 1416 2182 et
1471 2129 1803 2198 antiquiores
1856 2129 2106 2184 dicebant
2157 2129 2366 2194 γένεσθε

385 2220 560 2288 ἄνδρες
613 2218 840 2283 ἀγαθοί,
897 2224 948 2271 et
996 2219 1120 2284 ἀνὴρ
1172 2219 1369 2281 ἀγαθὸς
1410 2218 1680 2283 γενόμενος
1736 2217 1963 2271 ἀπέθανε
2014 2235 2110 2288 pro
2162 2218 2370 2289 fortiter
2425 2260 2436 2307 ᾧ

383 2326 624 2380 puqnans
677 2305 924 2360 occubuit.
1005 2307 1067 2359 ln
1117 2305 1216 2359 hac
1264 2306 1378 2377 ipsa
1435 2323 1492 2360 re
1546 2305 1703 2377 paulo
1740 2313 1864 2359 ante
1912 2304 2204 2376 Xenophon
2257 2305 2368 2375 ipse
2422 2311 2436 2378 -ῑξ

387 2396 594 2451 dixerat
635 2394 727 2448 III.
770 2411 803 2445 Ι.
847 2397 934 2446 44.
989 2394 1076 2447 καὶ
1127 2397 1266 2458 ἡμᾶς
1320 2396 1401 2448 δεῖ
1433 2426 1508 2434 ——
1548 2394 1736 2454 αὐτούς
1792 2415 1851 2447 τε
1905 2392 2088 2460 ἄνδρας
2138 2394 2366 2457 ἀγαθοὺς
2420 2390 2436 2442 {⁶

388 2482 516 2539 εἶναι
558 2483 646 2537 καὶ
687 2483 804 2542 τοὺς
846 2480 1040 2542 ἄλλους
1081 2489 1424 2548 παρακαλεῖν.
1506 2481 1693 2536 Infelix
1735 2481 2023 2536 admodum
2061 2481 2197 2534 mihi
2246 2483 2368 2552 qui-‘-

387 2574 508 2628 dem
566 2588 682 2626 esse
734 2568 948 2623 videtur
987 2569 1255 2623 ‘Dindorfii
1311 2570 1619 2624 coniectura
1666 2568 1852 2636 ἄνδρας
1908 2569 2137 2634 ἀγαθοὺς
2193 2568 2368 2623 τελέ-

387 2665 538 2725 θειν,
578 2658 716 2730 quod
757 2657 978 2711 verbum
1014 2656 1079 2710 ab
1114 2657 1352 2711 oratione
1393 2657 1759 2729 Xenophontis
1802 2658 2148 2731 (quamquam
2187 2657 2370 2712 Ionica
2415 2715 2419 2727 Δ

390 2749 562 2803 multa
602 2747 795 2801 Atticis
833 2743 1105 2799 vocabulis
1145 2744 1443 2800 admiscere
1496 2746 1668 2809 soliti,
1710 2752 1771 2799 ut
1811 2761 1974 2816 supra
2013 2744 2365 2816 ostendimus)

394 2846 504 2891 tam
543 2836 777 2889 alienum
817 2839 928 2897 est,
968 2839 1030 2886 ut
1069 2832 1203 2886 mihi
1242 2833 1308 2887 ad
1354 2833 1483 2889 haec
1523 2834 1702 2888 veniat
1735 2835 1791 2887 in
1837 2840 2072 2888 mentem
2108 2833 2242 2889 Galli
2278 2832 2369 2886 ho·
2412 2895 2414 2898 y

392 2924 592 2988 miniS‚
647 2924 740 2993 qui
792 2920 988 2976 Gallice
1038 2920 1380 2991 pereruditus
1427 2938 1595 2992 quum
1636 2921 1796 2975 verba
1835 2921 2149 2976 Menandri:
2203 2920 2370 2975 Homo
2434 2915 2436 2943 2

390 3031 507 3066 sum
530 3055 544 3076 ,
600 3010 815 3064 humani
862 3008 996 3061 nihil
1050 3027 1081 3060 a
1120 3026 1206 3062 me
1242 3010 1472 3063 alienum
1504 3018 1690 3080 puta,v
1725 3009 1923 3064 Graece
1966 3009 2124 3064 vellet
2160 3009 2368 3072 dicere,
2397 2992 2435 3088 ἐξ

389 3117 517 3156 cum
553 3097 724 3152 multa
762 3097 1026 3166 gravitate
1065 3095 1229 3151 dixit:
1264 3099 1556 3164 ’Ἄνθρωπος
1595 3098 1754 3152 πέλω.
1836 3098 1982 3165 Quae
2017 3095 2157 3167 apud
2199 3098 2371 3151 Xenos
2403 3091 2436 3170 ’Ἰ

393 3189 648 3263 phontem
694 3185 875 3239 Ionica
919 3190 971 3238 et
1006 3184 1198 3238 Dorica
1244 3192 1572 3248 occurrunt,
1620 3203 1682 3240 ea
1717 3187 1896 3239 omnia
1935 3203 1999 3241 ex
2050 3184 2370 3256 frequentis·

393 3280 531 3332 simo
571 3271 997 3330 commilitonum
1039 3278 1092 3325 et
1128 3271 1391 3327 sodalium
1435 3290 1570 3337 usu,
1626 3273 1700 3327 ita
1739 3273 1818 3327 uti
1876 3272 1964 3337 fit,
2019 3273 2278 3344 paulatim
2315 3279 2370 3327 et
2426 3342 2427 3346 ἵ

394 3368 509 3437 ipse
564 3359 790 3416 subinde
844 3376 1104 3430 usurpare
1155 3360 1364 3431 coepit,
1424 3360 1726 3415 cuiusmodi
1783 3367 1910 3415 sunt
1968 3361 2216 3428 πέπαμαι
2274 3360 2405 3433 pro?

392 3454 687 3516 κέκτημαι,
728 3454 821 3502 aut
857 3448 1068 3513 μαςεύω
1109 3465 1205 3521 pro
1245 3447 1407 3515 ζητῶ,
1447 3454 1541 3502 aut
1575 3449 1746 3508 ἀντίος
1783 3466 1879 3520 pro
1916 3451 2140 3512 ἐναντίος
2179 3457 2232 3505 et
2265 3450 2370 3505 alia
2422 3457 2424 3470 ²

396 3540 601 3604 multa,
644 3554 781 3609 quae
819 3535 1067 3590 omnibus
1119 3542 1272 3591 erant
1311 3535 1511 3607 passim
1562 3537 1616 3590 in
1671 3553 1776 3590 ore.
1859 3536 1962 3592 Sed
2013 3538 2136 3609 quis
2187 3537 2370 3592 credat
2420 3551 2422 3597 J

390 3628 611 3683 τελέθειν
647 3642 742 3697 pro
790 3623 915 3679 εἶναι
963 3631 1074 3679 tam
1111 3625 1300 3678 tritum
1352 3623 1552 3689 fuisse,
1597 3631 1657 3678 ut
1703 3624 1993 3695 Xenophon
2037 3644 2131 3697 pro
2180 3625 2363 3694 ἄνδρας
