2436 4068
991 193 1095 243 41⁸5

63 343 341 399 resecabit.
420 338 619 393 Deinde
675 339 1026 404 μεμνήσεσθαι
1082 352 1178 408 pro
1228 339 1519 402 μεμνῆσθαι
1574 344 1624 390 et
1685 348 1882 407 μεμνῇο
1941 356 2034 411 pro

59 432 263 499 μεμνῷο
300 425 631 482 restituenda
672 442 788 481 esse
829 427 934 479 iam
977 425 1109 478 alias
1148 423 1545 479 admonuimuS.

135 516 456 573 Tralaticius
495 513 765 570 scribendi
805 530 956 567 error
997 515 1050 567 in
1094 517 1123 584 §
1163 517 1214 567 9.
1267 514 1588 568 commissus
1623 513 2036 569 commaculavit

59 605 299 663 Clearchi
334 603 524 659 verba:
564 603 653 657 οἴει
692 601 798 669 γάρ
849 621 947 655 σοι
988 603 1311 667 μαχεῖσθαι,
1353 599 1387 654 ὦ
1429 605 1558 668 Κῦρε
1585 643 1597 665 ,
1641 602 1725 655 τὸν
1760 603 2030 671 ἀδελφόνς

54 696 254 766 Nempe
292 689 670 762 corrigendum
712 697 794 745 est
834 689 920 743 οἴει
960 689 1064 756 γὰρ
1102 689 1195 742 σύ.
1276 689 1384 743 Hoc
1429 690 1606 761 ipsum
1663 690 1808 744 enim
1847 707 2033 746 omnes

55 781 396 853 ambigebant
447 778 680 846 ὁπότερον
737 784 1000 846 μαχεῖται
1054 776 1311 841 βασιλεὺς
1365 778 1393 840 ἢ
1442 778 1516 831 οὔ.
1577 776 1712 831 conf.
1757 780 1800 832 1.
1842 795 1933 835 vu.
1981 785 2028 833 1.

54 872 211 928 ἐδόκει
248 871 354 936 γὰρ
390 866 525 931 ἥξειν
562 867 798 932 βασιλέα
848 865 1213 933 μαχούμενον,
1255 871 1308 918 et
1346 869 1375 936 §
1411 869 1494 919 14.
1550 865 1671 933 ᾤετο
1712 867 1818 934 γὰρ
1864 868 2032 938 ταύτῃ

51 970 118 1031 τῇ
164 958 330 1028 ἡμέρᾳ
367 956 658 1023 μαχεῖσθαι
699 954 969 1021 βασιλέα,
1011 959 1064 1007 et
1104 954 1133 1022 §
1174 956 1256 1006 17.
1297 953 1465 1021 ταύτῃ
1501 955 1597 1017 μὲν
1638 951 1719 1008 οὖν
1758 963 1823 1023 τῇ
1864 956 2030 1026 ἡμέρα

53 1052 141 1104 οὐκ
191 1045 499 1113 ἐμαχέσατο
543 1041 799 1109 βασιλεύς
823 1083 838 1103 ,
890 1048 944 1096 et
980 1038 1008 1104 ἓ
1054 1043 1138 1094 18.
1190 1040 1447 1105 βασιλεὺς
1492 1043 1546 1096 οὐ
1593 1050 1859 1109 μαχεῖται
1906 1045 2031 1099 δέκα

54 1139 278 1203 ἡμερῶν,
318 1141 372 1188 et
417 1132 613 1187 iterum
649 1129 776 1183 ibid.
818 1136 872 1183 et
908 1129 962 1182 in
1009 1127 1038 1195 ἓ
1085 1131 1168 1182 19.
1250 1127 1558 1183 Ridiculum
1602 1137 1746 1184 esset
1781 1133 1853 1199 τῷ
1890 1133 2032 1202 Κύρῳ

56 1225 139 1280 his
175 1222 436 1278 additum.
516 1219 586 1274 Et
622 1219 984 1273 necessarium
1035 1222 1118 1270 est
1166 1218 1229 1272 σύ
1272 1217 1327 1270 in
1383 1215 1626 1271 Clearchi
1677 1216 1884 1284 verbiS,
1938 1222 2031 1292 qui

55 1312 184 1386 quid
239 1313 350 1383 ipse
391 1308 565 1382 Cyrus
607 1307 943 1362 existimaret
1000 1304 1067 1359 ab
1126 1322 1187 1359 eo
1240 1304 1490 1376 cupiebat
1541 1304 1746 1360 audire.
1838 1307 1923 1361 An
1973 1315 2036 1362 tu

51 1410 239 1473 putas,
278 1397 489 1470 inquit,
528 1397 750 1468 fratrem
802 1402 948 1447 tuum
980 1411 1215 1464 puqnam
1256 1411 1365 1447 esse
1413 1393 1847 1449 commissurum?
1927 1395 2030 1450 Ma·

57 1488 248 1543 nirenta
285 1493 367 1541 est
417 1486 569 1555 origo
607 1483 824 1538 erroriS.
904 1480 1124 1536 Scribae
1162 1502 1190 1534 v
1225 1487 1278 1534 et
1316 1501 1358 1534 οι
1398 1481 1623 1553 perinde
1681 1484 2032 1539 commiscere

54 1576 224 1632 solent
270 1582 430 1646 atque
468 1594 523 1628 αι
563 1579 618 1627 et
662 1593 711 1633 ε,
753 1591 795 1625 ει
837 1576 890 1624 et
929 1590 981 1633 ι,
1022 1569 1232 1640 aliaque
1287 1569 1492 1633 multa,
1550 1577 1607 1624 ut
1661 1570 1795 1625 nihil
1834 1571 2034 1627 referat

53 1664 119 1720 ad
159 1679 339 1718 veram
381 1661 579 1733 ubique
631 1660 958 1730 scripturam
999 1657 1428 1729 constituendam
1483 1666 1667 1713 utrum
1707 1682 1735 1714 υ
1773 1676 1839 1714 an
1892 1681 1934 1715 οι
1977 1662 2031 1716 in

53 1751 211 1807 oodd.
252 1751 374 1806 Mss,
416 1750 488 1804 sit
527 1754 822 1803 exaratum.
902 1746 1003 1801 Isti
1035 1747 1187 1812 κοίμη
1229 1746 1473 1800 scribunt
1508 1763 1604 1818 pro
1654 1749 1838 1815 Κύμη,
1877 1751 2034 1806 ⁷2·va-

53 1844 198 1909 δωρος
241 1855 338 1912 pro
376 1838 714 1903 Πτοιόδωρος,
770 1835 963 1900 κοίημα
1012 1851 1107 1906 pro
1146 1835 1362 1900 κύημα,
1407 1835 1662 1904 κοιοφόρος
1702 1854 1800 1909 pro
1849 1840 2032 1908 κυοφό-

50 1951 166 1999 ρος,
205 1928 400 1993 {ymnos
444 1942 540 1998 pro
585 1924 768 1990 ἔγκυος
824 1923 953 1996 (tria
991 1921 1120 1976 haec
1175 1921 1318 1993 apud
1362 1922 1689 1997 Hesychium
1742 1928 1886 1981 κατὰ
1932 1947 2030 1984 σοι·

44 2026 192 2087 χεῑον
259 2017 461 2087 scripta
508 2012 655 2086 sunt)
681 2055 695 2077 ,
754 2018 808 2067 et
865 2010 1352 2081 κοινοφθαλμίζεται
1417 2010 1481 2065 de
1529 2012 1861 2083 impudente,
1919 2016 2027 2071 vid.

52 2105 264 2161 Kuster.
307 2103 371 2158 ad
411 2101 638 2175 Hesych.
676 2101 740 2155 11.
782 2117 831 2171 p.
866 2103 991 2154 582.
1036 2107 1144 2153 not.
1185 2104 1269 2153 15.
1351 2099 1505 2170 Apud
1547 2100 1840 2156 Lucianum
1866 2103 1926 2158 X.
1959 2121 2029 2159 1x.

54 2196 106 2248 2.
148 2210 242 2265 pro
278 2199 524 2257 γυναῖκες
566 2188 861 2256 ἁβρόταται
902 2187 988 2241 καὶ
1044 2187 1225 2253 μύρα
1265 2188 1351 2241 καὶ
1391 2183 1547 2250 οἶνος,
1591 2190 1646 2242 in
1689 2188 1842 2244 bonis
1881 2190 2030 2246 Codi-

48 2281 203 2338 cibus
240 2281 328 2335 καὶ
370 2288 523 2347 μοῖρα
565 2277 779 2348 legitur.
853 2279 1108 2343 ’Ένοιςρον
1143 2275 1284 2346 apud
1326 2275 1652 2349 Hesychium
1693 2292 1788 2348 pro
1828 2280 2030 2348 ἤνυςρον

51 2370 444 2442 scriptumest,
485 2374 539 2422 et
577 2367 856 2433 Ἐριγήροις
883 2380 977 2435 pro
1015 2365 1273 2432 ἐρίγηρυς,
1314 2363 1526 2436 aliaque
1569 2365 1754 2419 multa.
1812 2367 1872 2422 In
1914 2369 2030 2441 ipsa

56 2457 282 2515 Anabasi
324 2457 363 2511 Ι.
405 2473 513 2511 vm.
562 2461 647 2509 11.
701 2452 899 2508 multas
947 2452 1073 2507 olim
1115 2445 1303 2507 turbas
1356 2454 1563 2524 peperit
1617 2454 1801 2511 ἄνυσόν
1843 2455 2030 2529 depra-

49 2554 234 2601 vatum
290 2547 342 2599 in
399 2545 632 2606 ἀνοιςόν,
684 2541 749 2596 ἂν
802 2542 971 2605 οἱς-όν,
1030 2548 1083 2596 et
1135 2540 1256 2596 alia.
1337 2541 1524 2613 Itaque
1577 2543 2030 2614 quemadmodum

52 2634 300 2692 Doricum
340 2634 407 2689 τύ
441 2634 495 2698 in
540 2652 616 2687 τοι
651 2630 802 2684 abire
839 2629 1002 2694 solet,
1047 2630 1125 2684 sic
1168 2632 1230 2684 σύ
1284 2637 1338 2685 et
1385 2632 1464 2685 σοι’
1514 2647 1671 2703 saepe
1716 2641 2030 2703 permutan-

53 2728 160 2778 tur.
236 2721 491 2794 Exempla
526 2734 694 2793 pauca
725 2718 792 2772 de
832 2716 1019 2773 multis
1058 2717 1179 2773 vide
1220 2719 1272 2771 in
1320 2718 1539 2773 Memor.
1580 2718 1645 2774 11.
1687 2737 1743 2775 11.
1791 2724 1879 2777 12.
1938 2722 2028 2778 ubi

0 2853 2 2869 f
49 2809 227 2877 βούλει
265 2830 340 2866 σοι
382 2818 434 2865 et
474 2810 654 2877 βούλει
704 2807 770 2862 σύ
807 2805 1029 2861 confusa
1068 2813 1226 2870 sunt,
1282 2815 1342 2861 ut
1397 2807 1451 2860 in
1497 2806 1767 2879 Aristoph.
1823 2810 2026 2883 Equitt.

49 2913 130 2955 vt.
166 2901 292 2955 344.
333 2904 503 2960 καλῶς
538 2900 595 2963 γ’
635 2896 700 2951 ἂν
732 2893 816 2951 οὖν
850 2915 925 2949 σοι
960 2899 1191 2963 πρᾶγμα
1226 2895 1279 2948 in
1316 2895 1625 2951 Ravennam
1659 2903 1772 2962 est,
1815 2899 1868 2952 in
1912 2916 2028 2956 cae-

53 2986 184 3043 teris
213 2994 310 3042 aut
346 2987 618 3042 omittitur
657 3003 731 3039 σοι
766 2989 861 3038 aut
890 2984 943 3036 in
983 3004 1034 3038 τι
1075 2982 1236 3049 abiit,
1277 2990 1424 3038 recte
1462 3000 1605 3039 nune
1639 2983 1820 3039 editur
1856 2995 2029 3052 καλῶς

0 3095 3 3136 ;
47 3075 107 3141 γ’
137 3076 202 3131 ἂν
233 3073 315 3131 οὖν
363 3077 428 3131 σὺ
464 3078 712 3143 πρᾶγμα.
790 3070 984 3126 Contra
1026 3072 1080 3126 in
1124 3070 1283 3144 Vesp.
1319 3075 1447 3128 678,
1489 3073 1679 3145 optimi
1729 3090 1913 3130 omnes
1958 3078 2022 3132 σὺ

0 3162 3 3210 ἶ
53 3162 132 3226 δ’,
170 3160 234 3218 ὧν
270 3163 453 3232 ἄρχεις
492 3196 567 3205 --
606 3161 763 3221 οὐδεὶς
815 3160 925 3215 οὐδὲ
962 3159 1189 3228 σκορόδου
1245 3162 1485 3231 κεφαλὴν
1523 3167 1630 3222 τοῖς
1677 3162 1911 3229 ἑψητοῖσι
1955 3166 2028 3220 δι’·

0 3250 5 3303 ἱ
49 3248 196 3306 ’now
223 3251 474 3308 exhibent
505 3257 692 3306 eontra
728 3254 961 3303 metrum
1001 3255 1054 3303 et
1093 3255 1279 3304 contra
1321 3250 1643 3304 sententiam
1684 3267 1780 3322 pro
1819 3251 1913 3306 σοὶ
1950 3254 2026 3318 δ’,

0 3363 5 3390 ι
53 3335 118 3394 ὧν
160 3338 356 3407 ἄρχεις.
436 3338 590 3413 Apud
642 3337 891 3392 Photium
945 3337 1087 3391 κατὰ
1134 3345 1354 3404 ςοιχεῖον
1406 3338 1669 3408 scriptum
1724 3347 1804 3394 est
1865 3340 2028 3414 (inter

0 3435 6 3478 Ι
53 3429 324 3489 noeaoeane
364 3434 418 3482 et
453 3427 571 3501 Ποῖ)
612 3427 792 3482 nolam
832 3441 927 3497 pro
964 3425 1161 3490 Πύθιοι,
1195 3433 1249 3480 et
1286 3432 1403 3498 post
1444 3440 1638 3496 pauca:

429 3516 607 3570 Πολὺ
644 3515 688 3568 δ’
725 3511 945 3578 ἀλώπηξ
984 3515 1110 3567 ἀλλ’
1146 3514 1314 3582 ἐχῖνος
1356 3510 1407 3567 ἓν
1448 3513 1595 3578 μέγα
1618 3557 1630 3577 ,

0 3618 6 3665 ι
55 3617 150 3675 pro
188 3602 343 3657 πόλλ’
383 3598 475 3656 on’
513 3601 731 3665 ἀλώπηξ
752 3644 766 3664 .
810 3610 862 3658 et
903 3601 994 3657 ubi
1037 3601 1193 3656 finem
1234 3601 1544 3656 inveniam?
