2436 4068
1353 203 1455 252 252

416 351 574 415 μόνας
618 351 783 403 αὐτῶν
825 354 928 406 τοῖς
964 342 1274 404 δειλοτάτοις
1317 350 1414 399 τῶν
1446 343 1578 410 ζῴων
1612 336 2091 410 ἐοικέναιὶλέγοντες
2134 345 2387 414 ἐκάκιζον,

414 439 666 508 quoniam
724 436 814 504 qui
865 436 942 486 sic
996 433 1198 485 hostem
1259 431 1530 485 lacessunt
1587 432 1840 486 σκώπτειν
1903 435 2079 504 potius
2139 434 2389 489 videntur

415 542 574 596 quam
610 525 866 588 λοιδορεῖν,
909 521 1152 590 suspicor
1190 536 1285 590 pro
1322 518 1554 587 ἐκάκιζον
1588 520 1903 593 Dionysium
1944 523 2222 593 scripsisse
2249 523 2386 576 εἴκα-

411 615 523 681 ζον,
568 611 706 682 quod
748 611 801 662 in
847 607 937 662 tali
975 624 1033 661 re
1083 607 1356 677 proprium
1392 614 1445 663 et
1484 608 1810 678 exquisitum
1851 607 2069 662 verbum
2112 619 2228 674 est,
2284 627 2389 681 quo

411 700 570 755 multi
609 707 813 751 veteres
854 711 1009 765 saepe
1059 696 1135 747 sic
1190 701 1455 760 utuntur,
1507 696 1775 766 imprimis
1815 695 2014 750 Comici
2063 703 2115 750 et
2153 699 2299 752 Plato
2337 706 2391 752 et

410 786 722 856 Xenophon.
802 785 1033 853 Recepto
1086 789 1265 837 aulem
1321 784 1521 851 εἴκαζον
1581 783 1834 837 continuo
1882 783 2092 841 ἐοικέναι
2147 786 2388 850 λέγοντες

408 875 645 929 insiticia
685 889 800 926 esse
839 878 1059 942 apparet
1095 879 1149 925 et
1198 888 1382 926 verum
1433 887 1546 925 esse
1601 878 1705 931 τοῖς
1756 871 2068 933 δειλοτάτοις
2119 880 2217 927 τῶν
2256 874 2387 941 ζῴων

408 963 623 1030 εἴκαζον.
703 961 890 1031 Itaque
939 961 992 1012 in
1042 959 1233 1032 Lysiae
1285 959 1397 1013 loco
1449 958 1632 1013 eadem
1683 960 1890 1013 ratione
1938 960 2215 1014 turbatum
2275 978 2390 1015 esse

408 1053 652 1123 suspicor
690 1056 744 1103 et
784 1048 913 1102 haec
958 1047 1090 1102 mihi
1138 1063 1265 1101 sana
1314 1048 1472 1102 lectio
1512 1063 1627 1101 esse
1673 1046 1911 1103 videtur:
1968 1050 2139 1110 ἐπειδὴ
2180 1048 2388 1117 ταχιςα

407 1141 681 1201 ἐνέπληντο
715 1143 811 1191 τῶν
841 1136 1092 1203 ὑμετέρων
1112 1178 1123 1194 .
1164 1136 1461 1202 ἀλλοτρίους
1494 1142 1586 1197 τῆς
1620 1134 1818 1195 πόλεως
1849 1136 2059 1196 ἑαυτοὺς
2096 1139 2388 1200 ἦγήσαντοε

408 1235 618 1284 caetera
653 1224 914 1296 quomodo
949 1224 1265 1294 irrepserint
1301 1230 1353 1277 et
1394 1222 1616 1277 verbum
1649 1224 1934 1277 ἀπολαύειν
1974 1222 2100 1276 huic
2134 1225 2385 1278 crimina·

410 1317 541 1371 tioni
589 1331 695 1368 non
739 1313 1024 1367 convenire
1076 1311 1229 1366 facile
1283 1309 1623 1380 intelligitur.
1705 1311 1846 1382 Ergo
1885 1327 2050 1382 quum
2091 1313 2386 1377 ἐνεπλήμην

405 1420 626 1477 prorsus
679 1400 1020 1455 obsolevisset
1056 1406 1109 1454 et
1155 1399 1327 1453 solum
1373 1399 1732 1464 ἐμπλησθῆναι
1790 1406 2125 1471 superesset,
2180 1399 2382 1453 factum

404 1500 486 1548 est
526 1498 587 1545 ut
621 1496 776 1543 vetus
816 1487 987 1543 forma
1021 1487 1402 1543 obscuraretur
1435 1493 1489 1541 et
1528 1488 1743 1557 periret.
1823 1488 1960 1543 Ilinc
2002 1488 2055 1541 in
2088 1487 2386 1560 Lysistrata

402 1597 481 1634 VS.
519 1583 645 1633 255.
686 1578 743 1630 in
777 1576 1025 1630 omnibus
1061 1574 1220 1629 Codd.
1262 1574 1488 1645 legitur:

709 1666 751 1719 εἰ
791 1665 844 1718 δὲ
885 1664 1187 1731 παραβαίην
1228 1661 1408 1722 ὕδατος
1447 1664 1720 1732 ἐμπλησθῇ
1761 1662 1929 1726 κύλιξ.

404 1773 500 1828 pro
541 1755 764 1822 ἐμπλῇθ’
794 1755 822 1816 ῆ
851 1751 1005 1815 κύλιξ
1036 1769 1065 1805 a
1095 1751 1338 1805 Dawesio
1377 1751 1689 1805 acutissime
1729 1758 2001 1822 repertum
2021 1792 2035 1815 ‚
2076 1767 2182 1821 qua
2210 1768 2386 1805 emen·

404 1845 618 1898 datione
674 1840 807 1894 nihil
871 1857 986 1894 esse
1043 1845 1216 1910 potest
1283 1837 1600 1892 evidentius,
1694 1839 1984 1910 Antiquam
2060 1840 2383 1910 scripturam

402 1937 1001 1988 ΕΜΠΛΗΙΘΗΚΤΛΙΞ
1045 1928 1427 1981 homunciones
1463 1943 1566 1980 non
1600 1928 1820 1998 capiunt
1860 1935 1911 1981 et
1948 1928 2224 1996 ἐμπλησθῇ
2265 1927 2384 1981 sub-

404 2021 657 2075 stituunt.
719 2016 1023 2071 Articulum
1066 2015 1429 2069 necessarium
1471 2031 1586 2069 esse
1614 2016 1679 2068 in
1720 2014 1924 2078 ἡκύλιξ
1955 2021 2008 2069 et
2047 2031 2142 2086 pro
2166 2015 2384 2069 coniun-

402 2109 546 2162 ctivo
583 2105 879 2177 optativum
932 2104 1136 2175 requiri
1176 2119 1350 2173 neque
1387 2102 1695 2172 intelligunt
1734 2119 1907 2172 neque
1945 2110 2155 2156 curant.
2235 2102 2386 2169 Quod

404 2196 547 2249 idem
594 2193 872 2247 Dawesius
920 2193 975 2245 in
1029 2190 1464 2245 Acharnensibus
1503 2194 1629 2245 256.
1671 2191 1870 2260 reperit
1923 2191 2206 2259 ἐμπλῄμην
2254 2207 2383 2244 con-

405 2283 642 2339 firmavit
695 2282 1017 2343 RavennaS,
1078 2279 1133 2332 in
1193 2295 1297 2348 quo
1357 2277 1555 2332 diserte
1611 2279 1916 2343 ἐμπλήιμην
1970 2279 2232 2348 scriptum
2284 2287 2381 2332 est.

403 2371 688 2439 vulgatam
745 2369 1071 2439 scripturam
1125 2365 1423 2431 ἐμπλείμην
1477 2372 1684 2420 veteres
1742 2367 1989 2436 magistri
2042 2374 2104 2420 ut
2161 2373 2383 2437 possunt

404 2457 698 2514 defendunt
740 2461 1110 2526 comparantes
1152 2454 1495 2509 Homericum
1540 2453 1690 2508 Iliad.
1724 2461 1794 2508 N.
1841 2457 1966 2508 288.

707 2543 848 2611 ε’ίπερ
888 2542 992 2610 γαρ
1033 2564 1090 2596 κε
1129 2544 1279 2607 βλεῖο
1320 2542 1623 2606 πονεύμενος
1666 2542 1719 2603 ήὲ
1758 2542 1990 2603 τυπείης.

405 2634 471 2690 ad
507 2649 667 2704 quem
706 2631 881 2685 locum
922 2630 998 2684 nil
1050 2630 1174 2684 mali
1226 2631 1559 2701 suspicantes
1600 2630 1842 2699 Magistri
1881 2635 2168 2685 annotant:
2210 2629 2286 2686 ἕςι
2327 2631 2380 2684 δὲ

401 2722 670 2777 ἀκόλουθον
699 2728 903 2789 μετοχῆ
943 2727 1007 2788 τῆ
1045 2719 1402 2784 βλέμενος.
1442 2749 1516 2759 --—
1554 2720 1617 2778 ὡς
1654 2716 1735 2772 οὖν
1776 2719 2046 2782 θέμενος
2086 2719 2211 2772 θεῖο
2251 2716 2379 2772 οὕτω

402 2810 714 2877 βλέμενος
766 2810 971 2874 βλεῖο.
1052 2808 1162 2861 Hoc
1207 2823 1332 2861 vero
1384 2813 1466 2860 est
1514 2807 1719 2860 κλώθειν
1767 2806 2091 2871 οὲσύγκλωςα
2150 2813 2205 2860 et
2251 2807 2380 2871 βλέ-

400 2918 551 2965 μενος
600 2913 666 2950 ne
705 2903 782 2950 est
820 2895 1034 2966 quidem
1078 2894 1340 2949 Graecum
1389 2893 1724 2949 vocabulum.
1806 2894 1873 2948 Ut
1927 2895 2251 2958 ἐνεπλήμην,
2291 2894 2380 2959 ἔμ-

404 3000 605 3050 πλησο,
661 2986 980 3051 ἐμπλῄμην,
1033 2985 1329 3048 ἐμπλῆσθαι
1370 2990 1422 3036 et
1472 2985 1802 3048 ἐμπλήμενος
1862 2982 2041 3036 Attica
2089 2989 2248 3044 sunt,
2304 2983 2380 3035 sic

406 3073 687 3129 Homerica
735 3073 1007 3136 ἐβλήμην,
1049 3072 1276 3137 ε’βλῆτο,
1328 3073 1531 3136 βλῆτο,
1592 3071 1820 3134 βλῆσθαι
1871 3077 1924 3123 et
1968 3071 2262 3135 βλήμενος,
2320 3077 2381 3122 ut

404 3164 458 3216 in
503 3162 761 3227 βλήμενος
802 3161 890 3226 ἰῷ,
932 3161 1191 3224 βλήμενος
1234 3160 1287 3221 ἠὲ
1336 3158 1517 3217 τυπείς
1560 3166 1612 3211 et
1651 3160 1870 3228 passim.
1926 3159 2110 3228 Itaque
2158 3157 2380 3227 optativi

405 3253 548 3304 iusta
590 3247 758 3302 forma
803 3254 884 3300 est
937 3249 1179 3315 βλήμην,
1232 3249 1403 3314 βλῆο,
1462 3247 1630 3313 βλῆτο
1677 3252 1730 3299 et
1772 3245 2100 3300 reddendum
2158 3246 2379 3299 Poetae:

405 3338 544 3404 εἴπερ
571 3335 676 3402 γαρ
712 3355 768 3389 κε
801 3335 934 3402 βλῆο
957 3377 968 3397 ,
1012 3335 1150 3405 quod
1188 3334 1391 3388 dudum
1427 3334 1727 3387 Brunckius
1761 3334 1827 3387 ad
1864 3334 2215 3406 Lysistratam
2250 3336 2377 3386 2253.

407 3423 715 3497 praecepit,
757 3424 820 3481 ὥς
857 3422 960 3489 γαρ
1002 3426 1411 3488 ἐμπλήμενος
1463 3424 1766 3487 ἐμπλῆο,
1814 3420 1940 3475 οὕτω
1994 3421 2080 3475 καὶ
2127 3421 2378 3485 βλήμε-

406 3533 498 3572 νος
540 3513 735 3578 βλῆο,
776 3516 837 3563 ut
869 3507 1071 3579 opinor.
1152 3511 1282 3564 Cum
1320 3510 1601 3564 Homerica
1635 3507 1803 3562 forma
1837 3510 1972 3577 βλῆο
2019 3508 2373 3580 comparanda

405 3607 485 3653 est
513 3599 682 3652 forma
704 3597 923 3668 optativi
959 3613 1022 3650 ex
1051 3598 1245 3651 aoristo
1281 3599 1500 3666 ε’φθίμην
1535 3603 1820 3667 propagata
1854 3597 2047 3664 φθίμην
2085 3597 2134 3669 (e
2163 3598 2376 3665 φθιίμην
