2436 4068
1101 186 1208 236 557

137 329 350 403 Lysiam
396 328 580 383 eadem
639 344 799 399 opera
850 329 1122 400 optativus
1172 330 1385 384 restitui
1437 336 1627 401 potest.
1710 330 1862 386 Alter
1919 336 2000 385 est
2056 334 2110 386 in

135 416 282 472 Orat.
324 416 494 470 XXX.
539 420 626 470 20.
684 418 786 485 οὐχ
822 414 920 471 οἷόν
960 439 1021 472 τε
1060 419 1223 473 εἰπεῖν
1261 420 1328 479 ὥς
1378 420 1483 486 οὐχ
1518 419 1677 473 ἱκανοὶ
1732 415 1912 473 εἶναι
1961 439 2112 487 προσ·

133 506 254 566 ἦλθε
295 513 360 572 τῇ
416 504 603 565 πόλει,
658 504 892 559 absurda
937 505 1210 576 scriptura
1255 502 1383 559 εἶναι
1435 513 1561 561 nata
1604 514 1686 562 est
1724 523 1790 562 ex
1831 515 2004 561 EIHA
2058 514 2112 560 et

131 589 527 645 emendandum
586 595 651 653 ὠς
703 594 804 660 οὐχ
858 593 1016 647 ἱκανά
1062 593 1139 654 εἴη
1187 590 1225 647 ἃ
1277 596 1548 660 προσῆλθε.
1630 593 1910 650 Secundus
1964 593 2112 648 loeus

132 678 331 750 legitur
390 678 443 732 in
499 678 645 734 Orat.
693 679 857 734 XXII.
915 685 966 735 5.
1026 679 1338 745 διαβάλλειν
1394 683 1690 751 ἐπεχείρουν
1736 704 1807 749 με
1862 682 2110 748 λέγοντες

128 769 195 828 ὠς
233 768 336 832 ἐγὼ
390 768 642 835 σωτηρίας
686 766 839 822 ἕνεκα
880 773 974 829 τῆς
1012 773 1111 822 τῶν
1158 775 1452 824 σιτοπωλῶν
1494 772 1612 832 τοὺς
1656 770 1848 836 λόγους
1901 772 2109 832 τούτους

127 855 430 920 ἐποιούμην,
486 854 575 909 ubi
611 862 721 909 tam
760 854 854 910 abs
903 871 961 910 re
1008 855 1246 910 alienum
1279 863 1361 911 est
1417 857 1793 929 imperfectum
1832 859 2111 925 ἐποιούμην

127 949 287 1014 atque
326 944 660 998 necessarius
698 950 780 998 est
816 944 1088 1015 optativus
1127 945 1379 1010 ποιοίμην.

200 1029 457 1085 Eiusdem
514 1030 716 1086 formae
755 1030 1004 1087 futurum
1045 1039 1208 1103 atque
1239 1033 1441 1098 μενοίην
1479 1039 1533 1088 et
1580 1034 1734 1101 ἔροίην
1773 1032 2107 1090 reddendum

124 1119 274 1174 Isaeo
329 1126 414 1174 est
459 1121 515 1174 in
566 1118 712 1175 Orat.
747 1119 839 1175 lx.
893 1123 984 1176 24.
1044 1119 1215 1186 λέγων
1270 1119 1347 1176 ὅτι
1393 1122 1520 1182 θεῖος
1565 1121 1642 1183 εἴη
1695 1122 1969 1191 Ἀςυφίλῳ
2015 1124 2103 1178 καὶ

122 1209 482 1277 ἀποφαίνοι
539 1210 786 1272 διαθήκας
833 1209 1017 1263 ἐκεῖνον
1065 1209 1496 1263 καταλελοιπότα
1536 1210 1585 1263 εἴ
1630 1230 1709 1270 τις
1749 1211 1890 1278 αὐτῷ
1942 1211 2106 1265 κοινώ-

122 1318 299 1361 σαιτο,
338 1305 448 1352 tam
487 1296 739 1351 vitiosum
781 1305 863 1350 est
906 1313 1158 1369 praesens
1199 1297 1481 1366 ἀποφαίνοι
1536 1304 1698 1369 atque
1733 1298 1968 1353 aoristus
2006 1319 2104 1353 κοι-

121 1386 352 1440 νώσαιτο.
429 1384 542 1439 Νοιι
580 1384 635 1439 id
681 1387 858 1457 facere
896 1402 952 1439 se
1007 1385 1164 1440 homo
1201 1385 1486 1440 dictitabat
1536 1385 1628 1440 sed
1669 1388 1964 1459 facturum:
2006 1386 2105 1441 ita·

120 1490 227 1545 que
263 1474 559 1542 ἀποφανοίη
611 1473 1018 1529 rescribendum
1054 1481 1173 1539 est,
1231 1491 1338 1546 quo
1390 1473 1532 1530 sacto
1590 1476 1772 1530 statim
1825 1474 2106 1548 apparebit

118 1565 395 1617 κοινώσοιτο
436 1578 623 1616 verum
673 1578 807 1617 esse.
887 1562 1089 1617 Eadem
1132 1579 1292 1635 opera
1337 1562 1650 1618 emendabis
1707 1562 1746 1637 S
1791 1566 1880 1618 25.
1935 1565 2102 1630 ἐπήγ-

116 1651 341 1717 γέλλετο
374 1651 572 1719 περιϊὼν
629 1651 872 1714 διαθήκας
911 1651 1222 1720 ἀποφαίνειν
1260 1651 1386 1713 εἴτις
1436 1653 1576 1720 αὐτῷ
1617 1653 1908 1707 κοινώσαιτο
1931 1693 1947 1714 ,
1992 1652 2101 1707 imo

118 1756 243 1794 vero
290 1741 584 1806 ἀποφανεῖν
623 1745 677 1792 et
716 1741 1010 1794 κοινώσοιτο.
1093 1739 1275 1795 Solent
1322 1739 1529 1794 librarii
1573 1740 1626 1794 ln
1677 1739 1877 1795 talibus
1927 1739 2099 1795 futuri

118 1826 317 1882 formas
364 1834 732 1881 contemerare
771 1834 826 1881 et
869 1830 1097 1883 aoristos
1138 1829 1415 1900 perinepte
1455 1828 1814 1894 substituere,
1857 1835 1931 1883 ut·
1956 1829 2100 1901 apud

117 1914 528 1971 Demosthenem
587 1916 640 1968 in
696 1914 843 1969 Orat.
890 1916 1023 1972 LIX.
1081 1921 1169 1972 58.
1239 1917 1438 1986 ἐπάρας
1496 1918 1548 1972 δὲ
1610 1918 1772 1980 αὐτὴν
1833 1918 1904 1985 τῷ
1955 1917 2100 1987 λόγῳ

114 2006 201 2058 καὶ
255 2006 500 2072 φυσήσας
554 2006 618 2063 ὥς
670 2004 946 2059 κλαύσοιτο
986 2007 1012 2059 0‘
1066 2007 1281 2073 Φρυνίων
1325 2007 1368 2060 εἷ
1428 2003 1687 2074 ἅψαιτο
1740 2007 1934 2068 αὐτῆς,
1973 2006 2098 2077 quis

114 2109 215 2147 non
286 2091 430 2146 videt
477 2090 663 2160 ἅψοιτο
725 2092 966 2164 requiri?
1049 2093 1202 2166 Apud
1264 2094 1650 2166 Antiphontem
1706 2091 1852 2148 Orat.
1899 2092 1958 2147 V.
2002 2098 2091 2149 50.

115 2181 345 2253 pessime
400 2179 608 2235 editur:
664 2181 775 2235 ἐπεὶ
831 2180 919 2235 καὶ
979 2178 1121 2242 οὗτος
1177 2183 1400 2245 ἦπίςατο
1446 2179 1524 2236 ὅτι
1576 2181 1697 2237 τότε
1763 2181 2093 2237 παύσαιτο

110 2269 484 2336 ςρεβλούμενος
532 2268 686 2323 ὁπότε
732 2268 862 2324 εἴποι
916 2269 988 2324 τοὶ
1027 2270 1224 2332 τούτοις
1264 2273 1538 2333 δοκοῦντα,
1594 2270 1726 2324 satis
1766 2278 1975 2324 certum
2013 2280 2094 2325 est

109 2356 488 2428 corrigendum
532 2373 647 2411 esse
686 2358 953 2413 παύσοιτο.
1034 2359 1292 2413 Praemisi
1345 2359 1476 2413 haec
1513 2359 1684 2431 ipsius
1727 2358 2095 2430 Xenophontis

109 2463 303 2510 eausa,
343 2446 436 2516 qui
478 2444 641 2499 simili
694 2446 885 2500 mendo
928 2446 1243 2518 inquinatus
1282 2455 1364 2502 est
1414 2448 1466 2501 in
1515 2445 1716 2502 Hellen.
1754 2448 1843 2501 Ill.
1888 2466 1957 2503 ιν.
2006 2454 2091 2503 15.

111 2533 201 2588 ubi
253 2533 455 2588 editur:
507 2533 807 2599 γιγνώσκων
849 2535 901 2589 δὲ
946 2532 1022 2589 ὅτι
1069 2538 1111 2589 εἰ
1152 2537 1225 2601 μὴ
1267 2537 1476 2590 ἱππικὸν
1536 2537 1707 2590 ἱκανὸν
1756 2537 2089 2599 κτήσαιτο

106 2626 162 2678 οὗ
194 2622 459 2691 δυνήσοιτο,
505 2624 647 2677 κατα
686 2624 758 2677 τά
794 2625 951 2678 πεδία
992 2625 1328 2691 ςρατεύεσθαι
1353 2666 1366 2685 ‚
1420 2624 1510 2678 sed
1562 2623 1716 2678 facile
1768 2625 2094 2696 intelligitur

106 2714 340 2775 κτήσοιτο
385 2727 413 2764 a
473 2710 838 2782 Xenophontis
886 2728 1048 2765 manu
1107 2729 1224 2766 esse
1276 2712 1592 2784 profectum.
1690 2712 1835 2768 Idem
1895 2714 2085 2770 vitium

104 2798 449 2854 manifestum
501 2806 717 2853 tenetur
769 2799 910 2871 apud
974 2799 1380 2855 Demosthenem
1446 2803 1499 2854 in
1568 2800 1711 2856 Orat.
1758 2801 1936 2857 XLIX.
1995 2807 2086 2859 66.

104 2888 182 2946 ἰ’ςε
235 2887 343 2955 γάρ
391 2889 550 2950 δήπου
603 2888 655 2941 ἐν
698 2890 767 2955 τῷ
827 2889 969 2957 δήμῳ
1023 2890 1289 2954 ὀμόσαντα
1343 2889 1430 2943 καὶ
1489 2890 1883 2957 ἐπαρασάμενον
1943 2894 2083 2962 αὐτῷ

101 2974 343 3039 ἐξώλειαν
382 2977 424 3029 εἱ
464 2978 538 3039 μὴ
573 2975 843 3043 γράψαιτο
882 2977 1181 3044 Ἰφικράτην
1215 2976 1421 3040 ξενίας,
1464 2979 1587 3050 quis
1630 2995 1731 3032 non
1777 2979 1916 3034 videt
1954 2980 2084 3048 γρά-

102 3070 249 3131 ψοιτο
301 3082 416 3118 esse
471 3064 879 3135 reponendum?
962 3064 1166 3121 Similis
1222 3067 1480 3119 orationis
1523 3065 1692 3121 forma
1733 3085 1890 3139 saepe
1938 3070 2082 3141 apud

100 3151 232 3206 alios
273 3153 579 3214 invenitur,
636 3153 950 3225 saepissime
1004 3153 1145 3225 apud
1202 3154 1645 3226 Xenophontem,
1698 3155 1862 3210 veluti
1897 3157 1960 3212 ll.
2005 3176 2078 3213 ιιι.

109 3245 192 3294 17.
235 3241 417 3305 ἔλεγεν
458 3243 480 3295 ὁ
523 3242 825 3308 Θηραμένης
857 3239 932 3296 ὅτι
974 3244 1015 3296 εἱ
1051 3245 1127 3308 μή
1165 3264 1243 3304 τις
1286 3243 1537 3304 κοινωνοὺς
1571 3245 1772 3304 ἱκανοὺς
1806 3248 2075 3311 λήψοιτο

99 3333 196 3380 τῶν
235 3329 563 3394 πραγμάτων
599 3330 849 3385 ἀδύνατον
881 3330 1040 3385 ἔσοιτο
1074 3333 1165 3394 τὴν
1206 3333 1522 3400 ὀλιγαρχίαν
1567 3333 1850 3398 διαμένειν,
1891 3340 1944 3386 et
1984 3333 2077 3386 ali-

104 3413 152 3467 bi
196 3416 416 3485 passim.
497 3418 685 3472 Forma
741 3419 959 3485 λήψοιτο
1017 3438 1119 3474 non
1181 3418 1335 3474 facile
1377 3419 1658 3491 depravari
1716 3420 1923 3490 potuit.
1982 3421 2074 3475 sod

99 3504 381 3564 ποιήσοιτο.
422 3507 699 3566 παύσοιτο,
740 3507 1029 3573 πειράσοιτο
1071 3516 1122 3560 et
1165 3509 1284 3561 sim.
1325 3525 1447 3562 raro
1485 3507 1719 3562 evadunt
1759 3509 1874 3562 sine
1917 3508 2071 3564 malo,

121 3591 481 3646 lc:·tituendus
538 3596 736 3663 pariter
794 3597 1062 3667 optativus
1119 3605 1197 3651 est
1244 3597 1331 3651 ΙΙΙ.
1377 3615 1427 3651 ιι.
1494 3601 1574 3650 14.
1626 3597 1832 3657 ἤκουσεν
1884 3598 2071 3666 ὁΔερ·

1740 3691 1780 3718 215
