2436 4068
1326 268 1433 318 426

374 422 450 470 est
498 413 674 467 dativo
724 413 888 465 locus,
969 411 1309 465 Elitninanda
1369 418 1448 465 cst
1490 412 1554 464 11.
1599 429 1644 463 v.
1692 414 1738 462 2.
1794 411 2015 466 molesta
2067 413 2253 467 vocula
2297 415 2349 467 in

372 503 551 557 verbis
589 499 751 562 ἔδοξεν
786 496 866 552 οὖν
906 500 975 565 τῷ
1013 499 1267 567 Κλεάρχῳ
1310 499 1655 563 συγγενέσθαι
1697 500 1767 564 τῷ
1809 501 2154 568 Τισσαφέρνει
2212 501 2345 573 [καὶ]

371 591 523 650 εἵπως
565 589 766 641 δύναιτο
816 590 1018 639 παῦσαι
1070 588 1168 647 τας
1220 588 1483 654 ὑποψίας,
1539 585 1726 656 copula
1767 594 2032 657 expuncta
2080 589 2250 641 oratio
2301 595 2353 642 et

372 678 601 732 colorem
664 674 905 726 Atticum
959 680 1010 726 et
1069 676 1352 729 sanitatem
1416 674 1646 728 habehit.
1737 674 1875 740 Quid
1933 682 2114 728 autem
2171 676 2353 729 tritius

376 781 535 837 quam
579 762 761 825 ε’ίπως,
803 760 1038 823 ε’ἀνπως,
1089 762 1255 823 ἥνπως
1305 763 1359 815 in
1407 762 1641 815 talibus?
1724 761 1888 832 Saepe
1926 763 2058 815 mihi
2101 764 2242 816 inter
2282 762 2353 816 le-

373 852 605 923 gendum
643 850 866 903 subnata
911 849 1146 919 suspicio
1183 857 1264 903 est
1298 849 1518 904 eandem
1573 848 1819 919 loquendi
1873 850 2099 903 sormam
2145 851 2196 903 in
2241 855 2352 919 §4.

373 958 403 994 a
444 938 791 1009 Xenophonte
834 943 1147 1007 usurpatam
1192 954 1332 992 esse:
1395 935 1530 1000 ἔδοξέ
1580 955 1664 1001 μοι
1715 938 1786 997 εἰς
1833 938 2018 1003 λόγους
2069 958 2142 991 σοι
2191 939 2356 992 ἐλθεῖν

372 1028 526 1087 εἵπως
579 1026 860 1090 δυναίμεθα
904 1023 1098 1087 ἐξελεῖν
1135 1027 1380 1088 ἀλλήλων
1431 1027 1524 1087 τὴν
1566 1026 1818 1085 ἀπιςίαν,
1875 1026 2064 1080 deinde
2119 1024 2357 1081 confusis

373 1122 434 1170 ut
473 1115 672 1186 passini
713 1112 866 1173 εἵπως
907 1119 961 1166 et
997 1110 1130 1173 ὅπως
1169 1112 1306 1166 hanc
1360 1113 1641 1166 lectionem
1697 1130 1812 1166 esse
1859 1122 2074 1167 natam:
2135 1111 2269 1172 ὅπως
2310 1114 2351 1166 εἰ

374 1203 655 1268 δυναίμεθα
695 1199 975 1265 ἐξέλοιμεν.

449 1290 637 1345 Nescio
699 1287 1010 1342 inutiliorne
1065 1305 1131 1341 an
1194 1289 1424 1359 ineptior
1478 1288 1549 1340 sit
1602 1289 2048 1342 annotatiuncula
2097 1289 2164 1343 ΙΙ.
2208 1307 2257 1345 v,
2302 1293 2353 1343 9.

375 1379 498 1434 ἄνευ
539 1379 589 1431 δὲ
637 1380 724 1430 σοῦ
768 1379 919 1430 ποῖα-α
954 1377 1048 1441 μὲν
1094 1376 1179 1430 δια
1229 1377 1440 1436 σκότους
1484 1379 1510 1438 ἦ
1557 1376 1662 1437 ὁδός
1712 1376 1868 1447 [οὐδὲν
1906 1377 2010 1444 γαρ
2052 1380 2214 1439 αὐτῆς
2251 1377 2357 1432 ἐπι-

376 1465 606 1537 ςοέμεθα]
635 1506 648 1527 ,
689 1467 795 1524 ποῖς
835 1464 886 1517 δὲ
928 1464 1163 1528 ποταμὸς
1205 1464 1466 1532 δύσπορος.
1549 1464 1645 1518 Cui
1687 1465 1902 1519 tandem
1953 1466 2057 1518 ista
2098 1466 2356 1535 interpre-

374 1556 579 1610 tatione
625 1569 757 1623 opus
810 1569 924 1606 esse
974 1553 1179 1623 potuit,
1232 1569 1368 1622 quae
1427 1553 1726 1607 concitatae
1778 1554 2036 1607 orationis
2094 1554 2354 1623 impetum

376 1640 618 1712 frangit?
662 1656 834 1710 neque
870 1640 1002 1692 satis
1042 1639 1174 1692 hene
1212 1639 1411 1694 Graece
1459 1641 1663 1694 dicitur
1700 1642 1838 1695 οὐδὲν
1876 1649 1968 1702 τῆς
2023 1642 2132 1694 ὁδοῦ
2174 1642 2355 1698 ἐπίςα-

375 1734 507 1787 σθαι.
589 1728 854 1781 Vitiosum
896 1733 978 1781 est
1023 1727 1078 1779 in
1121 1732 1148 1799 §
1185 1730 1269 1781 10.
1312 1730 1751 1794 κατακτείναιμεν
1791 1735 1845 1782 et
1881 1729 2353 1788 κατακτει’ναντες;

375 1818 620 1874 dicebant
667 1817 720 1868 in
756 1816 996 1868 oratione
1030 1814 1262 1886 pedestri
1296 1817 1611 1880 ἀποκτείνω,
1650 1816 1934 1870 ἀπέκτεινα
1972 1823 2026 1870 et
2059 1815 2355 1879 ἀπέκτονα,
2434 1887 2436 1889 ¹

377 1906 572 1980 quihus
627 1901 951 1974 respondent
1007 1919 1102 1973 pro
1163 1904 1389 1974 passivis
1441 1905 1774 1967 ἀποθνήσκω,
1832 1905 2082 1958 ἀπέθανον
2134 1911 2186 1956 et
2243 1904 2358 1958 sine
2423 1898 2427 1900 ’

377 1993 768 2070 praepositione
803 1991 1038 2051 τέθνηκα.
1124 1993 1315 2045 Poetae
1341 1993 1412 2046 τοὶ
1448 1991 1893 2057 κατημαξευμένα
1931 1991 2164 2045 vitantes
2201 1998 2359 2046 utun-

378 2094 468 2140 tur
507 2083 678 2136 forma
717 2079 1039 2133 κατακτείνω
1078 2086 1130 2132 et
1170 2079 1504 2134 κατέκτανον.
1586 2081 1870 2134 Praeterea
1907 2078 2198 2150 Xenophon
2236 2096 2358 2150 per·
2433 2075 2436 2146 j

374 2173 622 2228 lubenter
664 2169 839 2222 utitur
881 2166 1042 2220 verbo
1082 2168 1380 2221 κατακαίνω
1417 2176 1470 2223 ct
1505 2168 1704 2222 aoristo
1743 2167 2059 2231 κατέκανον,
2101 2174 2161 2220 ut
2195 2184 2359 2238 supra

376 2261 631 2316 diximus,
711 2253 966 2310 Eiusdem
1009 2254 1155 2308 verbi
1194 2254 1493 2325 perfectum
1535 2255 1862 2309 κατακέκονα
1898 2259 1953 2309 in
1992 2255 2169 2326 priore
2207 2262 2358 2326 parte

378 2345 741 2420 reponendum
796 2359 912 2397 esse
972 2341 1304 2396 ostendimus
1364 2344 1420 2396 in
1472 2343 1702 2397 Anahasi
1755 2343 1868 2396 V11.
1919 2360 1987 2396 w.
2044 2346 2131 2397 56.
2189 2345 2246 2407 ἢν
2306 2345 2356 2397 δὲ

377 2438 622 2500 ποιήσητε
660 2429 697 2486 οὶ
737 2432 929 2495 λέγετε
972 2431 1044 2503 (id
1095 2438 1202 2484 est:
1257 2432 1314 2494 ἢν
1355 2431 1408 2484 δέ
1449 2452 1518 2496 με
1563 2429 1918 2502 κατακοένητε)
1962 2429 2040 2486 ἴςε
2081 2427 2157 2487 ὅτι
2199 2430 2356 2499 ἄνδρα

375 2520 780 2581 κατακεκονότες
822 2519 1024 2582 ἔσεσθε,
1081 2518 1168 2572 Ubi
1220 2519 1272 2570 in
1323 2519 1542 2590 optimis
1586 2519 1736 2573 libris
1785 2525 1866 2572 est
1904 2519 2356 2582 κατακεκανότες,
2431 2543 2434 2549 ·

376 2629 513 2685 quae
550 2627 653 2664 non
695 2613 777 2662 est
817 2607 1017 2662 Graeca
1077 2606 1264 2659 forma.
1345 2606 1545 2661 Eadem
1587 2613 1668 2661 est
1709 2605 2045 2660 necessitudo
2087 2607 2228 2662 inter
2265 2628 2356 2662 κα-

377 2702 587 2756 τέκανον
628 2704 681 2751 et
719 2695 1046 2750 κατακέκονα
1096 2701 1258 2765 alque
1311 2695 1453 2749 inter
1503 2694 1795 2748 ἀπέκτανον
1846 2701 1900 2748 et
1938 2694 2218 2750 ἀπέκτονα.
2298 2695 2356 2749 Si

377 2789 500 2860 quis
541 2791 720 2838 autem
762 2800 887 2838 cum
926 2783 1025 2837 hoe
1067 2781 1434 2853 Xenophontis
1473 2782 1585 2837 loco
1627 2783 1985 2854 composuerit
2020 2782 2221 2845 alium,
2263 2783 2355 2852 qui

374 2876 575 2946 legitur
609 2872 695 2925 VI.
740 2889 807 2925 vt.
851 2875 938 2925 24.
981 2878 1034 2925 et
1072 2872 1262 2924 vitium
1307 2871 1362 2923 in
1403 2887 1463 2924 eo
1505 2872 1678 2925 inesse
1730 2871 1931 2941 optime
1976 2870 2263 2940 perspiciet
2303 2878 2356 2924 et

378 2962 509 3035 quid
544 2961 615 3014 sit
669 2959 1032 3014 necessarium
1088 2976 1149 3012 ac
1203 2975 1390 3012 verum
1444 2959 1627 3013 eadem
1667 2975 1826 3029 opera
1867 2957 2080 3012 videbit.
2162 2957 2358 3012 Editur

379 3050 550 3117 νόμιζε
587 3048 673 3110 δὲ,
713 3047 802 3101 εὀὶν
841 3048 933 3111 ἐμὲ
974 3050 1058 3099 νῦν
1105 3047 1437 3114 ἀποκτείνῃς,
1480 3047 1540 3100 δι’
1583 3045 1741 3114 ἄνδρα
1783 3046 1943 3100 δειλόν
1983 3067 2041 3099 τε
2082 3045 2169 3099 καὶ
2210 3066 2356 3107 mvn·

376 3142 458 3208 ρὸν
510 3136 670 3202 ἄνδρα
722 3136 920 3198 ἀγαθὸν
972 3134 1300 3188 ἀποκτείνων.
1380 3134 1494 3187 Non
1553 3140 1635 3188 est
1691 3134 1950 3187 Graecum
2012 3133 2183 3201 νόμιζε
2223 3135 2358 3187 ἀπο·
2434 3160 2436 3190 ε

378 3226 622 3287 κτείνων,
663 3221 802 3293 quod
845 3221 981 3276 male
1021 3223 1363 3292 componitur
1404 3239 1527 3276 cum
1571 3222 1667 3276 ἴσθι
1717 3222 1889 3286 μέντοι
1946 3221 2155 3283 ἀνόητος
2205 3223 2265 3276 ὤν
2306 3229 2358 3276 et

375 3316 498 3369 sim.
578 3310 824 3380 Requirit
881 3308 1102 3362 verbum
1163 3309 1344 3376 νομίζω
1401 3309 1758 3372 infinitivum,
1799 3309 2028 3379 requirit
2082 3309 2183 3363 loci
2239 3327 2354 3364 sen·
2430 3357 2436 3370 t

379 3401 547 3457 tentia
587 3397 810 3471 perfecti
850 3396 1112 3450 futurum.
1195 3396 1250 3450 Si
1289 3397 1342 3449 in
1397 3396 1554 3450 Codd.
1612 3396 1801 3456 lacuna
1852 3403 1990 3450 essct
2045 3405 2190 3451 certa
2232 3415 2351 3452 con·

377 3493 583 3544 iectura
643 3485 842 3557 expleri
902 3485 1194 3556 potuisset:
1259 3485 1438 3555 itaque
1497 3485 1690 3554 spretis
1748 3484 2008 3538 librorum
2070 3487 2355 3556 scripturis
2426 3494 2429 3556 ξ

380 3577 513 3632 nihil
554 3573 699 3630 aliud
741 3572 904 3628 scribi
949 3574 1184 3643 potuisse
1226 3578 1369 3642 patet
1402 3588 1592 3642 quam:
1635 3572 1806 3640 νόμιζε
1849 3605 1920 3614 -
1961 3571 2119 3640 ἄνδρα
2157 3574 2358 3638 ἀγαθὸν,

375 3664 760 3723 ἀπεκτονὼς
823 3660 1119 3716 ἔσεσθαι.
1204 3661 1260 3714 ln
1322 3659 1468 3724 1060,
1532 3659 1594 3713 de
1647 3678 1750 3731 quo
1811 3661 1985 3716 dicere
2047 3663 2352 3732 coepiinuS,
