2436 4068
998 235 1099 285 165

62 386 220 453 πεζῆν
251 379 463 449 ςρατιοὶν
499 380 556 432 ἐκ
595 386 688 441 τῆς
728 380 912 440 Ἀσίας
946 381 1019 440 εἰς
1052 381 1145 442 τὴν
1179 379 1423 446 Εὐρώπην
1462 379 1550 431 οὐκ
1589 377 1827 439 ἠθέλησεν
1883 378 2036 442 ἡγού-

62 493 208 541 μενος
234 470 325 531 τὴν
364 467 630 533 διατριβὴν
665 468 838 535 αὐτῷ
878 469 1076 530 πολλὴν
1118 467 1346 522 {aso-00⁶1:
1388 472 1702 536 corruptum
1745 474 1826 519 est
1867 467 2038 534 αὐτῷ,

61 562 150 617 cui
179 555 307 629 quid
340 556 410 609 sit
445 554 881 608 substituendum
917 555 1093 608 dicam
1134 556 1225 609 ubi
1259 555 1412 626 prius
1452 552 1825 624 Aristophanis
1862 553 2037 607 locum

59 646 421 716 adscripsero‚
461 642 517 695 in
558 658 664 713 quo
702 642 858 714 plane
902 642 1087 697 eadem
1128 641 1431 713 corruptela
1477 643 1637 697 inest.
1716 641 1940 713 Legitur
1982 643 2036 696 in

62 734 200 789 Pace
235 749 316 786 vs,
363 734 490 785 685.

355 817 713 885 αποςρέφεται
753 818 839 871 τὸν
878 818 1036 882 δῆμον
1073 818 1372 884 dycaeo-057&
1409 816 1484 872 ὅτι

354 908 494 973 αὐτῷ
535 906 742 972 πονηρὸν
782 906 1042 972 προςοὶτην
1080 905 1446 972 ἐπεγράψατο.

57 997 309 1052 vitiosum
361 1011 478 1050 esse
522 994 663 1061 αὑτῷ
726 992 1074 1048 manifestum
1123 1000 1237 1047 est:
1292 1009 1395 1046 non
1447 991 1550 1047 fert
1588 992 1787 1047 locutio
1825 993 2043 1062 ἐπιγρα-

57 1086 248 1154 ‘peceat
299 1081 561 1150 προςοὶτην
599 1081 831 1135 otiosum
881 1095 1209 1153 pronomen:
1252 1082 1297 1134 si
1337 1081 1460 1152 quis
1504 1079 1766 1148 προςατην
1818 1082 2035 1150 ἐπεγρα·

50 1179 199 1243 apa-to
239 1170 295 1225 id
328 1187 452 1226 eum
488 1170 590 1224 sibi
623 1168 800 1224 facere
835 1186 939 1223 non
979 1168 1136 1222 alleri
1175 1168 1308 1222 satis
1347 1174 1587 1240 apparet.
1666 1168 1853 1239 Itaque
1887 1187 2044 1224 nemo

48 1259 234 1317 addit:
271 1275 339 1313 ne
371 1258 641 1312 Lucianus
680 1257 928 1329 quidem,
969 1257 1059 1312 cui
1098 1254 1433 1311 reddidimus
1471 1257 1524 1309 in
1567 1255 1742 1309 libello
1771 1256 1837 1310 de
1873 1264 2045 1311 morte

55 1346 330 1418 Peregrini
364 1345 599 1400 LXVIII.
642 1350 672 1419 §
709 1351 772 1400 11
831 1347 918 1401 καὶ
975 1343 1236 1414 προςοὶτην
1281 1343 1674 1412 ἐπεγράφοντο·
1733 1344 1876 1410 μετα
1915 1349 2040 1410 γοῦν

54 1436 238 1492 ἱκεῒνον
279 1434 360 1509 ἔτιο
389 1435 597 1501 σέβουσι
640 1435 727 1489 τὸν
760 1433 1014 1502 ἄνθρωπον
1062 1433 1150 1488 τὸν
1187 1433 1239 1485 ἐν
1278 1439 1344 1500 τῇ
1378 1432 1672 1500 Παλαιςίνῃ
1700 1434 2042 1488 ἀνασκολοπι-

56 1523 273 1587 σθέντα,
327 1539 422 1594 pro
469 1522 739 1593 scriptura
786 1521 1069 1575 Codicum:
1126 1519 1214 1573 καὶ
1252 1519 1513 1587 προςατην
1566 1521 1865 1590 ἐπέγραφον
1889 1540 1902 1553 ·
1957 1523 2044 1576 τὸν

54 1610 231 1678 μέγαν
269 1616 395 1676 γοῦν
446 1611 634 1664 ἐκεῖνον
683 1611 793 1664 κτὲ.
874 1607 1013 1676 Quid
1053 1607 1264 1678 igitur?
1328 1607 1478 1675 Quod
1531 1609 1590 1663 in
1642 1611 1841 1664 senarii
1889 1610 2046 1663 initio

56 1698 334 1772 legebatur
385 1705 898 1753 ΤΤΩΠΟΝΗΡΟΝ
949 1695 1088 1751 male
1146 1695 1415 1768 expletum
1470 1704 1551 1752 est
1609 1699 1749 1767 αὐτῷ
1799 1698 2043 1766 πονηρόν,

56 1804 225 1861 quum
265 1787 575 1842 debuissent
606 1785 876 1841 scribere:

432 1873 586 1930 οὕτω
627 1874 832 1942 πονηρὸν
872 1871 1132 1941 προςατην
1172 1873 1537 1942 ἐπεγράψατο.

58 1962 365 2036 Improbum
402 1979 519 2018 esse
557 1962 920 2033 Demagogum
962 1961 1142 2016 dicere
1180 1977 1285 2015 non
1325 1963 1458 2016 satis
1499 1968 1643 2017 erat:
1685 1961 1894 2018 valebat
1934 1964 2040 2019 iam

58 2060 174 2107 tum
214 2051 354 2124 quod
390 2049 532 2123 apud
568 2049 918 2105 Menandrum
960 2058 1072 2104 est:

889 2137 1198 2205 προςαταισι
1233 2138 1482 2206 χρώμεθα

433 2227 516 2281 ἀεὶ
556 2234 817 2294 πονηροῖς,
856 2225 956 2281 κᾶν
991 2247 1070 2289 τις
1110 2226 1304 2294 ἡμέραν
1341 2227 1472 2292 μίαν

430 2317 624 2383 χρηςὸς
662 2315 878 2381 γένηται
917 2315 1044 2370 δέκα
1078 2315 1286 2383 πονηρὸς
1317 2315 1582 2381 γίγνεται.

14 2403 146 2466 ·md
185 2411 385 2458 tantam
434 2402 831 2475 improbitatem
881 2402 1152 2468 bominis,
1205 2403 1295 2458 cui
1338 2402 1640 2475 respublica
1679 2406 2042 2461 committere·

164 2533 180 2557 ‚
235 2490 470 2546 nondum
525 2490 787 2547 viderant.
875 2491 1073 2547 Eodem
1129 2490 1371 2563 exemplo
1425 2492 1478 2545 in
1533 2491 1746 2548 funebri
1800 2495 2042 2549 oratione

184 2578 437 2652 igendum
475 2586 590 2635 est:
633 2581 913 2646 ἡγούμενος
952 2582 1046 2644 τὴν
1086 2581 1353 2648 διατριβὴν
1395 2578 1560 2635 οὕτω
1604 2581 1672 2655 (si
1709 2581 1783 2636 sic
1821 2583 2037 2656 faceret)

122 2670 254 2731 λλῆν
302 2666 525 2733 ἔσεσθαι.
571 2670 777 2723 *TTQ
819 2669 872 2723 in
915 2669 1056 2738 αὐτῷ
1096 2668 1252 2724 facile
1298 2668 1467 2733 abiit,
1508 2669 1635 2741 quia
1680 2690 1695 2724 ι
1738 2670 2037 2726 scribarum

158 2756 283 2811 itrio
328 2755 526 2827 ubique
574 2755 793 2812 additur
827 2756 908 2812 vel
962 2756 1238 2822 demitur,
1293 2763 1355 2812 ut
1394 2773 1550 2812 nemo
1602 2758 1790 2813 nescit.
1870 2758 2040 2814 Notis-

161 2860 192 2900 a
230 2861 291 2900 ea
343 2860 431 2899 res
470 2844 796 2917 insperatam
850 2844 1024 2901 lucem
1066 2844 1253 2902 afferet
1297 2844 1597 2917 fragmento
1652 2847 2042 2920 Aristophaneo

149 2931 369 2988 scholiis
406 2931 474 2987 ad
511 2934 649 2989 Aves
682 2950 757 2988 vs.
795 2937 904 2989 558
943 2932 1144 3003 ὥσπερ
1191 2934 1612 3003 κενεβρείωνε
1649 2935 1722 2992 τὰ
1757 2938 2039 3004 θνησιμαῖα

141 3040 180 3077 α
221 3020 380 3083 οὕτως
420 3021 669 3077 ἐκάλουν·

429 3113 519 3166 οὐκ
555 3111 658 3166 ἔσθ’
698 3106 734 3180 ᾧ
766 3109 1047 3179 κενέβρειον
1084 3107 1211 3167 ὅταν
1247 3110 1389 3182 θύσῃ.

97 3196 416 3254 ·Erotiauus
456 3215 506 3272 p.
541 3203 668 3256 204.
747 3198 1055 3269 Κενέβρειαε
1094 3200 1167 3255 τοὶ
1199 3206 1472 3270 νεκριριαῒα
1506 3199 1629 3270 κρέα
1663 3199 1793 3258 οὕτω
1823 3207 2038 3259 καλοῦν-

128 3305 176 3350 ¹,
210 3288 278 3349 ὦς
320 3287 408 3342 καὶ
454 3286 828 3358 ’Λρις-οφανης·

352 3377 444 3431 οὐκ
476 3376 579 3432 ἔσθ’
618 3375 643 3432 ὃ
682 3376 962 3445 κενέβρειον
1001 3375 1127 3432 ὅταν
1158 3378 1274 3448 δύῃς
1316 3399 1367 3434 τι
1402 3383 1563 3434 καλεῖ
1596 3400 1687 3446 με.

166 3460 276 3518 ’tur
323 3463 426 3519 ἔσθ’
467 3462 503 3533 ᾧ
546 3466 600 3520 in
653 3465 870 3538 optimis
927 3463 1103 3522 libris:
1152 3465 1267 3524 ἔςαι
1312 3468 1493 3523 nescio
1544 3467 1701 3522 cuius
1752 3465 2037 3522 temeraria

37 3525 482 3608 -.·bon·ectiuncnla
524 3554 578 3608 in
621 3553 866 3609 Aldinam
920 3554 1171 3627 irrepsit,
1224 3555 1365 3629 quod
1418 3554 1647 3628 arripuit
1696 3553 2036 3618 Dindorfius‚

51 3628 296 3708 inobavit
338 3640 632 3713 BergkiuS‚
673 3643 764 3712 qui
806 3642 1005 3699 edidit:

0 3723 5 3769 V
