2436 4068
1293 285 1397 335 126

350 432 667 499 σιπτολέμου
722 431 1012 497 άνάγνωσιν
1066 429 1409 494 ποιησαμένου
1463 433 1558 482 τῶν
1602 429 1788 496 ἱςοριῶν
1830 427 1880 483 ἒν
1919 428 2003 493 αἷς
2044 431 2342 498 ἐγέγραπτο

348 523 414 582 ὥς
452 520 706 581 Σέλευκος
759 517 1106 587 ἐπηλφίτισε,
1160 516 1379 585 γράψας
1429 517 1606 583 δρᾶμα
1645 517 2080 585 Μνησιπτόλεμον
2121 520 2207 574 καὶ
2251 540 2342 574 κω·-

346 609 521 678 μῳδῶν
563 608 719 664 αὐτὸν
759 606 846 660 καὶ
890 605 1002 672 περὶ
1044 612 1139 668 τῆς
1180 605 1375 668 πόσεως
1429 610 1548 665 ταῖς
1599 603 1786 659 ἐκείνου
1837 606 2096 673 χρώμενος
2145 613 2343 676 φωναῖς

347 696 551 757 ἐποίησε
592 695 851 760 λέγοντα·
900 695 1030 747 Ἐπ’
1070 693 1361 763 άλφίτου
1411 693 1692 748 πίνοντα
1732 693 1841 747 κτὲ.
1920 693 2137 748 Inducit
2177 694 2346 749 homi-

347 799 472 837 nem
526 783 640 837 suis
686 782 857 853 ipsius
905 781 1084 835 verbis
1133 781 1511 852 ineptientem:
1565 797 1692 835 nam
1740 786 1860 841 ταῖς
1908 781 2095 836 ἐκείνου
2143 787 2343 852 φωναῖς

344 872 605 939 χρώμενος
642 869 707 923 de
740 869 1131 940 Mnesiptolemi
1166 869 1406 942 oratione
1440 868 1577 933 dici,
1618 885 1722 922 non
1760 866 1826 922 de
1860 867 2099 934 Seleuci,
2140 877 2200 924 ut
2233 870 2344 942 opi-

346 965 510 1012 natur
549 956 876 1021 MeinekiuS,
917 956 1263 1028 perspicuum
1304 962 1402 1011 est.
1483 955 1624 1023 Quid
1663 956 1834 1027 igitur
1874 956 2090 1028 ineptus
2130 957 2342 1012 histori-

345 1062 444 1100 cus
484 1045 724 1100 dixerat?
765 1047 830 1106 ὥς
869 1044 1122 1105 Σέλευκος
1164 1045 1513 1114 ἒπηλφίτισε,
1555 1042 1646 1098 sed
1682 1060 1785 1097 non
1825 1050 1906 1098 est
1944 1043 2044 1098 hoc
2079 1045 2343 1100 Graecum

345 1132 665 1188 vocabulum
706 1133 1104 1203 ἕπαλφιτίζειν.
1145 1133 1329 1204 itaque
1370 1131 1433 1184 H.
1481 1130 1751 1202 Stephano
1805 1131 2070 1186 assentior
2119 1133 2343 1202 ἐπηλφί-

345 1243 479 1276 τωσε
520 1221 829 1293 reponenti,
870 1220 1014 1292 quod
1064 1219 1248 1275 eodem
1289 1218 1531 1291 exemplo
1579 1218 1786 1274 dictum
1827 1225 1883 1274 et
1922 1218 2212 1274 formatum
2262 1227 2344 1275 est

350 1317 512 1382 atque
547 1310 603 1363 in
645 1307 890 1363 Nubibus
931 1309 1059 1363 669.

727 1396 1060 1464 διαλφιτώσω
1105 1415 1179 1449 σοι
1221 1393 1393 1463 κύκλῳ
1427 1395 1519 1456 την
1560 1393 1824 1464 κάρδοπον.

350 1485 460 1539 Hoc
501 1486 677 1557 ipsum
722 1484 893 1554 igitur
931 1482 1054 1537 risit
1087 1482 1338 1537 Comicus
1378 1489 1429 1537 et
1471 1481 1637 1537 dixit:

654 1573 1055 1640 έπαλφιτοῢντα
1096 1575 1184 1626 τοῦ
1226 1571 1387 1638 θέρους
1431 1572 1555 1625 ποτέ
1604 1570 1614 1642 Ι
1655 1571 1766 1626 ἰδὼν
1807 1571 2077 1625 Σέλευκον.

350 1666 537 1731 estque
577 1660 907 1729 ε’παλφιτοῦν
940 1658 1020 1725 id,
1058 1657 1200 1730 quod
1229 1658 1538 1714 Athenaeus
1567 1658 1746 1724 docet,
1780 1658 1995 1729 ἄλφιτα
2030 1659 2343 1726 ἐπιβάλλειν

349 1750 419 1817 τῷ
455 1747 581 1815 οἴνῳ.

427 1833 776 1889 Phoenicides
817 1833 960 1907 apud
999 1833 1329 1908 Hesychium
1369 1851 1415 1888 v.
1456 1834 1693 1890 Δύνασαι
1736 1838 1934 1890 σιωπᾶν
1976 1835 2178 1890 dicitur
2216 1837 2344 1889 άπο-

350 1929 556 1992 σκῶψαι
596 1922 909 1990 βουλόμενος
949 1922 1042 1985 τὴν
1082 1922 1413 1989 σιωπωμένην
1454 1922 1735 1989 ὁμολογίαν
1775 1923 1889 1992 περὶ
1930 1927 2028 1977 τῶν
2064 1923 2344 1980 διαλύσεων

347 2010 647 2077 Ἀντιγόνου
687 2003 775 2065 καὶ
817 2011 1009 2078 Πύρρου
1050 2009 1146 2064 hos
1189 2011 1427 2065 senarios
1467 2010 1680 2065 fecisse:

655 2098 893 2154 Δύνασαι
935 2102 1167 2163 σιωπάν;
1208 2109 1264 2152 Β.
1305 2098 1401 2171 ὥςε
1441 2100 1558 2161 τοὺς
1600 2099 1699 2160 τας
1742 2099 2002 2160 διαλύσεις

655 2186 1037 2253 συντιθεμένους
1078 2187 1387 2255 κεκραγέναι
1428 2189 1604 2242 δοκεῖν.

353 2274 661 2330 Secundum
717 2275 990 2329 senarium
1041 2290 1147 2328 non
1195 2291 1303 2328 uno
1350 2274 1506 2328 modo
1542 2274 1839 2329 Meinekius
1878 2274 2080 2329 sarcire
2120 2280 2344 2329 conatus

353 2371 463 2428 est,
503 2361 661 2417 modo
709 2361 1018 2430 κεκραγέναι
1074 2365 1234 2417 πᾶσιν
1279 2364 1439 2417 δοκεῖν
1490 2361 1773 2434 supplenS,
1828 2362 1985 2416 modo
2036 2362 2342 2429 κεκραγέναι

350 2453 510 2505 δοκεῖν
549 2448 736 2517 μέγα,
779 2455 1010 2521 utroque
1049 2449 1205 2504 modo
1241 2451 1562 2506 suavitatem
1603 2449 1734 2504 dicti
1775 2438 2043 2527 minuens.
2126 2449 2344 2523 Supple-

349 2539 550 2594 verim:

656 2624 1037 2693 συντιθεμένους
1079 2626 1286 2687 τούτους
1327 2627 1636 2694 κεκραγέναι
1677 2627 1854 2681 δοκεῖν.

427 2712 489 2767 In
541 2711 781 2768 eiusdem
835 2713 1105 2786 perfaceto
1154 2713 1455 2785 fragmento
1505 2713 1646 2786 apud
1699 2713 1844 2769 Stoh.
1896 2713 2076 2768 Floril.
2121 2713 2209 2769 VI.
2254 2717 2342 2768 30.

346 2794 610 2857 'mendum
650 2800 826 2855 haesit
865 2801 922 2855 in
962 2798 1072 2857 his:

654 2888 794 2954 οὐδὲν
834 2889 992 2945 ἐδίδου
1030 2890 1168 2959 γάρ.
1210 2890 1258 2945 εἴ
1295 2891 1430 2960 τιδῗ
1471 2891 1737 2957 αἰτοίμην,
1778 2889 1908 2959 ἔφη,

655 2978 746 3031 οὐκ
784 2977 982 3041 ἀγαθὸν
1022 2976 1149 3033 εἶναι
1190 2980 1478 3047 τάργύριον.

354 3063 601 3136 queritur
634 3059 981 3119 meretricula
1011 3065 1076 3120 de
1105 3065 1417 3139 philosopho
1449 3081 1634 3121 avaro:
1677 3066 1886 3136 corrige
1919 3066 2088 3137 igitur
2121 3064 2342 3128 αἰτοίην,

356 3169 480 3208 nam
510 3150 674 3206 αἰτεῖν
706 3152 751 3205 si
782 3152 910 3223 quid
940 3152 1086 3208 aliud
1119 3156 1490 3210 meretricium
1521 3160 1628 3219 est,
1663 3171 1769 3208 non
1803 3156 2076 3209 αἰτεῖσθαί.
2131 3153 2342 3208 Menan-

356 3241 452 3297 der
489 3238 631 3313 apud
670 3238 943 3294 Plutarch.
982 3240 1047 3295 de
1087 3242 1209 3297 aud.
1248 3250 1386 3315 poet.
1431 3260 1480 3314 p.
1523 3246 1609 3297 19.
1653 3243 1714 3297 A.

735 3327 843 3392 ἐμοὶ
886 3328 980 3392 μὲν
1016 3327 1097 3384 οὖν
1138 3329 1277 3386 άειδε
1312 3330 1578 3394 τοιαύτην,
1619 3330 1734 3393 θεά,

733 3415 1039 3478 άδικοῦσαν,
1084 3419 1486 3482 ἀποκλείουσαν,
1529 3420 1774 3471 αἰτοῦσαν
1817 3416 2012 3480 πυκνά,

355 3511 408 3560 et
443 3502 564 3576 quis
601 3517 705 3556 non
745 3501 1120 3558 Comicorum?

431 3591 582 3659 Quod
623 3590 940 3663 Posidippus
980 3591 1115 3648 dixit
1150 3591 1213 3647 de
1248 3593 1461 3666 Phryne
1496 3594 1549 3646 in
1586 3593 1778 3666 capitis
1810 3593 2072 3647 iudicium
2111 3588 2340 3646 adducta

354 3679 494 3751 apud
535 3678 725 3736 Athen.
772 3683 896 3735 591.
934 3678 987 3735 G.
