2436 4068
1011 228 1115 278 477

59 377 350 444 χρήματα,
394 372 561 426 miror
602 370 866 442 quomodo
917 388 1017 425 nou
1054 372 1294 425 oninium
1331 386 1596 424 consensu
1632 369 1911 442 probatum
1970 370 2041 423 sit

61 460 475 530 προανηλωκότες
512 461 809 527 χρήματα,
869 459 1007 531 quod
1059 459 1191 513 mihi
1248 458 1462 530 quidem
1505 458 1676 512 solum
1721 458 1796 511 rei
1852 473 2036 510 conve·

61 551 177 604 nire
229 548 458 602 videtur.
547 548 947 613 Προαναλίσκειν
999 548 1143 601 enim
1183 548 1229 601 is
1280 546 1516 612 dicitur,
1568 547 1658 618 qui
1697 547 1771 600 ita
1826 550 2040 598 sumtus

61 636 250 692 fecerit
289 644 342 690 et
374 635 675 704 erogaverit
722 634 788 689 de
823 653 955 699 suo,
998 641 1056 688 ut
1096 651 1187 688 eos
1227 651 1477 688 nummos
1512 642 1689 706 postea
1722 650 1845 688 cum
1888 632 2039 685 lucro

59 725 301 795 recipiat.
397 722 507 775 Hac
556 722 670 792 ipsa
724 739 816 792 spe
875 721 1092 775 allectos
1151 720 1303 775 facile
1363 712 1717 793 intelligimus
1757 719 2040 775 nonnullos

59 813 317 881 χρήματα
356 810 763 877 προανηλωκέναι
808 826 973 880 quum
1026 808 1092 862 ad
1141 807 1340 881 Cyrum
1384 809 1892 880 proficiscerentur,
1949 806 2042 861 sed

60 915 217 954 nemo
256 897 439 953 credet
470 898 774 969 quempiam
814 897 1171 959 Graecorum,
1213 902 1272 949 ut
1304 912 1428 950 cum
1466 897 1603 971 Cyro
1634 898 1924 961 militaret,
1965 899 2038 968 se·

59 989 189 1043 cisse
227 988 305 1041 rei
344 985 624 1040 familiaris
658 985 930 1039 iacturam.

133 1075 195 1129 ln
236 1079 266 1147 §
305 1078 356 1129 9.
413 1074 587 1137 ἐπειδὴ
627 1074 680 1127 δὲ
720 1074 926 1139 ὑςέρα
973 1071 1139 1139 ἡμέρα
1179 1072 1384 1137 ἐγένετο
1425 1081 1519 1136 τῆς
1559 1074 1630 1133 εἷς
1671 1075 1862 1128 ταύτὸν
1904 1071 2045 1127 συνό-

61 1164 182 1226 δου,
219 1160 613 1216 emendandum
649 1178 766 1216 esse
808 1177 996 1215 censeo
1035 1160 1148 1214 ἐπεὶ
1189 1161 1240 1214 δὲ
1280 1161 1567 1224 δευτέρα
1609 1161 1773 1229 ήμὲρα
1809 1161 2045 1226 ἐγένετο,

7 1246 9 1249 ’
62 1250 316 1323 quoniam
352 1251 432 1303 sic
471 1249 690 1305 Graecis
740 1245 824 1303 est
864 1254 1181 1303 consuetum
1225 1247 1433 1311 dicere,
1475 1249 1568 1319 qui
1617 1265 1914 1320 numquam
1956 1249 2047 1310 τὴν

0 1325 14 1371 '⁵·
62 1338 243 1405 ὖςέραν
283 1338 479 1405 ἡμέραν
525 1353 698 1408 neque
731 1339 823 1400 τὴν
863 1336 1110 1404 προτέραν
1151 1336 1342 1405 ἡμέραν
1393 1335 1671 1401 dicebant,
1721 1335 1813 1391 sed
1853 1335 2051 1390 omisso

64 1426 281 1481 nomine
317 1426 411 1487 τὴν
452 1426 691 1492 ὑςεραίαν
732 1435 782 1479 et
820 1425 913 1487 τὴν
953 1425 1274 1493 προτεραίαν.

138 1513 262 1569 lure
301 1513 575 1568 Dindorfio
616 1514 670 1567 in
713 1512 801 1566 VI.
838 1530 906 1566 ιν.
940 1516 991 1567 9.
1035 1515 1089 1567 in
1126 1513 1336 1568 verbis:
1378 1514 1552 1575 ἐπειδὴ
1592 1513 1664 1568 τα
1700 1512 1811 1580 ἱεροὶ
1853 1511 2069 1584 [καλοὶ]-

67 1602 272 1669 ἐγένετο
314 1601 557 1655 additum
603 1600 748 1656 καλά
791 1609 1081 1673 suspectum
1122 1618 1240 1656 esse
1282 1600 1580 1655 videbatur.
1659 1600 1773 1655 Non
1814 1609 1896 1655 est
1934 1616 2054 1672 par·

66 1690 296 1746 cendum
338 1687 623 1744 manifesto
674 1688 962 1743 sciolorum
999 1689 1338 1754 emblemati,
1394 1696 1446 1744 et
1491 1705 1755 1760 nusquam
1814 1690 2054 1761 apertius

66 1795 228 1851 quam
270 1778 327 1831 in
370 1777 469 1831 hac
510 1783 664 1848 parte
710 1776 1011 1831 Anabaseos
1061 1778 1383 1849 intelligitur
1416 1777 1686 1831 litantibus
1726 1776 1833 1831 dici
1873 1778 2054 1842 γίγνε-

67 1869 183 1922 σθαι
239 1866 309 1920 τὰ
361 1863 492 1932 ἱεραὶ.
572 1864 780 1936 Inspice
822 1864 908 1919 Vl.
951 1881 1020 1919 iv.
1068 1870 1166 1930 15,
1213 1870 1316 1931 14,
1360 1869 1466 1931 16,
1514 1870 1616 1930 17,
1662 1868 1760 1930 18,
1808 1869 1910 1930 19,
1952 1868 2054 1928 22,

0 1940 20 1986 7
74 1958 176 2017 25,
219 1953 305 2007 VI.
339 1970 390 2007 v.
426 1956 478 2007 2.
540 1951 724 2006 Multis
760 1952 881 2006 aliis
903 1952 1034 2007 locis
1068 1953 1255 2008 eadem
1292 1954 1490 2008 locutio
1530 1953 1793 2017 recurrit,
1827 1960 1879 2007 et
1914 1952 2055 2025 apud

70 2039 440 2115 Thucydidem
482 2039 670 2095 crebro
710 2039 911 2110 legitur
963 2043 1034 2096 τα
1091 2043 1405 2109 διαβατήρια
1459 2041 1663 2107 ἐγένετο
1713 2040 2058 2113 similiaque,

22 2127 24 2130 ⁴
68 2131 222 2187 utin
266 2128 612 2200 haruspicina
666 2144 727 2182 ea
769 2128 1023 2183 vocabula
1073 2136 1329 2201 concepta
1387 2137 1437 2184 et
1494 2129 1753 2184 solemnia
1803 2135 2059 2202 appareat

60 2217 263 2275 luisse:
305 2218 552 2283 γίγνεται
591 2216 662 2271 τὰ
704 2216 816 2285 ἱερά
856 2223 909 2271 et
948 2218 1020 2272 τὰ
1059 2218 1170 2285 ἱεροὶ
1223 2220 1278 2272 οὐ
1327 2218 1591 2283 γίγνεται.
1673 2216 1833 2272 Scioli
1876 2218 1928 2271 in
1974 2216 2059 2271 his

28 2318 36 2375 g
70 2305 289 2363 turbare
329 2305 501 2359 solent
541 2312 594 2359 et
635 2304 700 2359 de
757 2321 854 2359 suo
908 2304 1105 2360 addere
1154 2306 1300 2361 καλά
1349 2314 1442 2361 aut
1494 2305 1672 2374 χρήςα
1726 2311 1820 2360 aut
1873 2303 2056 2369 αἴσια,

45 2401 164 2451 Αιιιιῑ
202 2392 405 2465 aliquid
447 2391 794 2458 huiusmodi,
837 2401 896 2448 ut
945 2395 998 2447 in
1043 2393 1142 2448 hoc
1183 2394 1298 2467 ipso
1344 2394 1459 2449 loco
1499 2393 1704 2449 factum
1758 2409 1873 2448 esse
1914 2391 2058 2448 vide-

69 2498 209 2539 mus,
291 2480 489 2536 Eadem
529 2479 677 2535 fraus
716 2481 971 2537 Codicum
1014 2481 1297 2536 meliorum
1333 2482 1533 2537 indicio
1568 2482 1820 2554 arguitur
1859 2481 1947 2536 VI.
1986 2497 2054 2535 ιν.

40 2607 42 2610 v
74 2574 160 2627 13.
203 2569 291 2624 ubi
334 2569 516 2642 plures
548 2569 674 2624 libri
709 2568 962 2624 exhibent
1000 2573 1090 2625 οὐκ
1129 2571 1371 2636 ἐγίγνετο
1411 2571 1483 2625 τὰ
1518 2571 1629 2640 ἱερα
1671 2569 1863 2642 [καλοὶ]
1889 2612 1904 2635 ,
1946 2586 2058 2624 mc-

40 2655 229 2714 :liores
281 2656 625 2712 manifestum
679 2657 942 2713 emblema
997 2658 1272 2713 omittunt.
1353 2659 1531 2713 Etiam
1587 2657 1929 2713 manifestius
1969 2656 2058 2712 ad-

70 2742 427 2802 ditamentum
485 2754 731 2801 tenemus
772 2745 859 2800 Vl.
903 2763 971 2800 ιν.
1016 2748 1103 2799 22.
1165 2746 1333 2819 [καλοὶ
1370 2746 1441 2801 τα
1482 2746 1592 2815 ἱεροὶ
1631 2745 1919 2819 δηλονότι],
1961 2761 2058 2799 eu-

75 2833 160 2890 ius
201 2834 254 2888 in
313 2840 544 2905 quatuor
597 2834 816 2904 optimis
870 2832 1076 2888 nullum
1122 2834 1405 2905 vestigium
1451 2840 1550 2890 est.
1631 2833 1798 2889 Iidem
1839 2833 2058 2890 Codices

75 2921 130 2977 in
170 2920 258 2975 v1.
301 2939 349 2975 v.
394 2925 443 2975 2.
500 2920 595 2975 soli
654 2929 870 2976 servant
918 2938 1098 2977 veram
1150 2921 1431 2977 lectionem
1487 2922 1735 2989 γίγνεται
1786 2922 1855 2976 τὰ
1905 2922 2053 2990 ἱεροὶ,

71 3010 267 3065 caeteri
314 3026 499 3063 omnes
546 3007 733 3064 fraude
774 3010 1113 3082 apertissima
1155 3011 1400 3076 γίγνεται
1454 3010 1526 3065 τα
1574 3011 1685 3079 ἱεροὶ
1724 3010 1869 3065 καλά
1911 3010 2056 3065 exhi·

0 3111 1 3168 ᾗ
75 3094 217 3152 hent.
296 3097 440 3152 Idem
484 3098 674 3152 vitium
717 3114 878 3170 supra
920 3115 982 3154 ex
1029 3097 1352 3171 Cyropaedia
1409 3098 1747 3154 sustulimus.
1830 3097 2055 3152 Utilissi-

78 3199 166 3240 me
202 3201 325 3239 cum
369 3185 451 3239 his
503 3184 744 3240 conseres
785 3184 959 3239 locum
1003 3185 1336 3259 Thucydidis
1377 3186 1440 3243 V.
1487 3191 1574 3242 55.
1628 3188 1699 3243 τα
1741 3187 2056 3253 διαβατήρια

75 3273 248 3333 αὐτοῖς
294 3273 536 3337 ἐγένετο,
592 3272 679 3327 ubi
730 3273 1025 3329 Graeculus
1066 3273 1351 3330 scholiasta
1393 3275 1704 3329 annotavit:
1747 3275 1923 3329 καλὰ
1972 3274 2055 3336 δή·

79 3359 262 3413 λονότι.
342 3359 492 3415 Alius
543 3361 595 3414 in
645 3359 892 3417 Leidensi
934 3360 1122 3416 Codice
1175 3361 1239 3416 ad
1293 3364 1608 3432 διαβατήρια
1660 3361 1945 3433 adscripsit
2002 3363 2055 3415 in

81 3446 350 3517 margine:
404 3448 475 3501 τὰ
528 3450 684 3514 ἱερεῖα
728 3451 797 3511 εἷς
853 3449 1128 3516 διάβασιν,
1172 3452 1263 3522 qui
1313 3458 1457 3505 certe
1493 3450 1603 3520 ἱεροὶ
1652 3449 1903 3513 dederat,
1954 3465 2059 3503 non

5 3543 7 3546 ’
80 3534 252 3596 ἱερεῖα.
332 3532 508 3605 Longe
547 3537 987 3609 antiquissimum
1031 3537 1268 3592 scholion
1327 3544 1503 3593 exstat
1546 3539 1597 3592 in
1643 3538 1810 3609 ipsius
1851 3535 2063 3610 Thucy-

83 3619 222 3674 didis
282 3622 519 3678 oratione
554 3622 612 3677 V.
664 3630 782 3680 116.
837 3629 899 3688 ὡς
952 3630 1132 3703 αὐτοῖς
1186 3628 1255 3681 τα
1309 3627 1622 3694 διαβατήρια
1678 3626 1810 3696 [ἱερὰ
1866 3626 1916 3679 ἐν
1963 3632 2069 3687 τοῖς
