2436 4068
1276 227 1382 278 260

340 371 599 435 κοὶγαθοὺς
649 365 692 426 οἳ
744 372 1148 441 παραγενόμενοι
1199 373 1377 424 πᾶσαν
1417 368 1639 423 σπουδοὶν
1692 370 1932 430 ἐποίησαν
1986 370 2163 424 τούτου
2201 370 2308 425 δια-

339 459 571 520 λυθέντος
610 461 726 521 τοὺς
767 462 985 520 πολίτας
1027 459 1098 512 τοὶ
1135 460 1248 511 ποτ’
1285 458 1472 519 αὐτοὺς
1513 457 1867 510 πολιτεύεσθαι
1901 461 2019 521 μετ’
2060 460 2309 523 ὁμονοίας.

341 545 396 600 Si
431 548 551 617 quis
593 564 845 618 umquam
887 547 1169 617 antiquum
1209 545 1437 616 lapidem
1477 543 1649 598 oculis
1683 543 2011 600 acutioribus
2062 549 2310 619 inspiciet

339 649 443 687 non
507 634 691 688 dubito
755 635 884 705 quin
952 650 1048 705 pro
1110 639 2310 690 ΕΠΟΙΗΣΑΝΤΟΤΤΟΤΔΙΑΛΤΘΕΝΤΟΣ

338 722 662 792 scripturam
705 723 775 775 sit
815 730 1127 793 reperturus
1164 721 1398 775 hancce:
1437 726 2314 777 ΕΠΟΙΗΣΑΝΤΟΤΟΤΔΙΑΛΤ-

341 815 652 863 ΘΕΝΤΑΣ.
715 809 1068 864 Scribendum
1109 817 1188 864 est
1225 810 1392 864 enim:
1434 803 1478 862 οἳ
1510 807 1917 875 παραγενόμενοι
1950 811 2128 864 πᾶσαν
2161 831 2314 864 σπου-

340 895 433 948 δαν
491 898 790 960 ἐποιήσαντο
849 903 939 952 τοῦ
995 897 1327 957 διαλυθέντας
1382 898 1498 958 τοὺς
1564 897 1785 956 πολίτας
1842 895 1914 948 τα
1964 898 2074 950 ποθ’
2128 899 2313 959 αὐτοὺς

338 984 696 1039 πολιτεύεσθαι
734 988 848 1052 μεθ’
887 986 1135 1052 ὁμονοίας.

415 1071 527 1125 Non
578 1074 801 1127 memini
844 1091 930 1129 me
981 1074 1161 1129 videre
1213 1073 1344 1128 alias
1390 1070 1727 1125 manifestius
1780 1071 1971 1125 vitium
2012 1088 2076 1125 ex
2129 1071 2313 1127 eadem

340 1157 441 1212 hac
488 1158 781 1215 formarum
815 1161 1143 1216 confusione
1190 1169 1376 1216 natum
1427 1175 1587 1232 quam
1627 1157 1766 1230 apud
1813 1158 2219 1214 Demosthenem
2263 1178 2313 1232 p.

346 1250 520 1311 1161,
561 1265 717 1319 quem
753 1250 961 1314 locum,
1003 1251 1129 1321 quia
1169 1257 1279 1303 tam
1323 1246 1538 1303 evidens
1579 1254 1660 1301 est
1704 1248 1998 1311 correctio,
2038 1249 2147 1302 ὁδοῦ
2188 1247 2315 1316 πάρ-

341 1354 487 1400 εργον
537 1338 807 1408 corrigere
860 1338 1025 1392 iuvat.
1106 1337 1260 1410 Apud
1313 1353 1496 1390 omnes
1546 1336 1624 1389 sic
1665 1334 1875 1389 editur:
1930 1334 2224 1403 ψεύσασθαι
2265 1336 2318 1390 δὲ

342 1423 463 1489 πρὸς
505 1425 642 1489 ὑμᾶς
683 1427 769 1480 καὶ
811 1426 1142 1492 διομόσασθαι
1182 1426 1339 1486 αὐτὸς
1393 1425 1478 1479 καὶ
1524 1425 1610 1478 τὸν
1659 1424 1760 1477 υἱὸν
1812 1423 1898 1477 καὶ
1947 1424 2037 1485 ’την
2089 1430 2316 1488 γυναῖκα

341 1510 430 1563 οὐκ
469 1511 533 1565 ἂν
568 1513 872 1579 ἐτόλμησα,
912 1515 1012 1568 οὐδ’
1048 1513 1112 1568 ἂν
1153 1514 1193 1567 εἰ
1231 1510 1287 1567 εὖ
1331 1513 1464 1582 ᾔδειν
1504 1509 1580 1566 ὅτι
1621 1513 1895 1579 αἱρήσομαι
1936 1511 2140 1572 αὐτούς.
2219 1510 2315 1564 Ec-

342 1598 464 1667 quis
497 1599 638 1653 enim
662 1601 856 1672 estqui
890 1602 1092 1655 nesciat
1128 1601 1183 1653 in
1215 1600 1307 1654 tali
1342 1617 1399 1655 re
1431 1602 1589 1668 αἱρεῖν
1623 1600 1728 1653 dici
1765 1606 2036 1671 oportere,
2067 1605 2119 1652 et
2155 1614 2316 1668 quam

344 1693 653 1742 constanter
699 1688 839 1760 apud
880 1705 1064 1743 omnes
1112 1694 1392 1742 accusator
1431 1687 1642 1742 dicatur
1682 1690 1840 1755 αἱρεῖν
1889 1688 1994 1749 τὴνΧ
2019 1687 2230 1756 γραφήν
2265 1692 2318 1740 et

344 1775 502 1842 αἱρεῖν
542 1777 629 1831 τὸν
679 1776 992 1846 φεύγονταῖ
1072 1776 1271 1847 Ecquis
1317 1782 1398 1830 est
1449 1776 1543 1847 qui
1588 1777 1835 1843 αἱρεῖσθαι
1877 1773 1958 1828 vel
2006 1774 2207 1827 ἑλέσθαι
2256 1789 2318 1828 eo

345 1879 505 1917 sensu
543 1864 650 1919 dici
686 1882 836 1937 posse
872 1863 1081 1928 credat,
1121 1871 1216 1918 aut
1253 1864 1469 1918 omnino
1502 1866 1658 1931 αἱρεῖν
1699 1871 1750 1917 et
1788 1864 2034 1931 αἱρεῖσθαι
2066 1861 2171 1915 ullo
2201 1859 2320 1915 loco

342 1950 422 2004 sic
459 1951 600 2006 inter
639 1970 695 2007 sc
725 1953 1055 2025 permutari,
1099 1959 1159 2007 ut
1195 1970 1298 2006 non
1342 1952 1530 2006 vitiosa
1563 1958 1617 2006 et
1651 1950 1878 2005 ridicula
1921 1951 2090 2004 oratio
2130 1949 2317 2004 exeat?

343 2037 510 2093 Nemo
543 2039 754 2095 hercle:
797 2046 907 2094 tam
948 2047 1096 2094 certa
1131 2048 1182 2094 et
1226 2040 1507 2094 manifesta
1546 2056 1630 2094 res
1660 2047 1758 2094 est.
1836 2037 2075 2093 Emenda
2117 2038 2317 2108 igitur:

344 2127 386 2180 εἰ
429 2124 485 2181 εὖ
525 2128 657 2195 ᾔδειν
696 2127 772 2182 ἔτι
820 2130 1073 2197 αἱρησοιμ’
1126 2130 1330 2190 αὐτούς.
1411 2128 1578 2195 Quam
1635 2127 1766 2182 bene
1810 2127 2066 2194 αἱρήσοιμι
2119 2126 2173 2178 in
2226 2123 2320 2179 tali

343 2213 458 2268 loco
496 2215 565 2268 sit
602 2215 916 2271 collocatum
957 2215 1126 2286 fugiet
1163 2217 1429 2270 neminem
1468 2223 1520 2269 et
1555 2216 1687 2269 satis
1723 2213 2057 2267 confirmabit
2099 2212 2178 2266 vel
2214 2212 2319 2266 Xe-

344 2301 554 2373 nophon
617 2304 750 2358 IIell.
790 2305 851 2358 V.
895 2322 964 2359 1v.
1007 2308 1095 2359 25.
1171 2304 1429 2373 Σφοδρίαν
1480 2303 1585 2374 γὰρ
1641 2300 1697 2357 εὖ
1745 2302 1925 2357 εἰδέναι
1978 2300 2185 2370 ἔφασαν
2239 2297 2316 2354 ὅτι

341 2390 657 2445 ἀπολωλότα
697 2393 986 2457 πεύσοιντο,
1028 2399 1082 2447 et
1116 2392 1202 2445 VI.
1226 2409 1273 2445 V.
1300 2395 1385 2446 19.
1425 2388 1480 2445 εὖ
1522 2391 1572 2445 δὲ
1607 2390 1788 2445 εἰδέναι
1828 2389 2034 2460 ἔφασαν
2073 2386 2149 2443 ὅτι
2189 2408 2316 2455 παρ·

342 2476 564 2540 ἔσοιντο,
604 2479 798 2550 quibus
834 2480 936 2535 alia
970 2480 1165 2534 similia
1202 2480 1396 2551 passim
1435 2485 1745 2534 occurrunt.

419 2565 479 2619 In
537 2569 860 2622 contrariam
918 2575 1122 2640 partem
1179 2567 1401 2621 immani
1445 2566 1755 2620 soloecismo
1807 2573 2086 2639 peccatum
2140 2570 2221 2619 est
2264 2564 2319 2618 in

344 2651 644 2724 fragmento
683 2656 896 2728 Tragici
936 2663 1156 2728 poetae,
1197 2656 1394 2720 uniuS,
1435 2661 1496 2709 ut
1530 2661 1688 2727 puto,
1740 2653 1804 2709 de
1844 2653 2054 2710 Pleiade
2095 2651 2318 2708 Alexan·

346 2740 538 2806 drina,
581 2743 723 2816 apud
764 2744 1050 2799 Stohaeum
1090 2744 1145 2797 in
1190 2743 1373 2815 Eclog.
1415 2742 1575 2816 Phys.
1611 2743 1652 2797 Ι.
1695 2747 1744 2797 5.
1793 2747 1876 2797 10.

644 2835 699 2887 οὐ
739 2834 843 2900 γάρ
883 2854 961 2894 τις
1001 2833 1110 2887 οὐδὲ
1148 2832 1433 2900 χρημάτων
1474 2830 1778 2900 ὑπεργέμων

647 2921 795 2986 νόμον
833 2922 1045 2987 μιαίνων
1084 2922 1342 2990 ἀσφαλῶς
1382 2919 1846 2989 γηράσκεται,

347 3004 488 3075 quod
524 3006 690 3061 nihilo
730 3009 922 3064 melius
958 3016 1038 3064 est
1061 3025 1236 3080 'quam
1276 3009 1548 3077 χαίρομαι.
1630 3006 1732 3062 Sed
1767 3006 1888 3077 quis
1920 3022 2023 3059 non
2064 3003 2208 3058 videt
2240 3019 2320 3058 re-

348 3093 492 3164 quiri
532 3093 816 3150 futurum?
859 3099 1038 3168 itaque
1077 3097 1192 3151 sine
1231 3113 1380 3150 mora
1417 3112 1612 3167 repone
1647 3094 1952 3162 γηράσεται.
2032 3093 2225 3146 Contra
2266 3092 2320 3144 in

345 3181 684 3252 praecedenti
724 3183 1055 3256 fragmento:
1096 3188 1196 3252 οὐχ
1228 3183 1363 3238 εὕσει
1399 3185 1518 3245 Διὸς
1555 3183 1826 3251 ὀφθαλμός
1861 3199 1956 3253 pro
1990 3179 2321 3251 ineptissimo

348 3268 532 3324 futuro
570 3269 704 3326 εὸσει
749 3272 980 3346 (assabit)
1023 3281 1358 3345 quantocyus
1398 3272 1634 3326 rescribe
1677 3286 1926 3343 praesens
1965 3267 2111 3323 εὕδει.

425 3358 691 3414 Fraudem
730 3359 856 3415 fecit
892 3360 1163 3415 Dindorfio
1197 3360 1261 3415 ad
1299 3360 1477 3431 Steph.
1522 3359 1677 3413 Thes.
1719 3358 1866 3411 locus
1901 3355 2100 3410 Photii:
2160 3352 2320 3409 Εῧενε

350 3443 585 3515 ἔβρεχεν.
627 3455 688 3502 tu
720 3450 953 3520 corrige:
997 3447 1134 3504 5522:
1190 3449 1442 3516 ἔβρεχεν,
1482 3454 1542 3500 ut
1575 3452 1720 3500 recte
1756 3445 1954 3516 legitur
1985 3460 2079 3497 suo
2118 3442 2232 3496 loco
2267 3448 2320 3496 et

350 3536 491 3606 apud
523 3537 866 3610 Hesychium.
909 3538 1130 3592 Photius
1165 3537 1316 3592 alibi:
1359 3536 1625 3602 Ὕόμενοςε
1667 3522 2007 3601 βρεχόμενος,
2045 3538 2097 3585 ct
2122 3531 2318 3589 ‘'To-0⁶4:

351 3623 568 3690 βρέξας,
606 3633 657 3680 et
693 3625 855 3681 ‘'va:
897 3627 1118 3695 βρέχων.
1201 3625 1406 3682 Similia
1446 3624 1568 3680 alii:
1626 3622 1858 3678 solebant
1897 3620 2039 3676 enim
2080 3615 2324 3674 Graeculi
