2436 4068
1049 238 1111 286 11

392 383 416 434 ὂ
460 382 706 449 Καρκίνου
740 388 868 444 παῖς
909 388 998 437 τοῦ
1042 382 1326 436 θαλαττίου
1365 382 1493 435 θεοῦ.

94 469 357 526 Similiter
391 471 445 524 in
475 469 675 525 Eubuli
707 469 1008 541 fragmento
1049 469 1243 525 Athen.
1269 469 1382 524 VII.
1417 473 1523 525 295
1560 469 1652 533 E„
1691 471 1847 526 cuius
1880 472 2087 530 lacerae

92 564 307 614 tantum
344 556 571 612 laciniae
610 575 676 613 ex
714 559 938 629 antiquo
977 557 1162 612 codice
1203 557 1435 612 describi
1477 564 1799 630 potuerunt,
1840 563 2086 632 suspicor

91 645 220 701 olim
274 663 380 700 non
418 646 630 701 λοπάδα
664 650 754 701 τοῦ
797 645 1082 700 θαλαττίου
1123 646 1363 711 γλαύκου
1402 645 1603 701 lectum
1648 646 1814 701 fuisse
1857 648 1950 702 sed
1994 654 2085 704 τοῦ

92 736 376 791 θαλαττίου
414 736 526 789 θεοῦ
564 733 822 788 Γλαύκου.
916 731 1201 788 Caeterum
1236 735 1370 789 satis
1407 741 1596 791 notum
1636 740 1718 790 est
1757 741 2089 807 quantopere

92 822 315 878 Sti-attis
347 828 402 877 et
433 821 684 893 aequales
724 821 915 876 comici
954 821 1008 874 in
1052 820 1299 892 Tragicis
1335 824 1554 879 scurrili
1589 823 1894 880 imitatione
1929 840 2087 896 argu—

92 911 325 974 mentiS,
364 910 632 974 numeriS,
673 911 914 964 oratione
946 908 1187 963 ridendis
1216 909 1464 965 luserint.

170 998 342 1067 Quam
375 997 526 1054 l'oede
565 997 775 1052 librarii
810 996 1115 1053 comoediae
1155 997 1412 1071 reliquias
1456 998 1827 1071 depravarint,
1869 1006 1931 1054 ut
1971 1016 2086 1054 sen-

93 1086 294 1142 tentiae
341 1103 440 1141 nec
495 1093 658 1158 caput
692 1102 792 1140 nec
839 1102 932 1158 pes
973 1091 1271 1150 constaret,
1314 1087 1370 1142 in
1423 1086 1748 1159 Antiphanis
1786 1087 1900 1142 loco
1944 1086 2089 1159 apud

93 1173 287 1230 Athen.
318 1174 456 1230 XIV.
496 1178 623 1229 618.
665 1174 704 1228 Β
740 1174 941 1246 optime
981 1175 1217 1246 spectari
1256 1181 1464 1246 potest,
1505 1175 1598 1229 ubi
1638 1176 1867 1230 aliorum
1906 1177 2087 1230 inven-

95 1263 170 1319 tis
195 1264 310 1336 ipse
340 1262 603 1336 quaedam
633 1262 882 1317 adiiciam
903 1305 918 1326 ,
958 1279 1096 1336 quae
1121 1263 1213 1318 alii
1241 1262 1530 1336 aliquando
1555 1263 1856 1337 perficiant.
1915 1262 2090 1318 Verba

92 1358 279 1425 poetae
317 1353 398 1407 sic
434 1350 930 1407 circumferuntur:

393 1442 547 1496 ποίαν
584 1439 786 1509 φράσον
834 1441 940 1509 γάρ
976 1438 1062 1510 ᾖδε
1102 1443 1196 1504 τὴν
1235 1441 1520 1496 συναυλίαν

393 1530 623 1593 ταύτην,
663 1529 915 1586 ε’πίςαται
955 1528 1094 1597 γάρ,
1126 1531 1255 1584 ἀλλ’
1286 1528 1473 1592 ηὔλουν
1512 1528 1589 1583 ἔτι

393 1616 646 1683 μαθόντες
686 1615 784 1676 δίς-ε
823 1619 942 1680 τοὺς
982 1619 1174 1679 αὐλοὺς
1208 1616 1272 1672 σύ
1306 1638 1367 1672 τε

392 1704 528 1768 αὕτη
568 1726 628 1760 τε
667 1708 908 1774 λήψεσθ’,
948 1704 1039 1761 εἷθ’
1075 1703 1112 1761 ἃ
1152 1706 1249 1773 μὲν
1282 1707 1346 1761 σὺ
1386 1705 1678 1773 τυγχάνεις

392 1796 564 1850 αὐλῶν
602 1794 834 1862 πέραινε.
876 1793 1082 1859 δέξεται
1122 1794 1174 1848 δὲ
1213 1793 1400 1849 τάλλα
1440 1814 1552 1849 σοι.

396 1882 489 1945 ήδύ
526 1903 579 1938 τι
614 1882 772 1937 κοινόν
811 1884 948 1947 ἑςιν,
977 1880 1036 1937 οὗ
1073 1881 1231 1951 χωρὶς
1269 1881 1460 1947 πάλιν,

395 1971 730 2038 συννεύματ’,
771 1973 826 2027 οὐ
863 1971 1216 2040 προβλήμαθ’,
1253 1966 1324 2031 οἷς
1355 1971 1672 2037 σημαίνεται

393 2056 579 2117 ἕκαςα.

91 2144 304 2200 Priores
337 2161 526 2201 versus
557 2147 845 2202 nemodum
875 2145 1123 2218 expedire
1149 2142 1349 2218 potuit:
1391 2145 1477 2211 ἥδε
1508 2147 1602 2209 τὴν
1641 2144 1926 2200 συναυλίαν
1958 2144 2086 2201 ταύ-

86 2253 182 2297 την
218 2233 503 2300 ἐπίταται,
556 2234 682 2289 olim
738 2236 1026 2290 coniuncta
1078 2232 1246 2289 fuisse
1294 2233 1579 2298 videntur,
1634 2240 1750 2287 tum
1806 2231 2086 2305 complura

89 2322 503 2378 interciderunt.
581 2322 838 2378 Codicum
880 2323 1014 2378 vitia
1059 2336 1388 2386 αυτήτελετή
1429 2323 1742 2391 ψεθειθαμεν
1780 2319 2085 2389 συντυγχά-

90 2430 197 2466 ueto·
230 2411 539 2466 Dindorfius
571 2412 904 2484 procuravit,
939 2413 1034 2484 qui
1067 2408 1159 2467 εἶθ’
1193 2409 1231 2467 ἃ
1270 2412 1367 2479 μὲν
1406 2412 1470 2467 σὺ
1510 2410 1828 2478 τυγχάνεις,
1871 2417 1924 2465 et
1960 2410 2085 2465 Mei-

91 2499 313 2564 nekiuS,
354 2499 447 2572 qui
486 2498 621 2563 αὕτη
661 2522 721 2556 τε
761 2501 983 2569 λήψεσθ’
1017 2500 1339 2555 emendavit.
1419 2500 1482 2554 In
1511 2499 1698 2555 eadem
1739 2499 1853 2572 ipse
1886 2498 2085 2554 incide-

90 2603 237 2653 ram,
259 2588 364 2643 nisi
401 2587 541 2660 quod
572 2586 662 2643 εἶθ’
683 2586 720 2644 ἃ
755 2589 852 2655 μὲν
879 2593 966 2644 νῦν
1001 2590 1294 2658 τυγχάνεις
1328 2590 1501 2644 αὐλῶν
1536 2589 1743 2658 πέραινε
1778 2595 1833 2644 et
1865 2587 1992 2642 olim
2029 2593 2085 2643 et

91 2692 236 2732 nunc
264 2677 445 2732 verius
475 2693 593 2732 esse
627 2676 878 2732 arbitror.
950 2679 1013 2733 In
1043 2679 1273 2733 caeteris
1296 2677 1435 2732 hanc
1467 2676 1752 2733 lectionem
1781 2676 2084 2733 demersam

92 2762 260 2822 latere
300 2760 573 2838 suspicor:
917 2765 1123 2831 δέξεται
1165 2766 1217 2821 δὲ
1253 2765 1441 2822 τᾶλλα
1479 2786 1555 2821 σοι

395 2854 500 2920 ἥδ’.
540 2853 600 2909 οὔ
637 2875 687 2909 τι
722 2853 880 2909 κοινόν
918 2856 1050 2920 ἐςιν,
1090 2857 1146 2910 οὐ
1180 2856 1339 2926 χωρὶς
1372 2852 1567 2920 πάλιν,

394 2945 449 2998 οὐ
490 2942 728 3010 νεύματ’,
769 2945 823 2999 οὔ
863 2944 1229 3012 προβλήμαθ’,
1273 2940 1344 3006 οἷς
1386 2944 1669 3010 σήμαίνετε

390 3029 595 3095 ἕκαςας

90 3119 148 3175 οὔ
177 3124 370 3191 quater
397 3120 688 3192 repetitum
720 3127 803 3175 ter
836 3119 1008 3175 labem
1042 3127 1097 3176 et
1126 3120 1321 3175 vitium
1355 3120 1642 3176 contraxit.
1725 3118 1933 3192 Ecquid
1967 3118 2084 3174 illos

91 3207 354 3278 cogitasse
385 3215 481 3263 aut
521 3208 753 3264 sensisse
785 3214 971 3280 puteS,
1012 3210 1107 3281 qui
1143 3208 1274 3264 haec
1314 3210 1393 3265 sic
1427 3208 1698 3280 descripta
1733 3207 1799 3263 ad
1832 3225 1929 3262 nos
1966 3225 2083 3280 pro·

90 3295 394 3367 pugarunt?

165 3381 279 3437 Non
320 3384 492 3440 multo
533 3384 725 3440 melius
766 3385 981 3440 habitus
1035 3393 1116 3440 est
1157 3385 1479 3458 Antiphanis
1519 3385 1668 3440 locus
1705 3383 1844 3456 apud
1886 3382 2077 3438 Athen.

95 3468 229 3525 x1v.
266 3475 391 3528 623.
431 3474 493 3530 Α.

1069 3566 1285 3626 πλησίον
1326 3564 1378 3618 δέ
1419 3585 1483 3629 γε

396 3650 591 3711 ταύτης
634 3651 812 3714 ἄσιτος
855 3652 1047 3720 ἡμέραν
1090 3652 1176 3707 καὶ
1221 3653 1366 3720 νύχθ’
1408 3651 1528 3713 ὅλην
