2436 4068
1086 259 1151 308 41

891 489 1183 544 CAPUT
1242 490 1320 546 ΙΙ.

184 663 443 720 Dabimus
495 665 784 720 Menandro
831 665 970 720 hanc
1022 683 1269 737 operam,
1325 666 1381 720 in
1428 666 1585 720 cuius
1624 659 1944 735 fragmentis
1982 670 2103 739 post

109 751 405 807 multorum
449 769 609 807 curas
647 754 960 808 etiamnunc
1000 761 1271 824 superest,
1312 755 1368 807 in
1410 770 1515 825 quo
1560 753 1802 808 studium
1847 759 1961 808 tam
1999 756 2105 809 uti·
2153 769 2155 772 ’

106 840 233 894 liter
270 857 433 911 quam
475 839 711 894 iucunde
749 847 997 911 ponatur.
1080 840 1226 895 Nihil
1266 841 1515 913 equidem
1558 842 1734 896 acutis
1771 846 1824 895 et
1865 842 2104 912 ingenio·

105 929 181 983 sis
214 928 499 983 iuvenibus
531 926 866 982 fructuosius
900 945 1017 982 esse
1048 928 1283 982 arbitror
1315 946 1478 1000 quam
1513 929 1801 1001 diligenter
1834 936 2102 1001 spectare,

103 1024 368 1089 quantum
414 1016 658 1088 ‘optimus
717 1016 970 1087 quisque,
1010 1016 1332 1071 Criticorum
1401 1017 1738 1071 suavissimis
1796 1017 2103 1074 comoediae

102 1102 454 1160 Menandreae
501 1103 746 1175 reliquiis
798 1103 1044 1159 attulerit
1096 1103 1246 1168 boni,
1298 1111 1351 1159 et
1402 1104 1587 1159 eadem
1641 1120 1801 1175 opera
1860 1104 2100 1161 animad-

100 1199 341 1254 vertere,
385 1191 516 1264 quid
547 1191 775 1263 quisque
810 1192 867 1246 111
901 1192 1001 1247 hoc
1038 1209 1233 1264 genere
1266 1193 1568 1264 peccaverit
1601 1208 1817 1257 eorum,
1859 1193 1953 1263 qui
1993 1209 2101 1247 non

100 1282 232 1336 satis
268 1281 334 1335 ab
367 1279 671 1335 eruditione
709 1285 763 1334 et
803 1280 1019 1351 ingenio
1058 1281 1234 1353 parati
1270 1281 1488 1335 incaute
1521 1286 1573 1335 et
1608 1278 1952 1351 impudenter
1984 1297 2097 1335 eas·

101 1368 222 1424 dem
263 1369 562 1439 attigerint.
642 1366 934 1439 Postquam
979 1370 1195 1439 ineptus
1236 1376 1289 1424 et
1334 1367 1599 1424 ridiculus
1641 1367 1973 1439 TheologuS,
2013 1369 2099 1423 Jo-

97 1473 264 1512 annes
296 1456 564 1520 ctericus,
603 1454 882 1510 Menandri
917 1463 971 1511 et
1007 1456 1336 1511 Philemonis
1387 1457 1689 1528 fragmenta
1729 1455 1892 1510 illotis
1927 1458 2097 1511 mani-

97 1544 200 1600 bus
250 1561 416 1599 ausus
464 1550 543 1599 est
595 1550 931 1598 contrectare
972 1552 1026 1598 et
1065 1545 1338 1599 Bentleius
1372 1544 1647 1600 levitatem
1688 1550 1741 1598 et
1782 1543 2097 1600 futilitatem

96 1628 331 1688 hominis
381 1630 630 1687 omnibus
685 1630 859 1703 palam
906 1631 1035 1686 fecit
1083 1639 1136 1687 et
1186 1633 1525 1688 severissime
1572 1632 1844 1687 inscitiam
1888 1632 2005 1687 eius
2042 1640 2098 1688 et
2145 1622 2147 1625 ’

98 1721 458 1776 temeritatem
513 1721 829 1791 castigavit,
882 1720 1043 1774 multi
1095 1723 1422 1776 exstiterunt
1474 1721 1568 1792 qui
1623 1719 1765 1791 quod
1823 1721 2099 1776 Bentleius

97 1808 371 1882 praeclare
421 1808 724 1864 inchoasset
784 1808 1042 1880 perficere
1102 1816 1154 1864 et
1210 1810 1445 1881 expolire
1507 1809 1875 1862 instituerint:
1934 1807 2096 1864 habet

94 1897 239 1952 enim
295 1896 396 1951 hoc
448 1895 756 1951 Bentleiana
809 1897 968 1950 crisis
1010 1904 1069 1951 ut
1106 1897 1454 1951 vehementer
1499 1896 1802 1967 legentibus
1848 1897 2095 1952 animum

95 1990 428 2039 commoveat
469 1984 841 2056 iudiciumque
881 1992 1106 2039 exacuat
1142 1992 1194 2039 et
1239 1985 1306 2039 ad
1356 1984 1682 2039 imitandum
1723 1984 2006 2057 incendat,
2047 1986 2095 2040 si

92 2071 231 2128 forte
265 2079 318 2127 et
358 2073 460 2144 ipsi
495 2071 696 2144 aliquid
747 2070 1120 2127 huiuscemodi
1174 2073 1367 2127 elicere
1420 2073 1640 2144 possint.
1722 2073 1782 2127 In
1820 2074 1952 2146 ipsis
1989 2073 2094 2128 Me·

92 2159 287 2215 nandri
339 2159 659 2230 fragmentis
710 2159 1058 2214 emendandis
1109 2177 1231 2215 cum
1285 2160 1522 2215 Bentleio
1574 2160 1742 2215 veluti
1794 2161 1859 2216 de
1915 2161 2095 2234 palma

90 2246 475 2304 contendentes
525 2246 709 2302 videas
761 2247 1100 2312 Dawesium,
1155 2249 1482 2312 personum,
1538 2248 1902 2305 Dohraeum1.
1982 2250 2090 2305 Hos

20 2399 22 2406 ¹
88 2333 388 2392 Heinekius
420 2337 801 2407 consequitur,
842 2337 935 2408 qui
967 2337 1021 2391 in
1058 2336 1336 2392 Menandri
1374 2336 1693 2408 fragmentis
1728 2338 2087 2411 corrigendiS,

0 2432 28 2505 [13
88 2422 448 2488 illustrandiS,
489 2424 749 2495 augendis
790 2431 843 2479 et
883 2425 1180 2496 plurimum
1224 2442 1415 2497 operae
1454 2426 1634 2498 posuit
1678 2433 1731 2481 et
1779 2428 1943 2483 etiam
1984 2429 2087 2484 uti-

0 2511 34 2579 11
70 2499 193 2568 ¹lius
230 2528 391 2584 quam
433 2511 488 2565 in
537 2514 766 2567 caeteris
817 2513 1048 2568 Cornicis
1099 2521 1344 2568 versatus
1390 2520 1487 2568 est.
1568 2514 1847 2570 Neminem
1905 2517 2087 2572 omnia

87 2600 397 2658 exhausisse
436 2601 558 2671 quis
610 2600 929 2657 mirabitur?
972 2619 1146 2674 neque
1186 2600 1370 2666 facile,
1411 2609 1472 2656 ut
1511 2603 1725 2674 opinor,
1767 2603 2085 2660 exhaurien-

89 2695 180 2744 1111·
209 2689 596 2766 omnim—quae
638 2688 842 2744 viribus
883 2690 1086 2761 ingenii
1124 2689 1350 2745 humani
1390 2697 1443 2745 et
1480 2697 1766 2746 accuratae
1807 2690 2086 2747 doctrinae

85 2778 235 2851 copia
281 2778 336 2831 in
390 2776 475 2830 his
527 2775 721 2831 melius
770 2779 1027 2832 constitui
1063 2785 1117 2833 et
1157 2779 1210 2832 in
1251 2778 1542 2850 pristinum
1585 2779 1816 2834 nitorem
1865 2781 2084 2836 restitui

82 2872 324 2939 possunt.
407 2863 684 2936 Supererit
736 2863 968 2937 denique
1008 2864 1238 2937 aliquid,
1282 2866 1423 2937 quod
1464 2873 1636 2922 artem
1689 2874 1929 2922 nostram
1970 2867 2080 2923 elu-

81 2952 198 3019 dat,
239 2953 292 3008 in
323 2970 430 3026 quo
460 2969 656 3024 genere
686 2954 732 3007 is
762 2955 1004 3008 omnium
1040 2954 1353 3008 acutissime
1389 2962 1601 3019 cernet,
1643 2956 1737 3027 qui
1768 2956 1870 3010 ista
1903 2972 2078 3028 neque

82 3041 308 3114 intelligi
362 3057 535 3112 neque
582 3039 857 3096 emendari
907 3059 1061 3114 posse
1111 3041 1331 3096 videbit.
1411 3043 1472 3096 In
1516 3043 1884 3116 superioribus
1935 3061 2076 3100 com-

78 3129 322 3205 pluscula
363 3129 467 3183 iam
503 3128 826 3184 Menandrea
856 3130 1029 3185 obiter
1067 3148 1161 3202 per
1194 3131 1529 3186 occasionem
1562 3133 1817 3197 tractavi,
1857 3149 1921 3187 ex
1958 3135 2074 3205 qui-

77 3216 178 3275 hus
212 3235 380 3273 unum
422 3223 693 3289 repetam,
740 3223 799 3271 ut
829 3219 1079 3274 omnibus
1111 3225 1366 3292 appareat
1399 3236 1561 3293 quam
1597 3221 1668 3276 sit
1704 3223 2068 3277 necessarium

143 3477 180 3543 ¹)
214 3487 393 3529 Videant
443 3488 627 3530 iuniores
663 3491 963 3531 Pliileleutheri
1011 3492 1241 3545 Lipsiensis
1286 3482 1498 3550 (Bentleii)
1550 3494 1873 3534 Emendationes
1908 3495 1949 3532 in
1989 3494 2068 3533 Me-

78 3556 226 3595 1131111ιί
256 3559 301 3594 et
332 3556 588 3597 Philemonis
632 3557 855 3611 reliquium
900 3558 1052 3599 deinde
1098 3560 1276 3600 Dawesii
1322 3561 1494 3600 miscell.
1533 3562 1685 3601 Critica
1726 3574 1766 3613 p.
1806 3560 1914 3600 215.
1951 3573 1985 3601 s,
2022 3574 2065 3615 p.

77 3621 187 3664 887.
232 3636 328 3662 cum
364 3629 459 3663 110111
498 3624 662 3670 insidii,
699 3630 742 3665 et
776 3626 867 3667 ultis
904 3626 1032 3677 locis,
1069 3628 1241 3668 Porsoui
1278 3628 1449 3668 Advors.
1488 3642 1527 3681 p.
1552 3626 1657 3669 287.
1681 3641 1773 3679 sqq.
1812 3633 1853 3665 ct
1889 3627 2062 3670 Dobraei

72 3688 242 3729 Advers.
283 3696 387 3742 111111.
426 3690 475 3729 11.
514 3705 554 3742 p.
594 3690 686 3732 270
725 3705 816 3743 sqq.
1733 3751 1753 3782 4
