2436 4068
1059 201 1163 252 287

122 349 320 401 διοικεῖν
352 343 624 399 exhibent.
708 342 985 398 Parisinus
1026 343 1062 398 S
1093 359 1216 397 cnm
1259 345 1448 415 paucis
1475 343 1595 398 aliis
1632 346 1847 400 διοικιεῖν
1887 356 2098 414 servat,

116 433 314 488 caeteri
351 432 406 486 iu
438 433 638 486 διοικεῖν
677 433 1004 503 conspirant.
1084 431 1331 487 Absurda
1376 433 1647 504 scriptura
1687 434 2099 490 circumfereba-

117 527 210 576 tur
268 520 321 573 in
376 520 631 575 Isocratis
679 521 920 574 oratione
970 518 1032 575 V.
1088 522 1248 590 §45.
1306 522 1725 587 Λακεδαιμονίων
1777 524 2100 590 βουλομένων

25 651 37 677 ,.
115 609 442 673 λυμήνασθαι
482 611 575 671 τὴν
614 609 855 663 Βοιωτίαν
893 606 981 663 καὶ
1023 607 1343 670 διοικῆσαι
1396 610 1496 670 τὰς
1545 609 1761 675 πόλεις,
1814 610 1948 665 nihil
2001 613 2099 666 mi·-

114 711 219 753 nus
266 695 544 758 volebant,
604 702 663 750 ut
712 695 845 748 satis
893 701 1152 765 apparet,
1209 696 1302 749 sed
1350 698 1621 761 διοικίσαι,
1680 697 1820 770 quod
1861 701 2099 771 optimus

26 793 33 803 ·
115 783 343 838 Urbinas
384 782 531 838 solus
567 782 818 837 servavit.
900 781 1157 853 Superest
1202 789 1259 836 ut
1295 782 1659 840 demonstrem
1711 788 2010 854 διοικιοῦμαι
2046 797 2100 844 et

111 872 386 928 διοικιοῖντο
423 870 560 927 bene
606 870 807 926 Graeca
846 887 982 926 esse.
1065 869 1418 925 Athenienses
1454 879 1687 927 utuntur
1737 875 1915 930 verbis
1971 875 2097 940 ἐξοι-

110 960 351 1028 κίζομαι,
401 958 767 1026 εἶσοικίζομαι,
808 958 1204 1026 κατοικίζομαι,
1259 959 1578 1026 οένοικίζομαι
1620 960 1848 1033 aliisque
1887 982 2097 1037 compo·

109 1048 231 1103 sitis
285 1054 341 1102 et
386 1048 441 1100 in
496 1046 709 1118 passiva
755 1045 926 1103 forma
974 1054 1028 1101 et.
1080 1048 1134 1101 in
1182 1045 1375 1102 media.
1462 1047 1636 1102 Media
1687 1060 1982 1123 usurpatur
2032 1053 2098 1107 de

108 1152 211 1199 eo,
253 1136 347 1207 qui
382 1153 475 1188 sua
516 1133 776 1191 voluntale
814 1151 881 1188 ex
931 1142 1110 1191 vetere
1151 1134 1274 1190 sede
1324 1135 1524 1205 migrat
1568 1135 1946 1212 (ἐξοικίζεται),
2004 1149 2099 1196 aut

110 1224 164 1278 in
205 1240 394 1278 novam
442 1222 719 1293 immigrat
769 1222 1138 1297 (εἰσοικίζετοοι)
1163 1265 1178 1287 ,
1218 1230 1312 1278 aut
1369 1223 1557 1279 relicta
1601 1241 1694 1279 ora
1731 1228 2004 1284 maritima
2043 1231 2098 1283 in

109 1312 367 1367 interiora
399 1328 457 1369 se
490 1311 682 1382 recipit
724 1310 1109 1386 (οὶνοικίζεται),
1166 1310 1524 1383 similiterque
1574 1314 1627 1367 in
1663 1316 1911 1371 caeteris.
1991 1317 2094 1372 Ita·

108 1415 214 1471 que
270 1399 456 1455 aorisli
508 1407 636 1455 sunl.
689 1401 1056 1456 εἷσοικίσασθαι
1082 1442 1096 1464 ,
1136 1399 1519 1466 ἐξοικίσασθαι,
1560 1404 1911 1461 οὶνοικίσασθαι
1938 1446 1953 1468 ,
1993 1414 2094 1461 cel.

107 1494 163 1544 ct
209 1487 380 1545 sicubi
436 1486 619 1544 futuro
670 1505 803 1559 opus
850 1495 931 1544 est
981 1488 1326 1557 ἕξοικιοῦμαι,
1378 1491 1713 1557 εἰσοικιοῦμαι
1760 1499 1861 1546 cet.
1917 1491 2094 1548 dicen·
2147 1530 2149 1533 -

106 1573 236 1630 dum
275 1582 376 1631 est.
456 1576 670 1631 Passiva
707 1575 914 1640 forma,
957 1594 1095 1650 quae
1146 1578 1493 1648 cognoscitur
1534 1579 1590 1631 in
1632 1579 1846 1634 aoristis
1895 1582 2094 1638 εἰσοικι-

105 1666 280 1728 σθῆναι
303 1705 319 1727 ,
377 1666 793 1730 κατοικισθῆναι,
851 1667 1208 1728 ἀποικισθῆναι
1232 1706 1248 1728 ,
1306 1668 1672 1730 συνοικισθῆναι
1696 1710 1711 1731 ,
1772 1669 2092 1734 διοικισθῆναι

104 1759 211 1808 cet.
249 1753 467 1824 ponitur
504 1752 572 1809 de
611 1753 714 1817 iis,
755 1753 848 1824 qui
882 1752 948 1809 ab
986 1753 1090 1808 alio
1125 1755 1180 1808 in
1221 1770 1355 1808 nova
1391 1753 1516 1808 sede
1563 1754 1896 1811 collocantur
1934 1766 2029 1814 aut
2062 1777 2093 1815 e

107 1847 287 1898 vetere
344 1840 469 1897 sede
521 1839 796 1912 pelluntur
835 1849 929 1896 aut
987 1843 1041 1896 in
1100 1841 1361 1898 coloniam
1410 1841 1755 1898 deducuntur
1809 1853 1911 1900 cet.
1994 1847 2093 1903 Ubi

106 1927 289 1986 futuro
322 1927 582 1984 utendum
620 1938 735 1984 erat
775 1946 836 1985 eo
873 1946 1034 1984 sensu
1070 1929 1319 1985 dicebant
1369 1934 1857 1999 κατοικισθήσομαι,
1892 1937 2090 1991 εἷσοικιι-

101 2019 355 2084 σθήσομαι
386 2024 488 2072 cet.
567 2015 810 2074 Perfecta
842 2018 1172 2088 κατῴκισμαι
1194 2062 1207 2083 ,
1260 2018 1552 2087 οένῴκισμαι
1587 2027 1690 2075 cet.
1733 2023 1952 2095 utrique
1988 2023 2089 2078 for-

102 2122 223 2164 mae
256 2106 562 2162 communia
614 2112 757 2161 sunt.
836 2106 1141 2178 Numquam
1193 2108 1247 2161 iu
1290 2106 1374 2162 his
1422 2108 1642 2163 Veteres
1681 2118 1898 2166 errant:
1943 2112 2088 2167 nulla

100 2202 184 2250 est
240 2195 293 2249 in
344 2193 428 2248 his
482 2192 723 2247 contusio
770 2202 865 2248 aut
915 2194 1281 2266 negligentia,
1341 2196 1554 2267 qualem
1616 2197 1758 2269 apud
1813 2200 2088 2271 sequiores

100 2282 412 2355 frequenter
445 2280 851 2353 deprehendaS,
904 2283 998 2354 qui
1038 2282 1415 2339 vocabulorum
1470 2286 1579 2340 vim
1622 2293 1816 2341 natura
1868 2288 2087 2343 insitam

98 2385 206 2428 non
263 2368 496 2442 amplius
543 2369 862 2427 sentiebant.
941 2370 1285 2445 Thucydides
1323 2373 1367 2428 1.
1421 2377 1510 2428 58.
1583 2375 1868 2442 Περδίκκας
1924 2378 2085 2433 πείθει

98 2458 393 2519 Χαλκιδέας
429 2458 530 2519 τὰς
566 2458 652 2514 ἐπὶ
692 2457 932 2530 θαλάσσῃ
970 2458 1149 2521 πόλεις
1188 2461 1500 2523 ἐκλιπόντας
1541 2463 1630 2516 καὶ
1668 2465 2085 2531 καταβαλόντας

16 2579 20 2611 :
94 2548 449 2605 ἆνοικίσασθαι
489 2548 540 2608 ἐς
576 2549 855 2610 Ὄλυνθον,
899 2546 987 2602 ubi
1028 2549 1074 2603 si
1106 2550 1445 2614 οὶνοικισθῆναι
1487 2550 1817 2607 scriberetur
1855 2553 2087 2610 absurde

22 2695 25 2702 ,
98 2634 305 2692 dictum
345 2642 502 2692 esset.
580 2634 694 2708 Ipsi
730 2634 1140 2702 ChalcidenseS,
1179 2645 1400 2695 auctore
1440 2638 1728 2705 Perdicca,
1771 2642 1824 2696 in
1867 2643 2085 2698 interio-

15 2710 23 2756 ἶ
99 2741 213 2781 rem
262 2724 624 2780 continentem
679 2741 735 2779 se
775 2725 1039 2798 recepisse
1071 2724 1348 2782 dicuntur.
1428 2727 1487 2782 ln
1531 2728 1907 2803 Aristophanis
1948 2732 2084 2789 Pace

0 2829 20 2859 *r
97 2829 175 2868 vs·
214 2815 343 2868 203.
384 2811 611 2884 legitur:

474 2900 781 2970 ἐξῳκίσαντο
820 2902 863 2956 δ’
903 2903 946 2957 οἱ
988 2901 1082 2957 θεοὶ
1122 2903 1255 2966 τίνος
1295 2902 1507 2966 οὕνεκα;

15 3011 22 3036 ι·
95 2997 151 3047 et
193 3006 265 3046 vs.
301 2993 443 3046 207:

469 3077 616 3133 αὐτοὶ
657 3078 701 3131 δ’
737 3078 1038 3150 ἀνῳκίσανθ’
1075 3078 1209 3143 ὅπως
1250 3080 1517 3136 ἀνωτάτω.

94 3171 150 3221 et
199 3164 266 3220 ad
321 3164 552 3220 mediam
607 3164 834 3223 sormam
890 3167 1169 3223 reserenda
1228 3176 1355 3224 sunt
1409 3167 1644 3241 perfecta
1696 3187 1799 3226 vSS.
1849 3176 1974 3228 197.
2026 3179 2080 3227 et

96 3256 223 3309 260.
276 3254 426 3322 ἐχθές
473 3255 594 3309 εἰσιν
636 3253 959 3323 ἐξῳκισμένοι
1012 3264 1066 3311 cl
1118 3258 1269 3324 ἐχθὲς
1320 3259 1678 3326 εἰσῳκίσμεθα.
1760 3259 2078 3314 Rectissime

98 3340 401 3414 Stephanus
439 3343 492 3397 in
535 3342 816 3399 Aeschinis
858 3343 1175 3400 Timarchea
1217 3349 1245 3417 §
1291 3349 1413 3400 124.
1459 3346 1796 3402 emendavit:
1839 3347 1929 3400 ἐὰν
1969 3348 2011 3400 δ’
2054 3347 2078 3400 ὁ

98 3431 193 3492 μὲν
227 3428 534 3493 ἐξοικίσηται
559 3473 573 3496 ,
628 3432 699 3492 εἰς
752 3433 804 3487 δὲ
843 3434 902 3487 τὸ
947 3435 1076 3488 αὐτὸ
1115 3438 1263 3488 τοῦτο
1306 3435 1600 3502 ἐργαςήριον
1645 3436 1883 3503 χαλκεὺς
1933 3436 2077 3490 εἰσοι-

97 3517 336 3582 κίσηται,
378 3519 467 3573 ubi
508 3521 558 3575 in
611 3519 761 3574 libris
800 3520 1058 3576 barbarae
1109 3521 1308 3578 formae
1366 3523 1621 3594 leguntur
1660 3522 1981 3586 ἐξοικήσηται
2022 3529 2078 3578 et.

95 3607 478 3670 εἶσοικήσηται,
532 3608 983 3677 quemadmodum
1035 3612 1405 3675 κατοικήσηται
1450 3610 1689 3683 Thucyd.
1734 3609 1798 3664 ΙΙ.
1847 3614 1968 3666 102.
2023 3617 2077 3665 et
