2436 4068
1077 243 1180 293 115

120 393 173 441 et
208 384 424 458 posthac
462 391 713 449 utemur,
754 386 831 440 sic
864 392 1053 440 contra
1085 384 1304 439 Cratino
1336 384 1569 456 pessime
1600 391 1854 458 corrupto
1892 393 1944 442 et
1978 391 2111 442 scri-

120 474 309 529 barum
341 473 584 528 socordia
612 480 667 528 et
695 473 1047 528 Grammatici
1081 473 1275 544 supina
1309 473 1613 545 ignorantia
1643 473 1916 545 egregiam
1952 491 2107 546 opem

116 560 310 616 Orator
346 560 482 616 feret
517 569 572 616 et
609 560 718 616 alta
757 560 988 631 ealigine
1036 559 1286 616 obrutam
1335 552 1520 616 reram
1562 560 1849 616 lectionem
1890 561 2107 617 Aeschi-

114 664 213 704 nes
248 649 304 703 in
335 648 482 704 clara
517 648 639 704 luce
673 654 853 721 ponet.
931 646 1127 702 Suidas
1178 664 1228 702 v.
1267 648 1567 715 ἀμύνασθαι
1608 665 1674 704 ex
1714 649 1938 721 antiqua
1968 648 2108 713 λέξει

110 739 367 805 ῥητορικῇ,
406 735 550 792 unde
584 735 759 791 multa
792 735 1069 807 quantivis
1108 735 1269 807 pretii
1312 753 1454 791 unus
1501 736 1654 792 nobis
1703 737 1939 792 servavit
1979 735 2110 792 haec

114 823 298 879 affert:
338 825 424 879 ἐπὶ
478 826 577 878 τῶν
621 822 1024 890 προηδικημένων
1065 822 1343 878 τάσσουσιν
1385 826 1428 879 οἱ
1477 826 1676 894 ῥήτορες
1724 829 1783 880 τὸ
1830 824 2109 891 οὶμύνασ·

111 915 238 975 θαι,
287 911 375 965 ὅτε
410 913 455 965 οἱ
493 909 651 966 κακόν
697 931 748 966 τι
796 910 1046 971 παθόντες
1098 909 1503 978 οέντιπροὶσσουσι
1553 912 1672 974 τοὺς
1720 913 2109 982 προδιαθέντας,

111 997 305 1053 deinde
343 997 522 1053 addit:
574 997 662 1053 καὶ
709 997 1073 1066 ἀμύναιντο
1116 998 1388 1063 οἷμύναιεν.
1467 1006 1712 1065 Κρατῖνος
1760 1002 1810 1054 ἕν
1859 1000 2107 1062 Πυλαίαις

111 1086 401 1161 (Πυλαία)·
453 1088 655 1148 Αὐτοὺς
706 1087 1008 1141 ἐπαίδευσεν
1061 1084 1240 1154 ἔθρεψέ
1295 1107 1356 1140 τε
1407 1085 1661 1152 δημοσίοις
1713 1090 1980 1155 χρήμασιν
2033 1090 2107 1150 εἷς

109 1174 241 1240 ἥβην
281 1172 365 1229 ἵνα
405 1172 458 1228 οἵ
487 1195 615 1230 ποτε
664 1176 840 1240 λοιγὸν
883 1174 1187 1240 ἀμύναιντο.
1278 1172 1424 1229 Nihil
1471 1180 1554 1229 est
1599 1175 1654 1228 in
1702 1174 1856 1228 libris
1908 1178 2107 1247 praesi-

27 1325 30 1330 .
106 1260 211 1327 dii,
250 1262 355 1316 nisi
398 1261 541 1334 quod
594 1278 691 1334 pro
732 1263 908 1328 λοιγὸν
948 1261 1235 1327 ἀμύναιντο
1284 1261 1339 1316 iu
1385 1261 1430 1316 A
1478 1267 1561 1317 est
1606 1263 1780 1327 λοιγὸν
1824 1263 2107 1328 ἀμύναιτο,

105 1349 164 1405 ἰιι
215 1349 347 1405 BDE
396 1350 571 1416 λοιγὸν
621 1350 863 1417 ἀμύναιο.
956 1349 1139 1421 Neque
1190 1350 1244 1403 in
1292 1348 1510 1405 Criticis
1569 1349 1755 1404 auxilii
1808 1349 2104 1422 quidquam

108 1445 219 1495 est:
271 1437 571 1493 Meinekius
622 1445 677 1493 et
721 1437 1071 1515 ‚Hermannus
1136 1436 1526 1493 choriambicos
1596 1454 1852 1493 numeros
1904 1445 1958 1492 et
2011 1454 2104 1493 ne·
2150 1506 2155 1514 ,

105 1527 221 1583 scio
264 1525 395 1598 quid
439 1526 726 1582 restituere
764 1525 1053 1581 voluerunt
1089 1524 1182 1581 sed
1226 1531 1338 1580 tam
1384 1523 1699 1591 infeliciter,
1743 1533 1801 1581 ut
1843 1525 2104 1581 Bernhar-
2144 1553 2147 1557 ·

105 1613 232 1670 dius
277 1612 346 1669 ad
398 1612 620 1669 Suidam
669 1614 1034 1669 annotaverit:
1079 1613 1261 1677 »Quae
1303 1613 1686 1686 subsequuntur
1732 1614 1858 1668 adeo
1897 1613 2105 1667 nullum

104 1701 260 1758 metri
302 1702 578 1774 vesliqium
623 1701 924 1767 ostendunt,
971 1710 1028 1756 ut
1067 1701 1327 1774 sophistae
1379 1702 1586 1756 cuidam
1641 1701 1912 1773 scriptori,
1963 1701 2104 1756 velut

104 1788 346 1854 Aeliano,
395 1789 582 1844 malim
630 1807 690 1844 ea
736 1788 1060 1844 vindicare.''
1131 1789 1288 1846 Haud
1337 1789 1446 1846 vidi
1486 1789 1690 1862 magis:
1734 1789 1954 1844 Aeliano
1989 1790 2101 1844 vin-

103 1874 302 1940 dicari,
350 1875 387 1931 ὦ
426 1882 636 1932 Μοῦσαι
689 1878 876 1946 φίλαι,
929 1876 1074 1932 futili
1114 1876 1410 1949 sophistae,
1463 1894 1601 1949 quae
1647 1878 1926 1949 scripserit
1977 1878 2100 1933 Cra-

102 1965 278 2030 tinuS,
318 1980 568 2019 summus
606 1965 794 2019 Poeta!
855 1964 1118 2037 Expediet
1157 1981 1254 2019 nos
1294 1965 1588 2021 Aeschines
1623 1966 1678 2019 in
1724 1965 2102 2037 Ctesiphontea

103 2051 145 2127 S
188 2056 311 2125 154.
361 2054 608 2119 προελθὼν
646 2054 669 2107 ὅ
705 2052 862 2121 κήρυξ
908 2053 997 2108 καὶ
1051 2052 1490 2121 παραςησοὶμενος
1539 2055 1656 2115 τοὺς
1706 2055 1987 2122 ὀρφανοὺς,
2035 2052 2100 2109 ὧν

100 2143 144 2196 οἱ
183 2139 405 2209 πατέρες
446 2137 575 2203 ἦσαν
616 2142 666 2195 ἐν
707 2142 778 2209 τῷ
825 2140 1038 2210 πολέμῳ
1083 2140 1548 2206 τετελευτηκότες,
1600 2142 1890 2202 νεανίσκους
1940 2162 2098 2197 πανο-

99 2229 236 2299 πλία
272 2227 682 2295 κεκοσμημένους
716 2227 962 2297 ἐκήρυττε
1001 2231 1060 2284 τὸ
1100 2228 1350 2286 καλλιςον
1388 2229 1635 2296 κήρυγμα
1668 2230 1755 2285 καὶ
1793 2249 2094 2299 προτρεπτι-

29 2330 36 2348 “
97 2317 327 2373 κῶτατον
374 2317 496 2384 πρὸς
542 2316 758 2384 ἀρετήν,
802 2313 882 2372 ὅτι
928 2317 1109 2374 τούσδε
1162 2317 1280 2379 τοὺς
1322 2316 1644 2382 νεανίσκους,
1684 2315 1748 2373 ὧν
1789 2320 1831 2373 οἱ
1871 2318 2094 2390 πατέρες

96 2405 446 2469 ἐτελεύτησαν
485 2405 539 2459 ἐν
585 2405 655 2471 τῷ
705 2403 918 2475 πολέμῳ
965 2404 1144 2474 ανδρες
1198 2405 1387 2472 ἀγαθοὶ
1442 2404 1736 2471 γενόμενοι,
1788 2405 1948 2475 μέχρι
1999 2407 2094 2473 μὲν

0 2458 52 2649 ΙΙ
97 2491 228 2561 ἥβης
262 2494 287 2548 ὃ
321 2494 479 2560 δῆμος
514 2491 726 2561 ἔτρεφε,
766 2493 868 2548 νυν)
906 2493 959 2549 δὲ
1006 2493 1330 2556 καθοπλίσας
1367 2494 1487 2563 τῇδε
1527 2502 1592 2563 τῇ
1633 2494 1904 2564 πανοπλία
1932 2494 2095 2564 ἀφίη-

13 2589 18 2597 ’
97 2602 176 2636 σιν
213 2582 391 2652 ἀγαθῇ
427 2581 570 2651 τύχη
605 2579 881 2647 τρέπεσθαι
917 2580 1002 2636 ε’πι
1041 2603 1112 2637 τα
1147 2583 1340 2636 ἑαυτῶν
1381 2603 1468 2636 και
1512 2588 1673 2637 καλεῖ
1702 2583 1774 2644 εἰς
1814 2581 2093 2650 προεδρίαν.

15 2651 176 2848 {Ad
215 2668 312 2724 hos
347 2669 490 2742 ipsos
526 2668 724 2741 igitur,
770 2668 864 2741 qui
906 2669 960 2724 in
1003 2669 1155 2724 novis
1198 2669 1368 2725 armis
1409 2668 1677 2740 fulgentes
1717 2670 1771 2724 in
1812 2668 1927 2724 loco
1971 2685 2094 2724 con-

93 2772 280 2831 spicuo
314 2755 562 2813 sedentes
600 2754 755 2812 ludos
795 2755 1135 2829 spectabant,
1176 2774 1235 2813 se
1275 2757 1437 2813 Poeta
1475 2763 1694 2829 repente
1734 2757 1999 2813 convertit
2039 2763 2094 2812 et

39 2857 184 2908 teos
219 2843 503 2908 admonet,
550 2850 611 2899 ut
651 2861 750 2918 pro
800 2843 886 2900 his
933 2844 1209 2901 beneficiis
1262 2843 1454 2901 sortem
1509 2861 1572 2900 ac
1625 2852 1904 2901 strenuam
1956 2846 2090 2917 reip

23 2917 60 3024 ’ζ
91 2949 309 3007 operam
348 2939 654 3006 praestent,
689 2931 775 2988 his
816 2930 1021 2989 verbis:

0 2994 49 3102 Ι
1367 3021 1435 3094 [ὅ
1472 3022 1705 3095 Δῆμος]

47 3111 53 3126 '
391 3108 549 3171 αὐτὸς
585 3109 887 3166 ἐπαίδευσέν
925 3130 958 3164 σ
1014 3108 1260 3178 ἀνέθρεψέ
1299 3130 1357 3164 τε
1397 3108 1676 3174 δημοσίοισι

389 3198 657 3265 χρημασιν
693 3200 764 3259 εἷς
806 3195 966 3264 η’βην,
1006 3195 1090 3253 ἳνα
1124 3194 1175 3252 οἷ
1207 3217 1334 3252 ποτε
1374 3198 1550 3262 λοιγὸν
1589 3197 1831 3263 ἀμύναις.

0 3231 5 3345 Ι
91 3282 252 3340 Vides
289 3282 427 3339 levia
469 3291 679 3340 tantum
730 3285 860 3339 vitia
909 3284 1210 3355 scripturae
1249 3290 1302 3339 et
1351 3283 1646 3340 tralaticios
1687 3299 1898 3340 errores
1936 3300 2079 3346 csse,

4 3391 9 3446 ᾗ
89 3372 183 3445 qui
224 3370 415 3427 horum
457 3372 740 3428 verborum
782 3372 1105 3428 sententiam
1147 3378 1200 3426 et
1236 3388 1492 3427 numeros
1545 3372 1789 3427 funditus
1840 3369 2077 3441 perdide·

0 3373 9 3575 Ι
87 3458 217 3515 rint.
275 3458 438 3515 Vides
475 3467 814 3516 AMTNAIO
858 3461 1098 3533 proxime
1138 3476 1167 3513 a
1203 3476 1331 3514 vero
1363 3460 1548 3516 abesse
1587 3462 1662 3532 (ct
1701 3459 1896 3529 ubique
1937 3466 1982 3511 O
2024 3464 2079 3512 et

7 3563 10 3622 j
86 3544 128 3600 G
160 3548 605 3619 permiscentur),
649 3556 704 3603 at
737 3548 830 3620 qui
861 3548 1118 3613 ἀμύναιτο
1154 3554 1206 3603 et
1239 3548 1523 3613 ἀμύναιντο
1556 3564 1834 3602 correxere
1873 3544 2080 3601 scilicet

88 3641 303 3707 propter
344 3638 561 3699 αὐτούς,
604 3636 656 3691 hi
700 3644 824 3692 sunt
862 3638 953 3707 qui
1000 3638 1154 3691 istam
1199 3637 1482 3702 caliginem
1522 3635 1844 3690 olludcrunl.
1911 3632 2076 3689 Ditto·

1710 3728 1750 3756 10
