2436 4068
1261 193 1328 243 24

611 336 700 399 ἡδὺ
728 336 786 390 τὸ
820 337 998 404 μύρον,
1039 333 1320 400 παιδάριον.
1379 344 1434 386 Β.
1479 334 1568 396 ἡδύ
1595 352 1606 365 ·
1643 341 1747 396 πῶς
1789 336 1893 402 γὰρ
1928 336 2017 399 οὕς

613 423 857 491 νάρδινον.
1948 436 1951 440 ’

313 510 406 582 qui
443 511 551 572 πῶς
595 512 700 578 γαρ
741 511 830 573 οὕς
885 508 1158 580 respondit
1188 508 1277 571 ἡδύ
1320 524 1424 561 non
1459 508 1634 580 potuit
1674 515 1935 580 repetere.
2018 510 2231 564 Divide:

616 599 706 662 ἡδὺ
738 600 796 652 τὸ
836 599 1021 665 μύρον,
1063 594 1362 663 παιδάριον,
1402 597 1510 660 ἡδύ.
1554 606 1609 649 Β.
1643 601 1747 657 πῶς
1784 597 1889 665 γαρ
1930 596 2018 659 οὕς

312 686 462 741 Inter
500 686 634 741 duas
673 685 1088 755 colloquentium
1125 699 1378 755 personas
1411 683 1694 738 dividenda
1735 692 1861 739 sunt
1900 684 2060 739 verba
2102 685 2156 737 in
2195 683 2297 737 alio

311 761 590 829 Menandri
623 772 922 843 fragmento
959 772 1015 825 in
1056 770 1283 826 Bekkeri
1319 771 1517 825 Anecd.
1554 772 1593 824 Ι.
1631 789 1679 843 p.
1706 776 1844 836 558,
1890 776 1973 826 16.

613 859 678 914 ἂν
718 859 794 914 ἔτι
829 866 963 914 πιεῖν
1003 879 1088 925 μοι
1130 860 1194 927 δῷ
1223 878 1320 920 τις·
1373 870 1428 913 Β.
1462 862 1588 913 ἀλλ’
1620 863 1647 922 ἦ
1682 860 1950 929 βάρβαρος

612 946 733 1013 ἅμα
768 956 833 1018 τῇ
868 947 1097 1018 τραπέζῃ
1132 948 1218 1001 καὶ
1258 948 1344 1002 τὸν
1385 944 1508 1000 οἶνον
1549 946 1716 1014 ᾤχετο

616 1033 770 1104 &poco-⁹
809 1038 910 1105 ἀφ’
951 1038 1126 1101 ἡμῶν.

314 1141 451 1197 quae
497 1122 638 1179 male
683 1122 843 1194 vulgo
882 1122 1053 1178 eidem
1096 1124 1500 1177 continuantur.
1593 1121 1761 1176 Multa
1800 1121 2017 1177 turbata
2069 1129 2195 1176 sunt
2245 1123 2300 1174 in

315 1212 617 1285 fragmento
656 1212 948 1266 Damoxeni
985 1211 1127 1282 apud
1160 1211 1352 1264 Athen.
1386 1211 1475 1264 III.
1518 1213 1641 1263 101.
1679 1210 1738 1263 F.

1108 1331 1111 1333 ·
1286 1297 1584 1365 Ἐπικούρου
1616 1297 1668 1351 δέ
1701 1319 1771 1362 με

660 1390 777 1459 ὁρᾷς
811 1389 1047 1453 μαθητὴν
1080 1386 1203 1441 ὄντα
1239 1391 1327 1441 τοῦ
1366 1390 1555 1454 σοφοῦ,
1601 1388 1722 1453 παρ’
1755 1383 1789 1454 ᾧ

662 1478 713 1530 ἐν
748 1476 824 1529 δύ’
864 1475 1029 1530 ἔτεσιν
1070 1475 1157 1529 καὶ
1194 1473 1350 1540 μησὶν
1389 1477 1490 1540 οὐχ
1526 1470 1658 1535 ὅλοις
1699 1474 1825 1528 δέκα

657 1563 882 1622 τάλαντ’
919 1565 1024 1628 ,ἐγώ
1067 1583 1141 1617 σοι
1183 1562 1563 1616 κατεπύκνωσα
1599 1561 1862 1628 τέτταρα.

549 1663 605 1707 Β.
662 1656 812 1706 τοῦτο
846 1651 898 1704 δὲ
937 1651 991 1704 τί
1030 1652 1168 1713 ἕςιν;
1211 1650 1323 1705 εἶπέ
1353 1670 1457 1715 μοι.
1518 1658 1584 1702 A.
1626 1650 1917 1713 καθήγισα.

663 1739 911 1806 μάγειρος
949 1736 1005 1801 ἧν
1041 1740 1314 1799 κάκεῖνος..
1343 1740 1432 1791 οὐκ
1466 1738 1569 1806 ᾔδει
1608 1738 1736 1791 θεοί.

551 1837 607 1880 Β.
667 1833 806 1887 ποῖος
837 1825 1120 1892 μάγειροςς
1162 1834 1229 1879 Α.
1261 1829 1289 1888 ἡ
1324 1826 1482 1894 φύσις
1524 1825 1698 1887 πάσης
1732 1824 1924 1891 τέχνης

664 1914 950 1983 άρχέγονόν
991 1915 1082 1974 ε’ς’,
1127 1913 1445 1980 ἀρχέγονον,
1486 1910 1741 1979 ὦλιτήριε.

328 2008 645 2074 corruptum
679 2010 761 2057 est
795 2005 884 2057 οὐκ
918 2003 1039 2066 {aaa
1075 2002 1172 2055 θεοί
1212 2007 1265 2054 et
1314 2000 1505 2053 ultima
1543 2000 1721 2053 omnia
1763 2004 2098 2071 praepostere
2127 1998 2313 2053 divisa.

331 2091 435 2158 Qui
474 2090 858 2144 iactabundum
891 2106 1123 2160 coquum
1153 2088 1432 2143 audiverat
1469 2089 1671 2158 primos
1705 2105 1891 2142 versus
1921 2093 2228 2158 crepantem
2262 2093 2315 2140 et

327 2180 627 2251 Epicurum
663 2179 984 2250 magistrum
1026 2176 1356 2230 exclamat:-

634 2273 884 2333 μαγεῖρος
920 2263 976 2328 ἧν
1014 2265 1276 2327 κάκεῖνος,
1316 2261 1351 2317 ὦ
1388 2270 1460 2327 γῆ
1496 2264 1582 2317 καὶ
1620 2264 1719 2317 θεοί
1732 2265 1742 2316 1

333 2357 610 2425 Frequens
648 2361 729 2408 est
769 2353 964 2407 Atticis
998 2353 1051 2406 in
1089 2369 1179 2406 ore
1219 2349 1254 2405 ὦ
1287 2359 1358 2416 γῆ
1393 2350 1479 2404 καὶ
1519 2351 1640 2414 θεοί,
1683 2353 1735 2405 si’
1765 2350 1893 2420 quid
1925 2351 2194 2406 mirantur
2222 2358 2316 2404 aut

333 2441 703 2511 indignantur.
786 2441 923 2494 Tum
955 2457 1189 2511 coquus:

639 2537 778 2592 ποῖος
819 2528 1098 2596 μάγειροςς
1142 2531 1169 2591 ἡ
1204 2529 1362 2598 φύσις
1397 2526 1570 2588 πάσης
1611 2526 1803 2592 τέχνης

637 2617 921 2686 οὲρχέγονόν
956 2618 1058 2674 εἷς’.

339 2713 479 2768 ποῖος
507 2707 782 2774 μάγειροςς
815 2706 1017 2760 dicitur
1047 2721 1171 2758 cum
1196 2705 1444 2762 irrisione
1466 2710 1526 2757 ut
1559 2705 1614 2756 in
1636 2702 1872 2763 Platonis
1893 2701 2086 2771 Gorgia
2116 2717 2172 2770 p.¹
2194 2702 2325 2774 490.>

341 2796 405 2850 1).
454 2794 605 2848 ποίων
654 2795 906 2859 ἱματίωνς
976 2801 1028 2847 et
1082 2799 1199 2864 post
1251 2809 1422 2863 pauca
1481 2798 1606 2844 ποῖα
1664 2790 2004 2854 ὑποδήματας
2067 2791 2321 2856 φλυαρεῖς

343 2882 498 2949 ἔχων.
578 2881 747 2937 Multa
780 2881 943 2934 huius
983 2899 1114 2935 usus
1143 2881 1383 2952 exempla
1423 2879 1708 2950 adscripsit
1747 2875 2017 2932 Heindorf.
2053 2875 2120 2929 ad
2154 2874 2323 2931 Plato-

346 2970 432 3023 nis
471 2969 740 3035 Charmid.
783 2987 831 3041 p.
870 2975 992 3024 174.
1027 2971 1083 3028 B.
1139 2977 1314 3034 ποῖον,
1348 2968 1392 3032 ,ἦ
1431 2970 1473 3021 δ’
1514 2965 1594 3029 ὅς,
1636 2965 2002 3028 πεττευτικόνς
2072 2965 2231 3028 Quem
2273 2971 2326 3015 tu

346 3057 481 3111 mihi
518 3075 745 3128 coquum
792 3061 1016 3111 narras?
1065 3059 1277 3128 inquit,
1330 3060 1357 3119 ἧ
1400 3057 1559 3125 φύσις
1597 3055 1770 3116 πάσης
1810 3055 2001 3121 τέχνης
2042 3050 2325 3120 οἷρχέγονόν

349 3147 460 3209 ε’ς’,
500 3145 566 3199 ad
602 3145 731 3199 haec
765 3145 926 3198 verba
958 3145 1092 3198 alter
1131 3163 1186 3199 se
1222 3161 1326 3198 non
1364 3145 1601 3198 continet
1636 3149 1689 3197 et
1720 3142 2026 3210 ἀρχέγονον,
2067 3138 2324 3206 ὦλιτήριεέ

350 3233 626 3287 occlamat.
716 3232 777 3285 In
816 3231 919 3286 fine
960 3233 1064 3286 duo
1100 3233 1271 3287 obiter
1310 3232 1441 3285 vitia
1481 3230 1624 3285 tolle:
1666 3247 1742 3284 VS.
1780 3234 1980 3300 651pro
2013 3224 2115 3281 εἶδε
2153 3228 2325 3290 τάγα-

351 3318 430 3375 θὸν
462 3319 612 3386 μόνος
664 3319 672 3393 ί
719 3321 902 3380 ἐκεῖνος
934 3317 1030 3374 οἷόν
1069 3323 1171 3378 ἐςιν
1211 3314 1426 3390 reqUiro
1463 3315 1597 3382 οἶδε,
1636 3324 1687 3371 et
1727 3335 1804 3372 vs.
1831 3321 1900 3370 67
1950 3333 2044 3387 pro
2082 3313 2207 3369 οὕτω
2250 3334 2323 3366 σοι

351 3410 491 3463 δοκεῖ
520 3408 740 3479 legerim
783 3410 836 3461 οὐ
876 3407 962 3460 καὶ
1006 3409 1078 3462 σοὶ
1121 3410 1285 3469 δοκεῖς
1331 3414 1390 3460 ut
1434 3408 1488 3459 in
1525 3406 1714 3476 Vespis
1751 3422 1825 3458 vs,
1859 3408 1986 3459 955.
2030 3406 2083 3458 οὐ
2126 3401 2211 3457 καὶ
2251 3401 2323 3457 σοὶ

349 3496 519 3562 δοκεῖ,
570 3495 578 3571 Ι
632 3494 933 3564 ὦλεκτρυόν;
972 3497 1027 3557 νὴ
1063 3497 1146 3550 τὸν
1186 3496 1294 3559 Δί’,
1336 3495 1542 3560 ἐπιμύει
1581 3494 1646 3558 γε’
1680 3513 1772 3553 τοι,
1850 3557 1854 3559 η
