2436 4068
1307 212 1411 262 (574

382 356 567 411 taviris
621 355 980 410 Theramenes
1034 353 1090 406 in
1143 354 1294 407 curia
1336 353 1610 424 praedicat
1660 357 1802 428 apud
1852 359 2254 432 Xenophontem
2295 365 2353 417 in

382 444 584 499 Hellen.
623 444 689 496 ΙΙ.
732 460 806 495 111.
851 445 939 496 42.
996 442 1095 495 οὐδ’
1147 438 1214 495 αὖ
1266 441 1423 495 ἐδόκει
1482 463 1567 507 μοι
1606 443 1722 498 οὔτε
1782 448 2149 514 Θρασύβουλον
2200 453 2354 506 οὔτε

379 536 652 587 ’Ἄνυτον
710 530 826 584 οὔτε
880 529 1222 594 Ἀλκιβιάδην
1273 531 1610 597 φυγαδεύειν.
1690 533 1890 588 Ηο1·11[11
1934 537 2104 606 igitur
2145 555 2358 593 summa

380 621 484 675 fuit
523 619 826 673 animorum
882 626 936 671 et
986 615 1332 670 consiliorum
1386 620 1710 690 conspiratio
1750 622 1816 675 ad
1873 625 2100 694 patriam
2159 643 2223 679 ex
2266 626 2356 680 illa

383 709 642 763 servitute
701 704 1110 759 vindicandam:
1173 703 1266 758 sed
1321 722 1485 776 quum
1549 707 1850 764 Alcibiades
1908 712 1960 764 in
2023 711 2113 766 illo
2172 714 2357 768 exsilio

384 796 581 850 Critiae
621 792 829 848 artibus
884 800 1107 847 necatus
1152 798 1328 857 esset,
1372 793 1744 867 Thrasybulus
1790 804 1842 851 et
1882 799 2093 872 Anytus
2134 799 2260 855 forti
2301 809 2356 857 et
2428 860 2431 866 ,

379 891 601 938 strenua
652 898 811 952 opera
850 880 1088 935 Athenas
1129 879 1510 935 liberaverunt.
1590 883 1767 949 Quum
1820 886 2000 941 exules
2041 888 2232 943 audaci
2275 891 2353 943 in-

381 978 533 1044 cepto
573 969 776 1042 Phylen
820 975 1170 1040 occupassent
1210 971 1420 1041 Anytus
1458 969 1531 1022 ibi
1567 988 1691 1024 cum
1731 972 1957 1043 imperio
1996 973 2128 1038 suit,
2173 977 2354 1048 ibique
2421 1030 2426 1035 ,

380 1059 511 1114 illud
559 1057 876 1130 prudentiae
929 1065 981 1111 et
1017 1057 1333 1112 clementiae
1386 1057 1654 1127 specimen
1697 1059 1899 1125 edidit,
1958 1063 2099 1133 quod
2154 1081 2354 1120 memo·

379 1149 493 1203 riae
552 1144 785 1218 prodidit
823 1144 1011 1217 Lysias
1061 1147 1180 1199 κατ’
1221 1143 1508 1212 Ἀγοράτου
1563 1148 1591 1216 §
1635 1150 1734 1211 77,
1778 1152 1848 1203 78
1903 1157 1955 1203 et
1996 1154 2087 1207 82.
2168 1153 2356 1225 ltaque

377 1241 694 1307 recuperata
733 1233 911 1304 patria
949 1238 1003 1286 et
1054 1235 1306 1287 restituta
1353 1232 1606 1288 libertate
1655 1233 1951 1305 plurimum
2005 1241 2245 1295 omnium
2298 1242 2352 1296 in

380 1325 598 1379 civitate
651 1321 882 1375 valuisse
933 1337 1057 1374 cum
1106 1320 1441 1394 Thrasybulo
1486 1323 1724 1395 Anytum
1785 1322 1940 1380 facile
1981 1335 2118 1382 esset
2164 1329 2230 1382 ad
2269 1330 2351 1383 in-

379 1410 727 1482 telligendum
769 1409 933 1462 etiam
982 1408 1098 1462 sine
1147 1408 1346 1462 diserto
1385 1409 1638 1464 Isocratis
1679 1412 1985 1468 testimonio
2024 1417 2168 1470 κατά
2207 1425 2350 1471 Καλ-

381 1500 619 1566 λιμάχου
671 1500 825 1568 §25
888 1496 1255 1563 Θρασύβουλος
1305 1500 1391 1552 καὶ
1433 1500 1653 1560 ’Ἄνυτος
1707 1500 1974 1566 μέγιςον
2033 1504 2128 1568 μὲν
2182 1504 2354 1559 δυνά·
2415 1496 2418 1498 v

376 1608 557 1655 μενοι
596 1591 714 1640 τῶν
759 1586 821 1638 ἐν
866 1592 938 1653 τῇ
991 1584 1211 1649 πόλει,
1270 1592 1472 1640 πολλῶν
1512 1588 1555 1640 δ’
1609 1589 1977 1655 άπεςερημένοι
2032 1593 2353 1659 χρημάτων,

378 1677 566 1736 εἰδότες
619 1676 670 1728 δὲ
723 1675 839 1733 τοὺς
888 1671 1349 1740 ἀπογράψαντας,
1401 1671 1534 1739 ὅμως
1567 1677 1623 1728 οὐ
1661 1682 1917 1741 τολμῶσιν
1971 1681 2146 1740 αὐτοῖς
2204 1681 2350 1743 δίκας

376 1761 675 1831 λαγχάνειν
723 1762 833 1816 οὐδὲ
883 1769 1251 1826 μνησικακεῖν,
1291 1763 1416 1815 ἀλλ’
1457 1763 1499 1815 εἶ
1542 1763 1628 1835 καὶ
1670 1764 1782 1831 περὶ
1819 1766 1918 1818 τῶν
1969 1764 2144 1821 ἄλλων
2183 1771 2352 1834 μάλ·
2423 1781 2426 1793 ’

376 1867 482 1908 λον
537 1851 774 1918 ἑτέρων
828 1848 1157 1903 δύνανται
1211 1849 1806 1918 διαπράττεσθαι,
1845 1854 1971 1907 άλλ’
2011 1851 2091 1908 οὖν
2131 1858 2248 1923 περί
2284 1878 2352 1922 γε

374 1948 472 1996 ’τῶν
509 1942 559 1993 ἕν
600 1946 718 2000 ταῖς
760 1939 1030 2000 συνθήκαις
1070 1936 1173 1991 ἴσον
1211 1936 1351 2005 ἔχειν
1389 1945 1495 1999 τοῖς
1538 1937 1717 1999 ἄλλοις
1757 1938 2003 2003 άξιοῦσιν.
2058 1959 2122 1997 ex
2153 1944 2351 2014 quibus

375 2030 554 2084 verbis
605 2028 736 2082 satis
789 2031 1009 2095 apparet
1051 2025 1449 2099 Thrasybulum
1484 2032 1537 2080 et
1589 2027 1867 2100 Anytum,
1904 2028 2216 2086 liberatores
2261 2050 2350 2104 pa·
2419 2027 2422 2097 J.

375 2119 549 2182 triae,
601 2115 842 2169 omnium
902 2113 1102 2167 civium
1159 2115 1557 2185 potentissimos
1614 2116 1670 2168 in
1722 2132 1831 2187 rep.
1876 2124 1993 2187 post
2042 2120 2350 2176 restitutam
2415 2113 2425 2177 fs?

376 2204 767 2261 Democratiam
826 2200 1007 2254 fuisse.
1089 2200 1219 2267 Quis
1260 2201 1471 2256 dubitat
1516 2203 1644 2273 quin
1703 2203 2043 2270 AlcibiadeS,
2093 2208 2199 2261 nisi
2237 2209 2349 2263 Cri·

375 2296 484 2349 tiae
541 2290 727 2345 fraude
782 2291 1101 2342 interemtus
1158 2288 1380 2353 suisset,
1437 2297 1491 2344 et
1531 2306 1560 2343 a
1617 2291 1950 2364 Thrasybulo
2000 2301 2052 2348 et
2102 2311 2132 2348 a
2174 2305 2353 2351 vetere

376 2387 612 2437 amatore
666 2379 841 2451 Anyto
891 2375 1280 2430 lubentissimis
1333 2379 1388 2430 in
1443 2377 1678 2432 eiusdem
1733 2381 1938 2450 gratiae
1978 2388 2031 2436 et
2085 2386 2353 2454 potentiae

378 2471 687 2525 societatem
723 2471 971 2536 receptus
1021 2472 1158 2518 esset
1213 2466 1442 2530 tertius,
1497 2465 1947 2536 quemadmodum
2003 2477 2161 2524 antea
2214 2471 2351 2526 cala-

381 2557 587 2613 mitatis
640 2561 692 2608 et
745 2553 917 2608 exsilii
974 2553 1151 2607 socius
1203 2552 1424 2607 fuisset?
1505 2553 1701 2619 Nemo,
1743 2556 1834 2626 qui
1889 2555 2019 2611 haec
2066 2557 2352 2630 diligenter
2415 2586 2419 2602 τ

382 2643 751 2719 perpenderit,
805 2641 1060 2716 inducere
1100 2642 1295 2712 poterit
1332 2643 1384 2694 in
1426 2643 1668 2696 animum
1725 2641 1840 2696 fieri
1890 2647 2128 2716 potuisse
2187 2655 2246 2702 ut
2297 2649 2352 2702 in
2408 2633 2436 2720 J*

382 2737 498 2806 ipso
542 2730 776 2788 Socratis
816 2728 1016 2782 iudicio
1043 2730 1260 2782 crimini
1294 2747 1386 2784 reo
1426 2729 1647 2784 daretur
1683 2731 1822 2802 quod
1857 2733 1996 2804 apud
2040 2735 2353 2807 Xenophon-
2406 2733 2421 2790 ,ὲ

384 2830 495 2877 tem
536 2821 738 2891 legitur
784 2819 938 2871 Mem.
977 2817 1016 2871 I.
1057 2834 1112 2870 11.
1160 2821 1244 2871 12.
1298 2820 1461 2880 ἀλλ’,
1520 2817 1620 2886 ἔφη
1663 2820 1684 2872 ὁ
1725 2822 2035 2889 κατήγορος,
2090 2823 2352 2891 Σωκράτει

388 2910 616 2977 ὃμιλητα
650 2906 902 2973 γενομένω
944 2907 1165 2973 Κριτίας,
1194 2906 1280 2960 καὶ
1320 2906 1660 2974 Ἀλκιβιάδης
1703 2915 1899 2966 πλεῖ-τα
1945 2910 2086 2964 κακοὶ
2126 2913 2218 2973 την
2265 2912 2356 2967 πό·
2405 2929 2436 2980 gg

385 3012 467 3054 λιν
509 2995 835 3058 ἐποιησάτην.
918 2993 1086 3060 Quem
1129 2995 1230 3048 ista
1272 2994 1469 3049 dixisse
1507 2996 1846 3067 putabimus?
1889 2997 2244 3053 Meletumne?
2287 3016 2355 3054 an
2401 2994 2436 3074 ξι

321 3155 327 3159 7
386 3083 696 3160 Lyconem?
740 3100 806 3136 an
847 3082 1023 3152 ipsum
1064 3082 1347 3155 Anytuin?
1408 3083 1630 3138 Meletus
1670 3083 2132 3149 adolescentulUS,
2173 3093 2226 3141 et
2266 3104 2356 3143 ne·
2397 3070 2436 3165 3}

388 3174 524 3230 mini
567 3178 725 3226 notus
764 3171 818 3223 in
855 3170 1071 3223 civitate
1105 3169 1428 3237 homuncio,
1482 3173 1572 3225 vix
1621 3178 1780 3226 natus
1830 3179 1945 3226 erat
1995 3189 2162 3243 quum
2216 3175 2359 3229 Alci-
2400 3159 2436 3250 l}

388 3261 572 3317 biades
611 3260 838 3330 triginta
881 3256 989 3312 sere
1028 3258 1185 3311 annis
1230 3265 1355 3312 ante
1377 3259 1417 3331 1)
1461 3260 1682 3313 ineunte
1726 3257 2083 3316 adolescentia
2125 3258 2360 3319 Socratis

2404 3372 2406 3374 ’
2431 3371 2436 3428 ἒ

460 3507 504 3573 1)
544 3517 751 3570 Triginta
784 3518 907 3558 annis
941 3520 1039 3557 ante
1073 3517 1251 3557 Socratis
1286 3517 1488 3576 iud—icium
1522 3518 1701 3557 Pericles
1748 3518 1856 3558 diem
1904 3533 2026 3560 suum
2072 3521 2206 3569 obiit,
2255 3536 2357 3574 quo·
2433 3536 2436 3543 ι

389 3599 486 3625 cum
519 3583 754 3623 Alcibiades
789 3580 903 3636 πρὶν
935 3577 1126 3620 εἴκοσιν
1159 3574 1279 3620 ἑτῶν
1317 3578 1447 3620 εἶναι
1469 3610 1479 3629 ,
1516 3598 1592 3637 quo
1622 3591 1802 3638 tempore
1837 3586 2031 3628 Socratis
2056 3589 2356 3630 consuetudine

381 3653 611 3699 utebatur,
650 3649 854 3690 nonnulla
890 3649 1138 3689 disseruisse
1174 3651 1367 3689 narratur
1401 3648 1443 3689 in
1481 3651 1644 3692 Memor.
1677 3653 1708 3693 1.
1749 3665 1790 3693 11.
1829 3653 1903 3693 40.
