2436 4068
1139 265 1165 301 V

152 410 204 462 in
250 410 513 465 ὑποςᾶσαν
554 408 646 476 ὄρει
687 407 851 462 latere
891 408 987 461 ὑπὸ
1028 406 1354 474 Στασάνοριῖ
1434 407 1607 461 Paene
1639 406 1912 461 cernimus
1953 407 2124 463 oculis

147 511 471 582 scripturam
514 518 746 564 veterem
786 516 1380 574 ΤΠΟΣΤΑΣΑΝΟΡΙ,
1422 525 1581 580 quam
1638 507 1814 562 scriba
1851 506 2006 560 nihili
2042 510 2121 562 sic

146 609 454 682 depravavit
495 618 555 664 ut
597 609 785 664 Strabo
826 609 1056 680 ineptire
1112 608 1404 664 videretur.
1490 607 1593 663 Sed
1645 609 1699 661 in
1757 606 1955 662 talibus
1995 625 2120 663 vera

146 710 304 765 lectio
343 710 571 780 emergit
610 708 700 764 ubi
739 709 861 780 quis
899 714 953 763 et
1006 707 1072 762 ab
1124 708 1322 762 iudicio
1355 716 1407 764 et
1446 708 1512 763 ab
1563 707 1864 763 eruditione
1903 714 2122 779 paratus

142 828 365 866 manum
407 810 614 865 vulneri
652 809 917 864 admovet.
966 811 1025 865 In
1067 808 1153 863 his
1191 810 1529 881 potissimum
1554 825 1715 881 quam
1757 809 1890 863 nihil
1911 808 2120 864 scribae

145 911 411 982 cogitent,
456 927 617 982 quam
671 909 807 963 nihil
847 909 1152 980 intelligant
1197 908 1498 964 luculenter
1551 916 1790 982 apparet.
1871 908 2122 964 Anaxilas

142 1012 198 1065 in
239 1012 497 1067 Athenaei
547 1011 736 1066 Codice
775 1010 1068 1084 archetypo
1108 1011 1377 1065 Marciano
1418 1017 1471 1066 et
1512 1010 1832 1084 apographis
1869 1009 2121 1066 omnibus

143 1111 378 1168 traditur
417 1113 614 1167 dixisse
653 1113 795 1168 XIII.
839 1130 894 1184 p.
931 1115 1038 1167 558
1079 1112 1140 1169 B.

366 1216 410 1269 οἱ
450 1215 653 1284 Σινώπη
691 1214 734 1268 δ’
774 1211 842 1269 αὖ
881 1211 1113 1274 συνόντες
1153 1214 1253 1280 οὐχ
1294 1210 1416 1284 ὕδρα
1456 1212 1643 1268 σύνεισι
1686 1217 1802 1276 vom

367 1319 531 1384 γραῦς
573 1315 667 1382 μὲν
706 1312 870 1379 αὕτη,
909 1313 1264 1383 παραπέφυκε
1299 1314 1343 1369 δ’
1386 1317 1414 1378 ἧ
1456 1313 1712 1370 Γνάθαινα
1753 1315 2003 1380 πλησίον,

364 1419 428 1478 ὥς
468 1418 541 1471 τα
580 1414 757 1471 πολλοὶ
796 1417 852 1481 γ’
894 1415 988 1470 εἶσὶ
1029 1414 1224 1476 ταύτης
1266 1413 1340 1472 ἔςι
1380 1413 1648 1469 διπλάσιον
1688 1405 1868 1472 κακόν.

142 1532 320 1571 veram
364 1518 692 1590 scripturam
732 1517 932 1588 reperit
970 1514 1241 1570 Dobraeus
1281 1514 1505 1570 AdverS.
1541 1516 1608 1571 II.
1650 1533 1701 1588 p.
1743 1521 1874 1574 541.

360 1617 460 1677 ὦς’
501 1621 1000 1683 ἀπαλλαγεῖσι
1042 1617 1239 1679 ταύτης
1281 1615 1356 1675 ἔςι
1397 1617 1666 1672 διπλάσιον
1705 1617 1882 1672 κακόν.

134 1717 281 1773 vides
319 1725 1272 1775 ΩΣΤΑΠΑΛΛΛΓΕΙΣΙΤΑΤΤΗΣ
1313 1715 1627 1772 dormitanti
1672 1717 1892 1773 librario
1933 1718 2109 1805 fraudi

132 1819 316 1878 fuisse.
398 1820 599 1875 Verum
650 1817 1023 1874 huiuscemodi
1065 1818 1197 1872 vitia
1240 1835 1303 1872 ex
1357 1816 1510 1871 libris
1552 1820 1877 1889 pervetustis
1924 1836 2109 1892 propa-

133 1927 255 1991 gata
289 1920 363 1975 nil
399 1921 505 1976 nisi
545 1920 891 1975 librariorum
941 1926 1215 1991 stuporem
1251 1924 1304 1972 et
1342 1918 1613 1974 inscitiam
1655 1927 1928 1991 arguunt,
1973 1938 2115 1993 quae

133 2028 336 2093 quanta
374 2023 444 2076 sit
490 2038 644 2076 nemo
704 2021 836 2075 satis
895 2021 1034 2074 scire
1082 2025 1259 2091 potest
1308 2018 1412 2073 nisi
1450 2017 1543 2073 diu
1579 2035 1641 2073 ac
1688 2019 1922 2076 multum
1964 2030 2110 2077 vete--

131 2140 217 2178 res
258 2123 598 2178 membranas
633 2121 1020 2195 exploraverit,
1061 2121 1154 2175 sed
1193 2120 1334 2174 idem
1364 2119 1521 2192 longo
1559 2137 1661 2176 usu
1695 2122 1943 2177 omnibus
1981 2123 2108 2178 isto-

128 2241 251 2279 rum
300 2224 574 2279 erroribus
614 2230 667 2278 et
706 2221 986 2276 fraudibus
1035 2219 1369 2276 assuefactus
1426 2221 1679 2294 pleraque
1728 2222 1876 2278 nullo
1924 2223 2108 2280 labore

127 2323 357 2380 sanabit.
437 2323 654 2379 Codices
707 2324 877 2395 igitur
921 2323 998 2378 sic
1046 2339 1077 2377 a
1127 2321 1455 2377 dormitante
1505 2322 1724 2379 librario
1759 2342 1825 2380 ex
1876 2326 2105 2381 vetustis

126 2426 278 2482 libris
338 2426 594 2498 descripti
661 2424 872 2480 facilem
934 2431 987 2479 et
1052 2423 1354 2496 expeditam
1413 2423 1612 2479 habent
1675 2424 2104 2482 emendationem

126 2529 455 2601 eandemque
519 2535 722 2583 certam
781 2534 835 2582 et
893 2524 1140 2580 omnibus
1209 2524 1569 2581 manifestam.
1664 2527 1724 2581 In
1785 2526 1870 2582 his
1930 2527 2106 2591 morbi

124 2638 251 2685 sunt
291 2628 554 2685 sanabiles
607 2636 660 2683 et
713 2631 771 2683 τὸ
812 2627 1114 2696 ζητούμενον
1155 2626 1372 2681 ἁλωτόν.
1455 2626 1557 2682 Sed
1605 2633 1733 2682 sunt
1771 2627 1863 2683 alii
1910 2628 2102 2693 multi,

126 2734 180 2786 in
231 2731 427 2804 quibus
477 2747 661 2784 omnes
711 2727 1016 2783 istiusmodi
1061 2735 1266 2783 veteres
1322 2728 1590 2783 scribendi
1638 2746 1847 2785 errores
1899 2746 1931 2784 a
1970 2729 2106 2785 male

123 2834 269 2888 sanis
308 2830 701 2888 correctoribus
750 2829 1025 2886 Graeculis
1068 2831 1146 2884 sic
1191 2830 1405 2885 correcti
1439 2837 1566 2885 sunt
1620 2831 1862 2897 scilicet,
1903 2837 1964 2885 ut
2016 2830 2102 2887 de-

123 2943 342 3007 pravata
382 2951 505 3007 pars
551 2935 754 2988 intacta
810 2932 1243 3004 relinqueretur,
1302 2949 1433 2987 sana
1482 2939 1535 2988 et
1582 2933 1790 3004 integra
1843 2948 1937 3004 per
1992 2933 2100 2987 vim

119 3037 387 3109 corruptis
426 3033 940 3091 accommodaretur.
1019 3033 1083 3087 In
1124 3033 1314 3088 horum
1355 3033 1624 3088 nonnullis
1659 3050 1784 3089 vera
1826 3034 2098 3106 scriptura

123 3136 302 3210 aliquo
324 3136 477 3192 modo
517 3135 829 3207 investigari
871 3140 1080 3206 potest,
1123 3134 1176 3187 in
1220 3133 1489 3206 plerisque
1527 3140 1739 3188 mortuo
1771 3134 2096 3191 medicinam

120 3238 347 3294 facimus
383 3245 435 3293 et
480 3237 653 3291 omnis
708 3234 1028 3291 emendandi
1084 3250 1243 3306 opera
1291 3233 1513 3288 luditur.
1593 3233 1934 3305 Deprehensa
1980 3241 2095 3299 est,

123 3346 182 3393 ut
220 3337 590 3403 ostendimuS,
635 3335 937 3390 istiusmodi
995 3334 1333 3407 interpolatio
1379 3335 1434 3388 in
1484 3334 1718 3389 Anabasi
1764 3334 1878 3392 V11.
1921 3351 1959 3392 1.
2003 3338 2094 3389 28.

124 3439 213 3495 ubi
262 3441 316 3493 in
354 3438 504 3493 libriS
549 3446 662 3493 est:
718 3437 1133 3503 Λακεδαιμονίων
1174 3436 1267 3502 μὲν
1321 3435 1407 3491 καὶ
1467 3442 1562 3492 τῶν
1625 3439 1916 3506 Ἀχαιῶν
1961 3457 2090 3503 συμ-

125 3539 312 3607 μάχων
353 3538 719 3607 ὑπαρχόντων,
784 3539 1059 3601 Ἀθηναίων
1111 3539 1163 3593 δὲ
1220 3537 1304 3592 καὶ
1362 3535 1463 3592 ὅσοι
1525 3539 1726 3599 ἐκείνοις
1783 3537 1902 3591 τότε
1961 3534 2090 3598 ἦσαν

125 3642 398 3708 σύμμαχοι
441 3642 647 3696 πάντων
688 3640 1208 3709 προσγεγενημένων,
1250 3657 1386 3711 quac
1427 3639 1654 3695 absurda
1700 3648 1824 3694 sunt
1879 3646 1928 3693 ol
1971 3655 2089 3694 sen·
