2436 4068
1354 232 1458 281 504

402 378 728 432 coniecturis
787 376 1147 444 Interpretum
1203 380 1256 427 et
1310 373 1609 428 Editorum.
1688 374 1894 429 Novum
1950 377 2203 432 mendum
2259 397 2381 434 con-

401 466 630 538 spicitur
669 465 723 518 in
766 462 805 536 S
849 465 918 515 24
962 461 1160 516 σπάνια
1189 463 1284 526 μὲν
1324 462 1528 529 ὁρῶντες
1562 462 1635 516 τοὶ
1667 463 1814 527 ὤνια,
1855 463 2053 519 σποὲνια
2087 467 2130 520 δ’
2170 466 2379 534 ἔχοντες

397 552 550 608 ὅτων
590 553 867 615 ὠνήσεσθε,
911 549 1166 620 Stephani
1202 550 1510 603 coniectura
1568 549 1751 604 infelix
1785 551 2070 605 admodum
2110 561 2190 607 est
2230 552 2378 618 ὅτων,

399 658 560 713 quam
603 647 781 694 tamen
818 654 1003 692 omnes
1045 636 1319 707 probatam
1362 646 1700 708 receperunt.
1779 638 1838 692 In
1880 639 2031 693 libris
2070 640 2380 696 melioribus

398 735 480 783 est
518 725 641 782 ὅταν
679 728 898 790 ὠνῆσθε,
942 727 996 778 in
1040 724 1396 779 deterioribus
1434 723 1548 779 ὅτου
1591 728 1867 790 ὠνήσεσθε,
1903 728 2048 799 ‘quod
2099 729 2255 783 unice
2296 747 2379 784 ve-

396 833 518 870 rum
559 821 658 870 est.
740 813 890 882 Quod
931 813 1300 868 demonstrant
1352 812 1494 867 docti
1536 813 1779 869 homines
1817 814 1940 869 ὅτων
1989 817 2223 870 Atticam
2278 817 2378 871 sor-

394 920 541 958 mam
593 919 745 967 esse,
802 902 938 956 nihil
987 901 1115 955 facit
1157 901 1222 955 ad
1265 918 1417 965 rem,
1470 901 1561 956 sed
1619 899 1782 957 ὅτων
1837 905 2082 967 ὠνήσεσθε
2127 922 2223 976 pro
2261 903 2375 960 ὅτου

396 991 506 1045 diei
561 1007 715 1063 posse
769 1007 925 1045 nemo
984 989 1373 1044 demonstrabit
1427 1006 1700 1060 umquam.
1801 991 1913 1046 Non
1967 992 2125 1047 aliter
2179 991 2379 1048 Graece

396 1079 504 1134 dici
546 1085 719 1151 potest
761 1095 923 1150 quam
957 1075 1072 1133 ὅτου
1115 1079 1368 1142 ὠνήσομαι
1404 1082 1458 1131 el'.
1495 1078 1670 1133 ὁπόθεν
1712 1081 1983 1146 ὠνήσομαι.
2064 1080 2216 1136 Latet
2254 1081 2382 1135 alibi

393 1167 629 1233 vitium,
690 1167 831 1239 quod
899 1167 978 1221 sie
1036 1165 1380 1220 eximendum
1442 1173 1524 1219 est
1590 1173 1652 1221 ut
1711 1168 1984 1221 scribatur
2037 1169 2236 1224 σποίνια
2285 1171 2381 1235 μὲν

397 1257 603 1324 ὁρῶντες
642 1255 714 1309 τοὶ
750 1256 901 1319 ὤνια,
957 1255 1235 1309 σπάνιοι
1288 1254 1331 1307 δ’
1382 1252 1592 1321 ἔχοντες
1632 1252 1747 1309 ὅτου
1788 1258 2066 1320 ὠνήσεσθε,
2107 1265 2160 1310 et
2198 1275 2380 1312 rerum

400 1343 669 1399 venalium
711 1350 827 1398 erat
882 1343 1106 1414 penuria
1147 1349 1198 1397 et
1239 1359 1427 1397 eorum
1469 1345 1562 1414 qui
1618 1342 1759 1398 unde
1816 1351 2057 1398 emerent
2105 1344 2380 1401 haherent.

399 1430 720 1486 Simillimus
759 1431 909 1485 locus
949 1437 1031 1484 est
1072 1430 1162 1483 III.
1204 1448 1240 1483 Ι.
1287 1433 1391 1485 20:
1433 1428 1547 1485 ὅτου
1588 1431 1631 1485 δ’
1667 1431 1961 1497 ὠνησόμεθα
1995 1433 2125 1501 ᾔδειν
2168 1433 2242 1488 ἔτι
2282 1436 2381 1489 ὀλί-

395 1540 520 1587 γους
576 1518 816 1587 ἔχοντας.
897 1518 1004 1571 Cur
1050 1517 1301 1572 maluerit
1345 1525 1526 1572 nostro
1584 1519 1698 1574 loco
1747 1519 1949 1574 σπάνιοι
2004 1538 2162 1591 quam
2218 1523 2382 1587 ὀλίγοι

398 1608 576 1662 dicere
598 1607 949 1678 perspicuum
985 1613 1096 1670 est,
1138 1623 1311 1676 neque
1346 1606 1636 1662 obscurum
1673 1608 1936 1680 quomodo
1972 1607 2173 1664 factum
2216 1611 2286 1664 sit
2325 1619 2384 1666 ut

397 1695 615 1766 vulgata
654 1694 812 1749 lectio
852 1701 1183 1749 nasceretur.

474 1783 708 1839 Evidens
764 1782 1026 1837 emblema
1067 1789 1149 1837 est
1194 1783 1250 1836 in
1299 1781 1338 1856 S
1380 1788 1452 1838 50
1500 1786 1543 1838 εἰ
1591 1785 1643 1838 δὲ
1693 1785 1750 1847 δή
1807 1786 1829 1838 ὁ
1872 1785 2224 1854 συμπαρέχων
2263 1788 2383 1853 ὑμῖν

397 1873 596 1935 ταύτην
648 1873 740 1933 τὴν
788 1871 1094 1940 οέσφοὶλειαν
1146 1871 1221 1936 μὴ
1269 1870 1407 1925 πάνυ
1462 1874 1623 1926 πολὺν
1683 1874 1858 1938 μισθὸν
1917 1874 2211 1939 προσετέλει
2268 1875 2382 1948 [τῆς

396 1959 727 2031 ἀσφαλείας]
751 2003 766 2024 ,
806 1959 1038 2013 absurde
1079 1960 1222 2013 enim
1266 1958 1467 2012 dieitur
1507 1962 1683 2025 μισθὸς
1733 1968 1825 2024 τῆς
1866 1962 2203 2030 ἀσφαλείας,
2243 1970 2296 2016 et
2336 1965 2380 2017 si

397 2059 463 2119 τῇ
515 2050 794 2118 ἀσφαλείᾳ
844 2046 1214 2101 emendaveris
1268 2055 1320 2101 et
1373 2047 1576 2102 insulse
1632 2048 1919 2103 admodum
1974 2049 2217 2104 additum
2277 2052 2382 2105 erit
2435 2085 2436 2088 =

400 2154 573 2209 neque
629 2136 684 2189 id
727 2136 903 2207 ipsum
945 2135 1077 2189 hene
1118 2135 1381 2189 Graecum
1422 2142 1505 2190 est
1543 2138 1719 2202 μισθὸν
1756 2144 2057 2206 προστελεῖν
2097 2147 2161 2207 τῇ
2201 2141 2382 2207 azo-qoa-
2434 2122 2436 2128 Ι

396 2226 517 2295 λεία
556 2241 653 2296 pro
691 2233 757 2293 τῇ
796 2225 1075 2292 ἀσφαλείᾳ
1118 2223 1204 2277 καὶ
1248 2225 1423 2288 μισθὸν
1469 2226 1774 2291 προσθεῖναι.
1854 2225 2017 2280 Recte
2055 2226 2259 2280 dicitur
2298 2229 2381 2294 οέρ-
2430 2239 2431 2243 ’

398 2313 570 2381 γύριον
608 2319 778 2367 τελεῖν
833 2311 920 2366 καὶ
975 2311 1129 2378 χάριν
1181 2315 1302 2378 πρὸς
1338 2312 1553 2371 εἰδέναι,
1609 2311 1697 2365 ubi
1738 2314 1807 2380 τῷ
1843 2314 2063 2381 οέργυρίῳ
2111 2313 2233 2367 addi
2276 2332 2381 2368 non
2424 2328 2436 2362 ¹:-

397 2408 609 2472 potest‚
651 2401 907 2472 quoniam
947 2399 1130 2454 εἰδέναι
1184 2401 1418 2467 ἀργύριον
1463 2407 1570 2453 tam
1627 2399 1918 2454 absurdum
1974 2409 2054 2455 est
2096 2409 2256 2473 atque
2295 2425 2384 2457 τε·

398 2496 509 2544 λεῖν
563 2488 885 2557 ὠσφοὶλειαν.
984 2487 1266 2542 Praeterea
1326 2489 1570 2558 suspicor
1626 2488 2027 2559 Xenophontem
2088 2507 2186 2560 pro
2245 2492 2418 2562 πάνυ,

399 2577 563 2632 πολύν
604 2577 884 2647 scripsisse
924 2578 966 2629 εἶ
1009 2609 1081 2616 -
1120 2578 1194 2641 μὴ
1236 2575 1530 2642 παμπολ
1551 2597 1617 2629 vv
1669 2578 1843 2641 μισθὸν
1880 2579 2206 2644 προσετέλει,
2241 2580 2382 2651 quod
2416 2571 2426 2639 Ι»

401 2665 723 2720 vocabulum
761 2665 1116 2732 εἷρωνευομένῳ
1150 2663 1349 2735 optime
1388 2664 1655 2717 convenit.
1736 2663 1984 2719 Vidimus
2024 2684 2187 2737 supra
2220 2655 2423 2739 quamss¹

399 2754 555 2809 facile
606 2752 1006 2820 παγχάλεπος,
1063 2751 1373 2820 παγχρηςος
1433 2759 1485 2806 et
1527 2752 1648 2806 sim.
1695 2752 1746 2805 in
1805 2752 1942 2807 πάνυ
1993 2756 2236 2821 χαλεπός
2279 2755 2421 2817 neh}

400 2842 839 2913 depravarentur.
933 2841 1002 2895 Et
1069 2857 1322 2911 persaepe
1376 2840 1662 2905 πάμπολυς
1739 2841 1793 2893 in
1855 2842 2086 2896 Anabasi
2144 2839 2417 2916 legimns}

399 2948 450 2985 v,
490 2948 535 2984 c.
578 2929 692 2982 Vll.
732 2947 819 2982 vn.
864 2934 952 2983 55.
1014 2929 1319 2996 Ἡρακλείδῃ
1372 2927 1706 2993 πάμπολυ
1747 2931 1886 2983 δοκεῖ
1919 2934 2068 2985 τοῦτο
2107 2933 2165 2987 τὸ
2217 2934 2406 3002 cimai-⁹,

397 3039 492 3087 ριον
533 3013 678 3070 εἶναι.
760 3017 885 3070 Post
936 3033 1106 3088 pauca
1157 3033 1318 3070 novas
1372 3016 1559 3071 turbas
1594 3017 1822 3088 ‚scribae
1861 3017 2123 3073 dederunt
2164 3022 2220 3074 in
2262 3040 2375 3077 ver·
2396 3036 2436 3109 Ἴ

395 3107 514 3161 bis:
555 3106 641 3159 καὶ
685 3105 769 3159 δια
810 3109 958 3158 τοῦτο
1000 3105 1199 3172 οὐδαμῇ
1243 3103 1403 3158 οἴεσθε
1439 3111 1626 3172 χρῆναι
1669 3105 1835 3172 ζῶντα
1871 3107 1979 3172 ἐμὲ
2020 3108 2133 3161 ἐοῖν
2173 3092 2436 3190 εἶναι,κρἶ

394 3193 485 3248 alii
526 3191 694 3261 ζῶντα
732 3197 791 3257 μ’
831 3191 895 3245 ἂν
935 3189 1095 3254 εἶναι,
1151 3192 1244 3257 ἐμὲ
1285 3191 1348 3245 ἂν
1402 3188 1566 3255 εἶναι,
1606 3194 1698 3258 ἐμὲ
1738 3194 1969 3258 οένιέναι,
2010 3196 2100 3260 ἐμὲ
2140 3198 2371 3263 οένεῖναι,
2430 3196 2436 3259 l

395 3299 536 3336 unus
576 3281 639 3334 H.
696 3282 788 3346 ἐμὲ
829 3282 918 3334 εόἳν
961 3278 1121 3343 εἶναι,
1175 3279 1315 3350 quod
1372 3279 1678 3334 Dindorfius
1729 3282 1946 3351 recepit.
2029 3282 2130 3336 Sed
2185 3285 2372 3340 Graeci
2428 3263 2436 3346 l

393 3369 642 3424 dicebant
682 3370 742 3422 ἐῶ
785 3368 909 3436 ζῆν,
954 3369 1158 3434 πατέρα
1198 3368 1238 3420 δ’
1283 3366 1344 3421 ἔα
1379 3367 1498 3434 ζῆν,
1539 3385 1642 3421 non
1684 3369 1827 3436 ζῶντ’
1861 3365 2006 3424 εἶναι.
2062 3371 2252 3427 Melius
2290 3361 2369 3428 est

393 3457 668 3528 aliquanto
716 3457 861 3525 ζῶντ’
901 3457 993 3522 ἐμὲ
1033 3457 1226 3508 ἀνεῖναι
1270 3455 1373 3507 nisi
1417 3454 1553 3525 quod
1597 3457 1792 3510 οὶνεῖναι
1835 3474 1937 3510 non
1980 3459 2111 3513 satis
2165 3468 2367 3515 certam
2424 3496 2427 3514 ,»

391 3543 550 3598 hahet
590 3544 748 3599 fidem
802 3561 899 3615 pro
951 3546 1166 3613 ἀφεῖναι
1207 3544 1454 3614 positum.
1537 3543 1684 3597 Unus
1738 3550 1949 3600 tantum
1998 3555 2077 3602 est
2126 3548 2274 3603 loeus
2314 3549 2366 3602 in
2424 3584 2425 3588 κ

390 3632 591 3687 Hellen.
634 3634 699 3687 II.
744 3651 818 3687 111.
863 3638 950 3686 51.
994 3634 1037 3686 εἶ
1076 3633 1327 3696 οὲνήσομεν
1369 3630 1526 3699 ἄνδρα
1567 3648 1660 3703 pro
1695 3634 2002 3703 ἀφήσομεν,
2042 3637 2199 3690 euius
2242 3651 2369 3690 usus
