2436 4068
1311 230 1417 279 556

400 388 480 425 ναι
536 371 621 425 καὶ
665 373 722 435 δη
775 370 959 432 άδίκως
1012 372 1077 436 γε’
1126 390 1267 430 τινας
1325 371 1501 439 ῥαδίως
1554 371 1923 425 ἀπολέσθαι
1981 374 2022 426 οἱ
2079 377 2369 436 τολμῶντες

396 459 704 526 ψεύδεσθαι,
745 459 837 513 sed
889 476 992 512 una
1044 458 1279 512 litterula
1318 464 1528 522 exemia
1584 458 1924 513 scribendum
1967 467 2046 513 est
2087 461 2271 521 άδίκως
2312 461 2376 524 γέ

399 563 546 607 ’τινας
580 580 653 587 -—
687 546 1034 601 άπολέσαι.

479 634 728 688 Mendosa
768 641 851 688 est
892 636 1162 706 scriptura
1195 634 1263 688 II.
1297 653 1352 688 11.
1406 638 1489 688 16.
1544 634 1777 688 τοιούτων
1817 637 1858 688 δ’
1892 634 2042 689 όντων
2080 634 2381 701 Θηραμένης

403 722 455 775 ἐν
481 722 732 791 ἐκκλησίᾳ
759 719 919 776 εἶπεν.
982 722 1188 776 Revoca
1223 723 1702 793 praepositionem,
1742 738 1901 792 quam
1938 722 2202 792 absorpsit
2235 738 2385 792 prae-

405 808 599 863 cedens
646 808 964 863 vocabulum
1021 811 1396 876 συμβουλεύειν
1449 817 1501 864 et
1556 809 1730 863 seribe
1776 810 1827 862 ἐν
1874 812 2079 878 τοιούτῳ
2120 812 2163 864 δ’
2203 809 2383 873 ὄντων,

405 895 590 950 eodem
633 913 832 962 sensu,
874 915 978 968 quo
1019 905 1071 951 et
1111 898 1237 952 alibi
1280 914 1683 967 nonnumquam
1738 899 1975 951 occurrit
2017 906 2068 952 et
2107 897 2247 968 apud
2285 898 2383 970 Ly-

403 984 538 1038 siam
583 984 698 1038 XII.
744 989 833 1041 15.
887 987 939 1039 ἐν
989 987 1197 1054 τοιούτῳ
1246 987 1290 1040 δ’
1330 985 1431 1040 ὄντι
1487 1006 1572 1051 μοι
1623 986 1919 1040 κινδυνεύειν
1965 986 2122 1039 ἐδόκει
2177 988 2241 1046 ὡς
2294 991 2383 1040 τοῦ

402 1093 468 1136 γε
508 1074 783 1127 άποθανεῖν
835 1072 1154 1140 ὑπάρχοντος
1203 1075 1312 1138 ἤδη.
1393 1073 1526 1128 Ibid.
1559 1073 1624 1127 ΙΙ.
1669 1090 1749 1128 111.
1792 1077 1880 1127 52.
1937 1078 2106 1128 ποῖσαι
2151 1075 2384 1139 μεταβο-

403 1161 495 1214 λαὶ
535 1166 801 1216 πολιτειῶν
854 1162 1226 1230 θανατηφόροι,
1284 1163 1502 1233 requiro
1554 1165 1723 1215 πᾶσαι
1781 1162 1876 1234 (αἱ)
1918 1162 2242 1227 μεταβολαί.
2322 1161 2383 1215 In

404 1247 446 1321 S
486 1253 574 1303 54.
629 1251 791 1318 ἐκείνη
833 1266 926 1320 pro
967 1251 1078 1304 ἐκεῖ
1112 1249 1611 1320 frequentissimum
1651 1255 1732 1303 est
1771 1248 2116 1304 librariorum
2158 1250 2383 1314 vitium,

404 1338 495 1407 qui
539 1338 641 1408 ipsi
682 1339 844 1406 ἐκείνη
883 1336 1132 1391 dicebant
1175 1354 1271 1408 pro
1308 1340 1442 1402 ἐκεῖ,
1484 1337 1703 1391 Veteres
1747 1355 1848 1391 non
1891 1338 2039 1392 item.
2118 1336 2234 1390 lhid
2287 1337 2380 1391 111.

404 1443 438 1478 Ι»
483 1430 534 1479 7.
585 1425 829 1490 ὑπόνομον
869 1427 1084 1492 ὤρυττεν
1123 1428 1188 1486 ὡς
1229 1426 1642 1494 ἀφαιρησόμενος
1682 1426 1740 1480 τὸ
1783 1424 1906 1493 ὕδωρ
1945 1428 2147 1490 αὐτῶν,
2189 1426 2232 1478 si
2267 1443 2383 1480 um·

399 1529 563 1584 quam
607 1513 923 1567 subducendi
961 1513 1121 1567 verbo
1163 1513 1308 1569 loeus
1350 1522 1429 1568 est
1464 1514 1551 1567 hie
1590 1512 1742 1566 loeus
1783 1519 1892 1576 est,
1931 1512 2385 1584 seribendumque

404 1601 826 1668 ὑφαιρησόμενος.
907 1601 1038 1654 Ibid.
1077 1602 1168 1655 III.
1203 1620 1235 1655 1.
1285 1606 1367 1655 10.
1409 1609 1514 1662 τοῖς
1551 1600 1841 1665 δυναμένοις
1881 1599 2091 1665 μάλιςα
2129 1603 2273 1668 παρα
2313 1603 2383 1669 τῷ

405 1689 763 1758 Φαρναβάζῳ,
825 1705 1008 1743 verum
1063 1696 1142 1744 est
1195 1691 1486 1755 δυναμένοις
1539 1689 1792 1754 μέγιςον,
1850 1688 1988 1759 quod
2042 1688 2287 1743 Graecuii
2329 1689 2385 1742 in

403 1777 604 1842 μέγιςα
660 1785 712 1832 et
766 1778 976 1844 μάλιςα
1030 1777 1339 1849 depravant.
1422 1777 1715 1846 Attigimus
1771 1777 1875 1829 iam
1932 1793 2112 1848 supra.
2193 1777 2384 1831 Risum

408 1873 584 1920 movet
624 1865 783 1920 lectio
824 1865 1036 1936 vulgata
1079 1866 1171 1920 ΙΙΙ.
1215 1883 1248 1919 1.
1292 1869 1343 1919 8.
1397 1865 1711 1932 κατηγόρουν
1753 1865 1857 1931 γάρ
1899 1867 2057 1919 αὐτοῦ
2093 1867 2136 1919 οἱ
2173 1866 2387 1931 σύμμα-

405 1974 493 2021 χοι
536 1958 600 2015 ὡς
643 1955 790 2022 ε’φείη
833 1953 1082 2021 οὲρπάζειν
1121 1956 1190 2022 τῷ
1230 1953 1555 2022 ςρατεύματι
1595 1953 1713 2012 τοὺς
1755 1954 1976 2019 φίλους,
2036 1970 2137 2006 non
2180 1960 2260 2007 est
2298 1953 2386 2009 hio

409 2059 524 2095 mos
566 2043 799 2096 militum
856 2042 1106 2097 iicenlius
1160 2042 1464 2096 habitorum
1505 2043 1562 2095 τὸ
1602 2042 1719 2101 τοὺς
1775 2041 1959 2109 φίλους
2000 2041 2248 2110 ἁρπάζειν
2293 2041 2386 2096 sed

392 2130 478 2184 «τοὶ
511 2133 610 2184 τῶν
640 2131 822 2199 φίλων.
885 2130 1098 2201 Repone
1133 2138 1311 2185 autem
1347 2133 1410 2191 ὡς
1446 2131 1593 2198 ἐφείη
1635 2129 2063 2197 διαρπάζειν,
2106 2147 2206 2183 non
2239 2131 2383 2184 enim

405 2236 591 2289 rapere
628 2220 716 2272 isli
758 2219 930 2272 socios
971 2227 1023 2272 et
1062 2219 1263 2272 amieos
1302 2218 1500 2280 solent,
1542 2217 1634 2271 sed
1675 2218 1917 2287 diripere.
1980 2219 2036 2271 ln
2081 2216 2119 2290 ἓ
2144 2223 2227 2271 15.
2269 2218 2386 2290 lege

405 2306 817 2373 προσβάλλουσα
871 2313 977 2368 τοῖς
1032 2307 1263 2373 τείχεσιν
1312 2313 1364 2359 et
1414 2305 1566 2360 ὁπότε
1602 2337 1673 2345 —-
1710 2305 1976 2371 ἐμβάλλοι
2017 2323 2110 2377 pro
2154 2308 2385 2373 προσβα-

404 2399 569 2449 λοῦσα
613 2403 664 2448 et
711 2394 958 2460 ἐμβάλοι.
1039 2394 1100 2447 In
1142 2393 1179 2467 S
1224 2398 1308 2448 19.
1354 2411 1447 2464 pro
1498 2391 1585 2454 ἧκε
1625 2393 1791 2458 λέγων
1842 2392 2019 2446 scribo
2059 2393 2146 2457 ἧκέ
2185 2416 2264 2455 τις
2300 2396 2384 2450 λε’-

402 2505 530 2550 γων.
613 2483 827 2537 Excidit
869 2481 1050 2536 eadem
1112 2482 1296 2536 voeula
1339 2483 1386 2535 ΙΙ
1447 2499 1480 2534 1.
1525 2486 1574 2535 8.
1634 2484 1661 2544 ἡ
1698 2482 1749 2535 δὲ
1798 2482 1912 2548 κόρη
1955 2481 2029 2538 ἐςὶ
2073 2483 2383 2550 μακρότερον

407 2574 434 2636 ἢ
473 2572 635 2641 χειρὶς
660 2615 673 2636 ,
715 2573 765 2625 ἐν
804 2569 954 2639 ᾔτην
989 2577 1145 2637 χεῖρα
1187 2569 1320 2637 ἔχων
1361 2570 1496 2623 οὐδὲν
1546 2568 1609 2622 ἂν
1651 2569 1852 2623 δύναιτο
1901 2577 2144 2633 ποιῆσαι,
2197 2571 2384 2642 supple

400 2661 538 2729 ἔχων
593 2681 706 2723 τις,
762 2666 814 2713 et
871 2659 923 2710 iu
983 2658 1263 2730 Symposio
1302 2658 1364 2711 V.
1409 2663 1459 2711 5.
1519 2658 1667 2723 μόνον
1722 2659 1806 2711 τὸν
1865 2664 2157 2725 λαμπτῆρα
2214 2660 2381 2724 ἐγγὺς

398 2747 800 2817 προσενεγκάτω
838 2747 1039 2800 inserto
1082 2747 1380 2799 necessario
1422 2747 1733 2818 pronomine
1782 2746 2062 2816 legendum
2102 2748 2267 2811 ἐγγύς
2301 2769 2378 2808 τις

400 2835 817 2906 προσενεγκάτω.
898 2833 1050 2905 Apud
1094 2834 1433 2888 Demosthen.
1477 2833 1623 2888 Orat.
1659 2834 1862 2887 XLVH.
1903 2838 1989 2887 72.
2046 2833 2142 2887 κᾶν
2182 2835 2378 2897 οἰκέτης

403 2927 431 2995 ᾖ
474 2923 660 2996 supple
700 2923 796 2976 κᾶν
847 2923 1040 2983 οἰκέτης
1079 2943 1157 2982 τις
1196 2921 1242 2989 ᾗ.
1324 2922 1384 2975 ln
1424 2921 1463 2995 ἕ
1504 2926 1592 2976 20.
1650 2924 1796 2986 ὑμεῖς
1842 2922 1893 2975 δέ
1931 2943 1996 2986 γε
2031 2925 2104 2987 μὴ
2139 2923 2261 2975 λίαν
2296 2943 2380 2988 μι-

404 3013 757 3082 κρολογεῖσθε,
813 3009 1011 3063 dixisse
1052 3008 1388 3082 Dei-eylidam
1449 3012 1693 3082 suspicor
1732 3011 1805 3075 μη
1846 3011 1965 3064 λίαν
2019 3011 2379 3076 ἀκριβολογεῖ-

403 3105 526 3164 σθε,
567 3099 621 3152 id
663 3097 803 3168 quod
844 3098 1139 3150 sententiae
1179 3099 1426 3151 convenit
1463 3105 1515 3151 et
1560 3097 1809 3151 adverbio
1860 3097 1980 3150 λίαν
2015 3114 2118 3149 non
2168 3096 2380 3151 discon-

403 3190 565 3243 venIt.
648 3185 921 3252 Quomodo
974 3192 1154 3239 autem
1195 3185 1313 3238 λίαν
1354 3185 1659 3252 μικρολόγος
1709 3192 1762 3239 et
1798 3186 1916 3238 λίαν
1961 3188 2377 3251 μικρολογεῖσθαι

402 3277 536 3330 hene
574 3274 679 3327 diei
721 3275 884 3344 possit
919 3291 1021 3327 non
1064 3273 1232 3326 video.
1286 3275 1765 3339 Ἀκριβολογεῖσθαι
1809 3279 1987 3325 autem
2030 3289 2190 3342 quam
2233 3281 2378 3328 reete

402 3368 456 3418 in
500 3363 589 3417 lali
643 3377 700 3415 re
741 3368 969 3431 ponatur
1021 3361 1308 3414 ostendunt
1364 3359 1501 3423 loci,
1555 3361 1728 3429 qualis
1768 3367 1849 3413 est
1896 3360 2269 3414 Demosthenis
2323 3363 2372 3415 in

399 3453 763 3506 Aristocratea
814 3447 852 3520 §
893 3454 1015 3503 148.
1058 3451 1111 3503 οὐ
1162 3450 1298 3502 πάνυ
1337 3452 1513 3500 ταῦτα
1563 3449 2013 3513 ἀκριβολογεῖσθαι
2062 3449 2140 3501 δεῖ
2177 3451 2261 3503 τὸν
2307 3451 2372 3503 δι-

398 3540 551 3598 καίως
610 3535 956 3603 ἐξετάζοντα,
1015 3545 1066 3590 et
1121 3537 1336 3590 omnino
1390 3536 1493 3588 tale
1548 3542 1626 3588 est
1679 3535 2001 3589 Graecorum
2062 3537 2373 3605 ingenium,

404 3635 462 3680 ut
499 3628 555 3680 το
597 3626 1049 3691 ἀκριβολογεῖσθαι
1094 3626 1157 3678 iis
1202 3623 1446 3677 videatur
1498 3641 1611 3677 esse
1665 3624 1877 3694 angusti
1921 3630 1972 3677 et
2026 3623 2223 3676 sordidi
2265 3626 2374 3678 ani-
