2436 4068
1290 226 1395 275 552

637 370 848 436 μέγιςον
891 368 1059 434 ὀσμὰς
1100 367 1384 435 ἐγκεφάλῳ
1423 366 1628 434 χρηςοὶς
1669 376 1846 421 ποιεῖν.

336 458 475 530 apud
509 458 832 512 Clementem
873 463 1026 510 vetus
1062 456 1328 526 scriptura
1374 461 1635 509 ΡΕΙΝΑΣ
1677 471 1771 524 pro
1805 459 1941 523 ῥῖνας
1984 458 2212 513 absurde
2249 461 2301 513 in

335 555 519 615 χεῖρας
560 545 744 599 relicta
783 550 882 597 est.
959 542 1247 596 Menander
1287 541 1428 613 apud
1467 542 1778 612 Harpocrat.
1819 559 1867 596 v.
1908 548 2128 608 Κτησίου
2184 548 2305 608 Διός

339 637 393 688 in
430 633 590 688 Codd.
634 631 834 684 dixisse
881 638 1166 684 narratur:

749 718 945 785 ἔχοντα
983 719 1041 772 τὸ
1080 725 1296 783 ταμεῖον
1334 719 1388 771 οὐ
1430 716 1823 781 κεκλεισμένον,

339 807 522 862 sedulo
574 814 806 872 ταμιεῖον
858 812 1157 877 reponunt,
1215 804 1308 859 sed
1362 803 1547 858 eodem
1603 804 1722 858 iure
1774 805 1972 877 ubique
2026 807 2307 862 utendum.

336 895 474 950 Solis
505 893 670 948 feriae
701 896 757 948 in
791 893 968 948 insula
1002 892 1186 947 Rhodo
1216 893 1287 947 τοὶ
1321 892 1524 946 Ἀλιέια
1554 892 1895 963 appellandae
1929 903 2089 948 erunt
2120 897 2304 949 etiam·

334 984 380 1037 si
422 999 607 1036 omnes
658 981 817 1036 codd.
868 987 1057 1035 contra
1096 979 1334 1035 stabunt.
1414 977 1570 1049 Apud
1627 978 1818 1033 Athen.
1879 998 1931 1052 p.
1977 986 2077 1036 561
2131 983 2192 1036 E.
2250 983 2304 1035 in

335 1070 456 1125 Cod.
497 1071 768 1124 Marciano
816 1075 931 1124 est:
990 1069 1131 1138 ρόδιοι
1173 1070 1224 1123 δὲ
1261 1069 1332 1122 τοὶ
1372 1080 1528 1121 αλεια
1583 1065 1721 1140 (sine
1762 1069 2049 1141 accentu),
2090 1071 2144 1123 in
2185 1087 2304 1142 apo·

333 1157 555 1229 graphis
606 1159 678 1212 τα
731 1156 898 1222 dmm,
951 1173 1233 1229 perperam
1286 1163 1594 1227 utrumque.
1686 1155 1840 1227 Apud
1900 1156 2192 1210 Aristidem
2251 1158 2306 1210 in

333 1244 605 1299 Rhodiaca
652 1246 718 1300 Π.
779 1263 828 1317 p.
869 1249 996 1299 598.
1058 1244 1206 1299 Cant.
1260 1246 1347 1298 τὸν
1404 1249 1501 1298 τῶν
1556 1244 1741 1297 εΑλίοον
1790 1244 1972 1308 οἷγῶνα
2025 1246 2303 1310 ποιήσετε,

332 1334 581 1405 pessime.
661 1335 823 1388 Recte
861 1334 932 1387 τα
971 1333 1076 1400 γὰρ
1117 1332 1320 1387 Ἀλίεια
1356 1331 1427 1385 τα
1458 1332 1684 1397 μεγάλα
1718 1330 1976 1385 dicuntur
2008 1347 2037 1384 a
2076 1331 2308 1404 Lysippo

334 1422 546 1476 Comico
585 1421 726 1492 apud
764 1420 1154 1475 Dicaearchum
1195 1421 1251 1473 in
1298 1419 1563 1490 Descript.
1606 1419 1790 1474 Graec.
1845 1417 1883 1492 §
1925 1423 1975 1472 4.
2056 1419 2309 1474 Recurrit

333 1511 529 1564 vitium
563 1509 705 1564 idem
746 1509 887 1580 apud
927 1508 1195 1562 Iulianum
1241 1524 1359 1579 pag.
1402 1511 1507 1562 156
1548 1506 1602 1561 C.
1655 1514 1761 1569 τοῖς
1796 1507 2010 1574 Κρονίοις
2054 1506 2307 1562 συνάπτει

331 1597 596 1651 ταἭλια
634 1614 730 1668 pro
769 1597 988 1651 Ἡλίεια.
1069 1596 1322 1650 Formam
1375 1596 1608 1649 nominis
1660 1594 1933 1666 analogiae
1985 1594 2127 1665 leges
2181 1595 2303 1648 suh-

330 1685 560 1748 iiciunt,
619 1702 724 1738 non
778 1684 904 1738 libri
925 1686 950 1748 ,“
998 1684 1195 1755 quibus
1247 1684 1294 1738 si
1339 1681 1612 1737 credimus
1666 1682 1959 1749 Λυσάνδρια
2017 1683 2072 1735 in
2126 1682 2301 1736 insula

333 1772 490 1827 Samo
525 1771 793 1827 celebrata
831 1771 1067 1826 suerunt.
1148 1772 1237 1825 Bis
1285 1772 1429 1825 enim
1471 1772 1574 1825 ista
1625 1772 1893 1842 scriptura
1934 1771 1987 1823 in
2029 1769 2183 1824 libris
2223 1786 2303 1824 re-

331 1861 507 1914 currit
561 1859 702 1931 apud
759 1859 1032 1915 Plutarch.
1092 1858 1322 1932 Lysand.
1365 1859 1552 1914 XVIII.
1614 1858 1706 1912 sed
1763 1859 2049 1912 contemtis
2109 1857 2303 1912 scribis

329 1947 651 2016 Λυσάνδρεια
702 1947 869 2002 fuisse
922 1946 1241 2002 tenebimus,
1322 1946 1475 2018 Apud
1518 1945 1886 2020 Thucydidem
1929 1946 1968 2000 I.
2012 1949 2100 1999 55.
2156 1966 2302 2014 κηρυ-

331 2035 436 2089 κίου
474 2035 803 2090 confidenter
842 2035 1172 2089 mutabimus
1208 2035 1262 2088 in
1303 2035 1592 2103 κηρυκείου,
1639 2041 1693 2088 et
1731 2036 1774 2089 Ι.
1818 2037 1907 2088 99.
1948 2033 2301 2101 λειποςράτιον

331 2123 386 2176 in
419 2123 781 2191 λιποςράτιον,
819 2131 872 2177 et
911 2123 1001 2177 IV.
1027 2126 1114 2177 67.
1156 2123 1422 2177 Ἐνυάλιον
1464 2124 1520 2176 in
1561 2123 1902 2186 Ἐνυαλίειον,
1937 2122 2090 2175 libris
2126 2120 2303 2176 valere

333 2211 528 2274 iussiS,
569 2209 872 2281 analogiam
914 2227 1017 2265 usu
1063 2210 1435 2265 confirmatam
1477 2211 1665 2266 secuti.
1746 2209 1876 2275 Quis
1917 2209 2098 2264 credet
2146 2208 2300 2262 libris

326 2298 666 2367 Ἀρχιδάμιος
707 2299 935 2364 πόλεμος
975 2298 1238 2353 Graecum
1279 2315 1395 2353 esse
1436 2305 1530 2352 aut
1569 2297 1842 2364 ἐπικούριος
1874 2303 1969 2350 aut
2001 2295 2297 2365 άριςάρχιος

329 2398 422 2442 aut
462 2388 702 2441 ποσειδῶν
741 2386 1047 2456 οέσφάλιοςῖ
1110 2386 1432 2458 Saepissime
1468 2386 1598 2440 haec
1638 2392 1692 2439 et
1725 2385 1828 2439 alia
1862 2384 1916 2438 id
1956 2400 2126 2454 genus
2159 2401 2299 2438 com-

327 2482 520 2548 parent
558 2476 614 2529 in
647 2473 800 2528 libris
841 2473 1106 2527 omnihus.
1185 2473 1380 2528 Multos
1419 2473 1606 2529 fefellit
1639 2472 1871 2540 καθάριος
1908 2489 2003 2544 pro
2037 2471 2297 2540 καθάρειος

327 2566 629 2636 scriptum,
683 2569 735 2617 et
782 2568 909 2616 sunt
964 2561 1066 2615 loci
1107 2561 1527 2616 innumerabiles
1575 2561 1727 2615 ubil
1778 2560 2041 2631 scriptum
2085 2566 2168 2614 est
2207 2559 2300 2614 sed

327 2661 398 2708 EI
440 2659 521 2706 est
561 2668 685 2706 vera
740 2651 1040 2722 scriptura,
1090 2657 1184 2704 aut
1223 2656 1410 2704 contra
1451 2649 1543 2703 ubi
1581 2658 1650 2703 ΕΙ
1691 2665 1787 2720 pro
1825 2669 1840 2702 ι
1882 2647 2141 2719 producto
2181 2664 2298 2702 exa-

327 2747 509 2795 ratum
549 2746 658 2804 est,
699 2746 760 2793 ut
794 2739 848 2791 in
883 2740 1142 2807 ”Οσειρις,
1182 2738 1460 2806 Βούσειρις,
1501 2738 1656 2806 νείφω
1697 2753 1792 2808 pro
1821 2736 1975 2804 νίφω,
2015 2734 2296 2801 ἄμεικτος,

326 2827 540 2895 μεῖξαι,
597 2833 858 2889 Φιλεῑνος,
897 2826 1018 2898 {alia
1058 2829 1374 2891 innumera,
1429 2832 1523 2879 aut
1565 2823 1726 2899 (quod
1767 2823 1936 2878 multo
1973 2823 2152 2876 rarius
2193 2822 2293 2894 est)

327 2938 370 2981 ει
406 2933 553 2987 proc
595 2921 842 2985 correpto
894 2923 975 2969 est
1025 2916 1278 2986 positum.
1358 2913 1545 2985 ltaque
1591 2913 1647 2966 in
1692 2913 1961 2983 scriptura
2012 2909 2299 2964 cuiuslibet

327 3003 572 3058 vocabuli
623 3002 923 3056 definienda
977 3009 1072 3056 aut
1110 3001 1428 3072 corrigenda
1480 3001 1616 3054 nihil
1655 2999 1820 3055 refert
1865 3005 2050 3052 utrum
2088 3017 2131 3050 ει
2172 3014 2239 3050 an
2281 3018 2295 3049 ι

329 3094 387 3146 in
426 3089 584 3145 Codd.
626 3089 852 3158 legatur.
933 3090 1098 3144 Nemo
1142 3089 1277 3144 mihi
1325 3105 1430 3143 non
1478 3088 1626 3142 dabit
1670 3088 1725 3141 in
1768 3086 1929 3158 Lysia
1959 3084 2045 3139 VI.
2088 3089 2140 3139 4.
2199 3102 2298 3156 pro

329 3185 770 3235 ΘΤΣΙΑΣΟΤΣΙ
811 3177 1187 3248 corrigendum
1230 3193 1347 3230 esse
1384 3177 1558 3236 θυσίας
1596 3176 1768 3238 θύσει,
1808 3181 1902 3227 aut
1941 3179 2127 3227 contra
2169 3172 2299 3226 Can-

327 3276 444 3323 tero
486 3264 628 3338 apud
662 3263 935 3319 Alexidem
989 3265 1179 3319 Athen.
1233 3281 1285 3335 p.
1315 3267 1422 3318 692
1465 3264 1523 3317 F.
1565 3279 1661 3334 pro
1699 3261 1859 3316 πείθει
1900 3261 2080 3327 θαρρῶν
2122 3261 2297 3332 ipsam

327 3363 515 3430 poetae
562 3368 783 3407 manum
839 3369 956 3406 esse
994 3354 1098 3406 πῖθι
1134 3354 1350 3418 θαρρῶν,
1394 3357 1447 3404 et
1486 3360 1568 3404 est
1608 3349 1790 3403 eadem
1841 3348 2195 3419 perspicuitas
2235 3351 2292 3402 in

325 3441 609 3517 permultis
667 3439 803 3494 aliis,
883 3438 1100 3506 Quoties
1145 3446 1326 3493 autem
1371 3447 1441 3492 EI
1482 3438 1659 3509 prisco
1699 3453 1846 3490 more
1887 3436 2148 3507 scriptum
2195 3453 2300 3508 pro

325 3554 340 3587 ι
382 3529 638 3603 producto
679 3527 864 3582 turbas
904 3526 1085 3591 dedit,
1129 3534 1187 3580 ut
1227 3527 1282 3579 in
1323 3523 1373 3586 ὃς
1414 3526 1458 3579 δ’
1500 3526 1822 3590 εὐγλωσσίαν
1864 3525 1904 3578 εἶ
1948 3524 2038 3577 καί
2076 3540 2171 3594 pro
2211 3527 2297 3578 εὐ-

326 3618 566 3687 γλωσσίοε
601 3623 716 3686 νικᾷ
757 3617 810 3670 in
849 3615 1100 3670 Valcken.
1146 3614 1384 3671 Dialribe
1423 3631 1472 3685 p.
1514 3617 1639 3669 ⁴261.
1683 3621 1735 3668 el:
1775 3613 1962 3682 κρείους
1999 3628 2095 3682 pro
2135 3612 2294 3679 κριούς
