2436 4068
1048 190 1154 240 529

134 345 270 401 satis
309 345 553 396 constare
594 336 855 400 arbitror,
895 333 1242 407 quamobrem
1274 347 1464 386 revoca
1498 330 1589 384 111.
1630 347 1679 383 v.
1717 333 1768 382 6.
1810 330 2099 400 genuinam

132 432 413 487 lectionem
452 430 696 488 Μηλιεῖς,
737 431 791 478 et
823 423 910 477 IV.
953 440 1007 476 11.
1050 425 1139 476 20.
1183 424 1450 480 Θεσπιᾶς,
1491 425 1546 473 et
1579 417 1667 472 IV.
1710 435 1778 471 ιν.
1823 423 1908 473 10.
1951 427 2100 472 Στει-

131 523 244 587 ριᾶ,
300 525 353 570 et
405 515 466 568 V.
505 533 571 568 w.
617 517 703 567 10.
764 513 1083 573 Πλαταιᾶς,
1136 516 1190 562 et
1229 507 1318 562 VI.
1359 525 1409 561 v.
1453 510 1540 560 22.
1592 509 1836 573 Ἡραιᾶς,
1893 514 1944 559 et
1985 506 2098 559 Vll.

131 622 179 660 v.
217 607 268 659 2.
310 603 549 668 Εὐβοᾶς,
589 609 642 655 et
680 599 879 654 similia
913 597 1082 650 multa
1111 596 1254 650 alibi.
1333 595 1447 650 Non
1485 600 1658 666 potest
1689 595 1831 648 enim
1868 593 1977 647 ulla
2015 611 2102 648 su·

130 708 342 765 peresse
381 690 646 744 dubitatio
691 689 819 759 quin
873 685 999 740 olim
1040 684 1170 745 haec
1218 684 1396 737 omnia
1433 683 1702 737 constanti
1746 698 1850 736 usu
1899 680 2104 736 fuerint

130 779 373 836 contrahi
430 777 600 832 solita.
694 775 836 829 Satis
886 773 940 827 id
993 773 1248 827 evincunt
1303 775 1514 842 praeter
1571 771 1742 842 ipsam
1800 769 2100 839 analogiam

129 868 515 939 ingeniumque
550 864 765 935 linguae
809 860 1131 932 antiquioris
1177 858 1532 912 disertissima
1579 858 1901 911 criticorum
1952 858 2105 912 testi-

131 957 339 1020 monia,
394 954 494 1008 loci
536 960 815 1024 poetarum
862 965 1078 1013 omneS,
1130 947 1457 1019 optimorum
1510 945 1770 999 librorum
1810 946 2102 1011 lectioneS,

130 1042 427 1098 scribarum
466 1058 675 1096 errores
714 1039 869 1110 longe
907 1034 1279 1092 vetustissimi.
1359 1033 1513 1087 Nunc
1545 1039 1828 1104 postquam
1875 1034 2103 1089 Graecu-

127 1130 300 1185 lorum
339 1131 392 1184 in
434 1130 520 1184 his
552 1129 618 1183 ad
657 1144 809 1182 suam
857 1123 1301 1180 consuetudinem
1349 1120 1676 1191 refingendis
1722 1122 2001 1176 temeritas
2053 1130 2106 1178 et

129 1218 463 1291 impudentia
501 1226 609 1272 tam
660 1233 816 1287 saepe
861 1214 1120 1287 deprensa
1159 1219 1213 1267 et
1261 1210 1520 1280 castigata
1568 1214 1683 1272 est,
1724 1208 1854 1280 quid
1894 1209 2102 1265 dubita·

126 1305 308 1362 bimus
346 1306 577 1379 amplius
616 1303 756 1375 quod
793 1320 979 1357 verum
1020 1318 1138 1357 esse
1187 1304 1396 1355 constet
1441 1297 1640 1369 ubique
1679 1298 1960 1368 recipere?
2041 1300 2101 1353 ln

126 1394 461 1469 Thucydidis
513 1392 672 1448 Codd.
719 1390 1116 1462 antiquioribus
1168 1388 1338 1442 multo
1394 1393 1446 1441 et
1500 1386 1883 1457 integrioribus
1940 1405 2103 1459 quam

126 1491 255 1538 sunt
292 1482 658 1555 Xenophontei
693 1479 978 1534 manifesta
1014 1478 1268 1549 antiquae
1302 1475 1546 1530 lectionis
1582 1475 1806 1545 vestigia
1848 1477 2107 1548 impressa

125 1570 406 1637 videmus,
447 1569 749 1626 cuiusmodi
801 1574 928 1622 sunt
979 1567 1136 1628 ἁλίας
1173 1564 1214 1619 1.
1264 1569 1384 1619 105.
1426 1564 1604 1631 δωρίοις
1646 1563 1685 1616 Ι.
1730 1568 1863 1628 107,
1904 1566 2103 1628 {scalae

130 1658 171 1714 l.
216 1664 337 1714 114.
381 1676 478 1732 pro
512 1662 736 1722 Ἀλιᾶς,
774 1659 1011 1724 Δωριᾶς,
1054 1662 1108 1710 et
1142 1656 1397 1715 Ἑςιοιιέὶς.
1477 1652 1756 1707 Caeterum
1799 1653 1938 1707 conf.
1980 1654 2104 1708 Din-

130 1746 266 1801 dort'.
308 1746 375 1801 ad
415 1746 616 1801 Hellen.
653 1745 740 1799 vl.
784 1763 856 1799 111.
901 1749 951 1799 ὅ.

206 1834 450 1889 Ridicula
485 1835 657 1889 forma
684 1834 991 1904 sequiorum
1029 1832 1361 1903 conspicitur
1391 1829 1458 1884 ΙΙ.
1495 1847 1571 1883 ιιι.
1616 1833 1704 1884 49.
1746 1830 2105 1900 ἐσχατώτατοι

131 1939 227 1994 pro
281 1922 513 1992 ἔσχατα..
592 1923 735 1977 More
779 1922 957 1976 Attico
996 1921 1062 1974 Π.
1103 1937 1171 1973 tv.
1218 1924 1306 1974 11.
1363 1917 1707 1973 scribendum
1761 1926 1842 1974 est
1888 1920 1959 1981 εἷς
2011 1923 2103 1984 τὴν

128 2011 501 2077 Ἱπποδάμειαν
540 2010 772 2078 ἀγοράν,
825 2027 927 2064 non
968 2007 1349 2074 Ἱπποδάμειον.
1433 2005 1522 2061 Sic
1561 2007 1706 2061 enim
1747 2006 2103 2078 loquebantur

131 2098 516 2164 AthenienseS,
568 2096 1019 2171 quemadmodum
1071 2103 1124 2151 et
1171 2096 1454 2161 Διομήδεα
1498 2096 1710 2160 ἀνάγκη
1754 2094 2003 2151 dicebant
2051 2107 2105 2154 et

127 2188 472 2253 Ἀκαδήμεια.
554 2186 840 2242 Tralaticio
890 2201 1072 2241 errore
1119 2185 1439 2250 Ἱπποδαμίοι
1490 2184 1658 2252 ἀγορά
1708 2183 2008 2255 appellatur
2048 2188 2102 2240 in

131 2274 422 2331 Andocidis
489 2277 728 2330 oratione
777 2275 816 2330 1.
877 2279 962 2329 45.
1027 2274 1208 2348 (sicuti
1280 2288 1465 2327 omnes
1529 2272 1912 2344 propemodum
1977 2292 2100 2329 con·

126 2370 333 2419 stanter
386 2380 569 2420 errare
622 2363 794 2419 solent
841 2364 896 2417 in
947 2362 1247 2428 Ἀκαδημία
1285 2377 1382 2433 pro
1421 2361 1780 2427 Ἀκαδήμεια,
1831 2362 1993 2417 etiam
2046 2365 2100 2419 in

123 2459 405 2525 poetarum
444 2452 574 2507 locis
608 2452 850 2524 iugulato
885 2450 1077 2524 metro)
1119 2458 1172 2505 et
1210 2449 1530 2515 Ἱπποδαμίω
1568 2449 1707 2504 male
1739 2451 1936 2505 omisso
1973 2454 2104 2518 otyo-

122 2540 188 2608 ριέ
228 2539 370 2613 apud
414 2541 826 2597 Demosthenem
869 2556 987 2615 pag.
1030 2543 1206 2602 1190,
1262 2538 1354 2592 ubi
1398 2555 1541 2593 nunc
1597 2545 1743 2593 recte
1794 2539 2102 2596 Dindorfius

123 2628 178 2683 ἕν
210 2637 276 2698 τῇ
316 2631 664 2700 Ἰππρδοιμείᾳ
700 2629 938 2702 reposuit
977 2626 1068 2683 sed
1107 2630 1277 2698 ἀγορᾷ
1307 2626 1371 2682 de
1412 2643 1561 2682 more
1598 2627 1843 2683 additum
1894 2637 2099 2701 oporte-

11 2702 74 2785 t.
125 2715 216 2771 bat
257 2716 417 2790 idque
457 2719 509 2772 in
552 2735 649 2773 suo
685 2717 875 2773 Codice
923 2717 1309 2790 Harpocration
1364 2715 1598 2786 legerat,
1638 2716 1731 2787 qui
1771 2733 1818 2771 v.
1860 2719 2099 2773 Ἱπποδά-

125 2826 250 2871 μεια
289 2808 593 2862 annotavit:
636 2806 959 2872 Δημοσθένης
1000 2807 1050 2860 ἐν
1089 2806 1159 2872 τῷ
1200 2805 1321 2871 πρὸς
1360 2803 1607 2870 Τιμόθεον
1649 2803 1891 2872 ἀγοράν
1939 2811 2099 2875 φησιν

122 2890 251 2949 εἶναι
291 2897 343 2948 ἐν
382 2903 611 2963 Πειραιεῖ
657 2894 978 2961 καλουμένην
1018 2891 1409 2958 Ἱπποδάμειαν.
1491 2893 1694 2947 Paucos
1747 2893 1855 2948 iam
1912 2912 2098 2967 super·-

123 2997 239 3037 esse
276 2984 523 3054 suspicor
564 2985 655 3055 qui
690 2983 932 3038 nesciant
972 2982 1142 3036 nostri
1193 2980 1390 3052 ubique
1436 2998 1551 3035 esse
1583 2980 1796 3035 arbitrii
1833 2989 2019 3038 utrum
2053 3007 2096 3040 ει

121 3084 188 3124 an
229 3091 244 3124 ι
278 3071 350 3125 sit
394 3070 735 3127 scribendum
775 3070 1138 3135 constituere,
1179 3086 1411 3141 namque
1454 3068 1661 3123 nullum
1701 3085 1816 3125 esse
1849 3071 2094 3127 Codicem

122 3156 217 3213 ms.
261 3160 347 3214 cui
384 3161 437 3214 in
480 3177 540 3215 ca
582 3178 639 3216 re
683 3159 975 3232 quidquam
1024 3157 1171 3213 credi
1207 3159 1397 3230 possit:
1453 3157 1649 3229 ubique
1685 3159 1738 3212 in
1783 3159 1941 3215 Codd.
1984 3178 2094 3215 ccr-

124 3244 331 3301 tissima
360 3251 538 3303 omnia
576 3248 798 3304 convelli
830 3254 883 3303 et
921 3263 1106 3311 ruere,
1146 3253 1199 3301 et
1239 3245 1529 3301 ridiculum
1563 3245 1692 3301 adeo
1729 3263 1844 3301 esse
1882 3247 2095 3304 illorum

126 3331 226 3387 fide
263 3337 375 3399 uti,
416 3339 507 3408 qui
551 3346 602 3392 et
649 3353 943 3409 numquam
987 3335 1087 3389 sibi
1138 3340 1385 3389 constent
1434 3342 1488 3390 et
1536 3336 1836 3390 sexcenties
1878 3336 1930 3389 in
1984 3352 2093 3390 rna-

128 3419 334 3476 nil'estis
370 3425 663 3480 mendaciis
698 3426 901 3481 soleant
934 3422 1275 3495 deprehendi.
1356 3423 1530 3478 Huius
1561 3424 1637 3477 roi
1671 3439 1837 3494 quum
1875 3424 1925 3476 in
1965 3440 2092 3478 uno-

128 3524 336 3579 quoquo
390 3511 578 3568 Codice
641 3514 927 3570 cuiuslibet
982 3513 1259 3584 scriptoris
1311 3513 1418 3566 sint
1472 3518 1618 3567 certa
1680 3511 1877 3564 indicia
1934 3519 2094 3584 atque

123 3595 305 3652 cadem
372 3599 691 3672 negligentia
739 3604 883 3658 iuxta
938 3603 987 3656 in
1051 3587 1445 3673 antiquissimis
1496 3598 1986 3672 recentissiniisque
2037 3599 2094 3654 li-
