2436 4068
1031 183 1137 233 779

16 319 17 323 ’
84 335 229 392 505,
278 333 362 384 19.
418 337 471 383 et
522 334 666 392 454,
712 333 795 382 10.
857 327 988 381 lbid.
1052 345 1101 399 p.
1143 331 1286 391 414,
1331 330 1416 381 25.
1473 327 1532 380 -in
1586 327 1643 381 Α.
1701 344 1793 397 pro
1847 322 2054 394 συνερῶν

32 417 43 430 Κ
85 427 169 473 est
200 420 456 484 cuvxlva.
536 417 729 470 Contra
770 416 910 487 apud
954 416 1222 471 Demostb.
1267 433 1316 487 p.
1354 419 1491 478 605,
1533 418 1620 469 28.
1666 417 1928 478 δεήσεσθαι
1970 417 2056 470 ux}

15 511 18 581 ξ
80 513 306 572 ,συνερεῖν
357 505 408 559 S.
450 504 663 558 exbibet
719 512 1012 571 συνεργεῖν,
1069 511 1121 557 ct
1174 505 1227 556 in
1286 503 1475 576 Lysiae
1527 510 1660 557 orat.
1701 503 1815 557 XII.
1858 507 1948 558 86.
2003 505 2061 557 in

78 593 238 647 iibris
292 601 373 647 est
425 595 523 647 τῶν
581 592 1088 659 ξυνεργούντων
1144 595 1318 652 αὐτοῖς
1386 591 1527 655 ἄξιον
1590 592 1908 660 θαυμάζειν,
1965 592 2059 646 ubi

91 682 337 736 Reiskius
389 698 575 734 verum
632 680 764 733 vidit
815 679 1142 747 ξυνερούντων
1190 679 1497 734 emendans.
1579 680 1916 745 DindorfiuS‚
1965 681 2059 752 qui

16 758 34 788 ⁸
89 769 146 822 in
188 769 342 823 Thes,
395 769 454 822 L.
493 769 551 823 G.
613 769 944 835 Συναγορεύω
987 776 1036 822 ct
1084 768 1335 834 Συνερέω,
1389 770 1656 835 συνείρηκοο
1705 777 1757 823 et
1816 776 2061 824 Συνεῖπον

75 856 262 910 -tribus
307 856 438 910 locis
490 856 750 910 disiunxit
793 864 846 910 et
894 855 1033 910 idem
1077 856 1130 908 in
1173 855 1399 930 caeteris
1453 856 1701 910 omnibus
1741 858 1888 911 verbi
1929 860 2061 922 οὲγο-

27 946 210 1012 ,-ρεύω
268 944 578 1015 compositis
640 943 799 1007 fecit,
862 944 915 996 in
985 961 1032 998 v.
1093 942 1312 1008 Συνερέω
1378 942 1559 996 attulit
1618 943 1826 997 Iuliani
1882 944 2061 999 locum

30 1028 57 1051 ³
89 1050 142 1104 p.
181 1035 268 1087 52.
310 1032 381 1086 C:
422 1032 594 1101 φίλοις
648 1039 1009 1099 συνεργεῖν
1055 1031 1544 1096 ἐποιγγειλοὲμενοι,
1608 1032 1696 1085 ubi
1738 1032 2060 1105 VVyttenba-

91 1121 246 1176 chius
298 1122 563 1193 optionem
621 1119 751 1174 facit
807 1122 947 1174 inter
1000 1126 1220 1187 συνερεῖν
1260 1127 1310 1172 et
1359 1125 1667 1186 συνηγορεῖν.
1749 1119 1878 1186 Quis
1931 1138 2065 1192 pun-

88 1219 240 1265 ctum
284 1211 540 1281 temporis
576 1208 844 1262 dubitabit
879 1207 1007 1279 quin
1050 1215 1269 1274 συνερεῖν
1314 1208 1472 1261 unice
1512 1223 1695 1261 verum
1737 1208 1844 1262 sit?
1887 1209 2065 1263 Etiam

90 1305 309 1366 συνερεῖν
350 1306 403 1352 et
454 1304 744 1365 συνηγορεῖν
791 1295 899 1349 vidi
941 1294 1231 1361 confundi,
1288 1312 1480 1367 nempe
1529 1296 1734 1350 scribae
1784 1293 1880 1368 pro
1929 1319 2068 1352 συνε-

27 1389 34 1460 ζ
89 1393 299 1455 pavum-5
350 1386 687 1441 substituunt
741 1389 1183 1452 συνηγοροῦντοις,
1243 1390 1302 1439 ut
1349 1385 1490 1456 apud
1545 1385 1954 1440 Demosthenem
2010 1403 2062 1458 p.

28 1487 29 1490 ’
95 1479 270 1538 1254,
313 1478 379 1528 2:
420 1475 671 1534 τοιούτους
706 1474 870 1528 τοίνυν
909 1475 1026 1534 τοὺς
1081 1477 1633 1540 συνηγοροῦντοος
1697 1475 1869 1534 αὑτοῖς
1911 1495 2065 1543 maps-

91 1563 466 1628 σκευασμένοι,
527 1562 618 1616 ubi
665 1579 845 1616 veram
900 1563 1223 1632 scripturam
1268 1563 1386 1621 τοὺς
1438 1566 1766 1629 συνεροῦντας
1809 1579 1839 1615 a
1879 1562 2068 1618 Codice

96 1652 158 1706 Α.
199 1659 387 1721 gratus
426 1651 646 1722 accipio,
726 1651 889 1705 Recte
938 1651 1204 1721 scriptum
1244 1659 1325 1704 est
1377 1667 1428 1721 p.
1467 1653 1610 1715 849,
1652 1653 1720 1704 9:
1776 1651 1912 1712 εἰδὼς
1954 1673 2070 1706 συν-

91 1743 280 1808 εροῦντ’
320 1741 460 1807 αὐτῷ
508 1741 599 1800 τὴν
657 1740 814 1800 δίκην.
896 1737 1054 1791 Atiud
1098 1754 1266 1807 genus
1300 1737 1480 1792 mendi
1522 1739 1740 1810 irrepsit
1790 1739 1945 1811 apud·
1971 1741 2069 1795 De·-

95 1827 426 1883 mosthenem
491 1845 538 1898 p.
584 1831 733 1892 445,
775 1831 842 1880 2:
902 1825 1034 1886 ὅπως
1096 1833 1293 1892 συνερεῖ
1352 1825 1460 1898 [καὶ
1523 1829 1936 1901 συναγωνιεῖται]
1999 1831 2069 1898 τῷ

83 1919 255 1984 μιαρῷ
296 1916 636 1982 Φιλοκράτει,
678 1915 767 1969 ubi
811 1914 915 1968 duo
949 1915 1108 1968 verba
1162 1913 1481 1984 interpolata
1529 1921 1656 1968 sunt
1695 1932 1725 1969 a
1766 1910 2071 1982 Graeculis,

91 2004 290 2077 quibus
339 2012 538 2071 συνερεῖ
592 2011 711 2058 erat
767 2003 1103 2057 inusitatum.
1198 2000 1395 2056 Eodem
1457 2001 1613 2057 modo
1670 2004 1725 2057 in
1789 2005 2071 2061 Aeschinis

93 2092 238 2158 loco,
278 2092 343 2147 de
383 2110 488 2164 quo
528 2091 594 2146 ad
635 2091 921 2165 Hyperidis
959 2093 1114 2155 λόγον
1155 2090 1431 2158 ἐπιτάφιον
1472 2091 1740 2155 diximus,
1783 2110 1951 2163 quum
1992 2113 2070 2150 es-

28 2209 36 2235 e
90 2188 176 2236 set.
216 2182 270 2235 in
307 2180 461 2235 tibris
501 2182 726 2234 vetustis
764 2187 1284 2242 TIHOTANEPEI,
1326 2181 1380 2233 τί
1419 2185 1534 2233 ποτ’
1573 2182 1744 2248 οένερεῖ
1780 2180 1822 2255 (ὃ
1863 2181 2068 2255 κήρυξ);

90 2285 259 2341 quum
295 2269 544 2340 imperite
584 2267 1028 2340 descripsissem:
1070 2268 1123 2322 τί
1162 2269 1277 2321 ποτ’
1318 2266 1381 2320 ἂν
1420 2269 1550 2334 ἐρεῖς
1595 2267 1659 2322 de
1712 2286 1808 2324 suo
1863 2269 2069 2326 addidit

32 2422 36 2431 .
91 2356 453 2429 magistellus:
496 2362 523 2420 ἣ
563 2357 616 2410 τί
649 2355 967 2425 &MJK-eram
1022 2356 1282 2411 Similiter
1320 2355 1522 2410 videbis
1557 2364 1766 2425 προερῶν
1807 2361 1860 2412 in
1898 2363 2067 2428 προορί-

32 2434 34 2473 3
91 2467 219 2514 ρων,
271 2450 516 2512 προσερεῖν
561 2445 617 2498 in
658 2446 932 2513 προσαιρῶν
982 2444 1257 2516 depravari
1314 2450 1630 2516 caeteraque
1671 2450 1964 2518 composita
2003 2448 2070 2503 ad

89 2533 321 2589 eundem
370 2533 607 2587 modum.
687 2536 882 2601 Ὑπερῶ
924 2532 1077 2586 verba
1113 2533 1322 2604 praeibo
1365 2532 1526 2605 (quod
1566 2534 1713 2588 verbi
1771 2536 2068 2603 ὑπαγορεύει

96 2622 340 2677 futurum
376 2620 638 2694 estpapud
679 2621 907 2694 veteres)
952 2620 1091 2693 apud
1133 2621 1479 2676 Ammonium
1529 2621 1593 2676 de
1634 2623 1696 2678 D.
1737 2623 1799 2677 V.
1852 2641 1902 2696 p.
1946 2627 2068 2680 140.

94 2711 172 2765 sic
211 2717 526 2781 corruptum
562 2717 676 2764 est:
738 2711 866 2775 ἐγὼ
919 2711 983 2765 δὲ
1045 2711 1299 2776 §naim
1355 2710 1467 2764 τὸν
1526 2707 1743 2778 ὅρκον,
1801 2714 1916 2767 ἀντὶ
1979 2719 2066 2769 τοῦ

92 2799 399 2866 προαΙρω.
482 2798 895 2870 Aristophanes,
936 2798 1092 2852 cuius
1132 2797 1263 2852 haec
1303 2797 1462 2852 verba
1505 2807 1668 2865 sunt,
1707 2799 1951 2856 dederat:

550 2887 651 2952 ἐγὼ
692 2887 733 2941 δ’
776 2887 982 2955 ὑπερῶ
1024 2888 1108 2940 τὸν
1148 2883 1320 2953 ὅρκον,

95 2974 236 3048 quod
277 2974 666 3046 grammaticus
717 2992 819 3029 non
878 2973 1164 3030 admodum
1213 2981 1464 3030 accurate
1503 2982 1692 3045 προερῶ·
1740 2985 1855 3032 erat
1910 2980 2070 3034 inter-

94 3070 337 3136 pretatus
371 3061 703 3118 confundens
742 3065 1040 3131 ὑπαγορεύω
1083 3071 1135 3118 et
1168 3066 1506 3133 προαγορεύω.
1587 3065 1730 3119 Nihil
1771 3075 1852 3122 est
1891 3076 2070 3122 autem

95 3150 430 3223 frequentius
470 3167 630 3223 quam
672 3157 730 3206 ut
764 3151 1007 3207 futurum
1050 3154 1219 3220 οἱπερῶ
1272 3154 1538 3225 concipiat
1579 3155 1789 3209 vitium.
1870 3158 2067 3224 Ἀπερῶ

96 3247 193 3295 aut.
231 3240 285 3293 in
327 3241 527 3307 ἀπαίρω
575 3239 723 3294 abire
761 3240 893 3295 solet
942 3247 1034 3295 aut
1074 3241 1128 3295 in
1167 3242 1369 3309 ἀπορῶ,
1425 3257 1591 3312 eaque
1631 3243 1707 3296 sic
1750 3243 1947 3313 passim
1989 3245 2065 3298 in·

97 3334 180 3383 ter
212 3343 268 3382 se
297 3328 719 3399 permiscentur,
762 3336 822 3384 ut
866 3331 918 3383 in
964 3346 1281 3402 unoquoque
1333 3330 1446 3385 loco
1490 3331 1600 3401 ipsa
1635 3332 1900 3386 sententia
1940 3333 2070 3404 quid

18 3468 19 3473 ,
97 3433 285 3472 verum
319 3417 391 3470 sit
441 3416 549 3470 sola
604 3424 879 3472 monstret.
961 3418 1112 3490 Apud
1153 3419 1436 3474 isocratem
1489 3418 1766 3488 legebatur
1813 3420 1865 3473 in
1916 3421 2065 3477 Anti-

16 3499 22 3558 ζ’
99 3503 213 3559 dost
270 3508 479 3576 5274:
536 3507 814 3573 ἀπορεῖν
869 3507 954 3561 καὶ
997 3508 1323 3570 παύσεσθαι,
1384 3524 1549 3578 quum
1604 3506 1827 3562 Urbinas
1879 3525 2064 3566 verum

17 3633 20 3642 .
96 3595 302 3661 ἀπερεῖν
342 3592 549 3647 obtulit.
632 3593 783 3665 Apud
829 3595 1234 3666 Aristophanem
1281 3597 1333 3648 in
1386 3595 1590 3666 Equitt.
1638 3611 1710 3648 vs,
1749 3601 1874 3654 677.
1937 3598 2063 3653 Bek—

1653 3685 1738 3720 55*
