2436 4068
1282 203 1387 253 218

358 355 470 414 est,
511 354 572 404 ut
601 347 663 403 ἔα
700 347 1044 403 Homericum
1083 347 1136 399 in
1171 344 1222 408 ἠ.
1273 341 1428 415 Apud
1464 342 1754 397 Homerum
1788 339 1971 396 eodem
2011 340 2202 406 modo,
2240 355 2344 413 quo

362 436 511 508 apud·
526 436 757 499 Atticos,
788 435 949 489 tertia
987 449 1214 504 persona
1247 433 1301 486 in
1348 451 1441 485 -ειν
1481 429 1661 485 exibat
1700 433 1825 482 ante
1857 427 2119 494 vocalem,
2159 445 2344 500 quam·

362 540 525 595 quam
573 539 691 577 eam
735 522 1062 592 scripturam
1106 521 1212 574 iam
1248 519 1375 573 olim
1410 518 1610 590 passim
1648 513 2022 586 interpolatam
2062 514 2228 570 fuisse
2267 515 2345 569 lu-

365 609 608 664 culenter
663 625 727 662 ex
779 608 1018 679 antiquis
1071 608 1127 661 in
1187 607 1479 662 Homerum
1533 602 1763 658 Scholiis
1823 607 2061 673 apparet.
2158 603 2349 658 Exstat

365 713 510 750 nunc
549 701 704 750 vetus
738 694 898 749 lectio
937 695 1148 765 integra
1187 693 1342 749 Iliad.
1383 694 1446 748 E.
1471 695 1598 746 661.
1634 689 1986 755 Τληπόλεμος
2025 719 2101 731 -—
2140 691 2350 756 βεβλή-

366 804 504 846 κειν,
543 784 719 850 αἰχμή
758 782 811 836 δέ
852 784 959 836 κτέ.
1003 789 1056 837 et
1096 791 1150 840 Ξ.
1193 786 1320 836 412.
1372 781 1689 847 βεβλήκειν,
1731 779 1853 844 ὑπὲρ
1895 775 2146 842 ἄντυγος,
2186 783 2240 831 et
2279 786 2345 832 H.

366 874 494 924 594.
548 869 634 923 καὶ
675 870 727 923 δὲ
771 870 875 924 τόδ’
921 871 1129 935 ἠνώγειν
1179 871 1342 924 εἰπεῖν
1378 868 1528 932 ἔπος,
1576 873 1630 921 et
1672 864 1859 939 Odyss.
1900 874 1957 919 P.
2002 868 2126 919 559.
2184 863 2283 920 εὖθ’
2324 866 2348 919 ὃ

362 956 729 1022 δεδειπνήκειν,
768 958 790 1012 ὂ
816 958 858 1012 δ’
882 958 1138 1022 ἐπαύετο,
1173 963 1227 1011 et
1260 967 1320 1010 X.
1346 959 1471 1009 275.
1513 953 1678 1014 ἄλλος
1696 955 1791 1019 μὲν
1811 953 2219 1019 -βεβλήκειν,
2253 951 2348 1007 ἄλ·

360 1057 449 1104 λος
499 1044 553 1098 δέ
608 1047 718 1100 κτὲ.
773 1051 827 1099 et
878 1044 1028 1099 Iliad.
1081 1054 1140 1099 Z.
1186 1047 1312 1098 170.
1372 1041 1537 1105 δεῖξαι
1580 1042 1624 1096 δ’
1665 1041 1874 1106 ἠνώγειν
1921 1037 1956 1109 ᾧ
1996 1041 2243 1108 πενθερῷ,
2295 1046 2350 1094 et

363 1130 551 1205 OdYSS.
591 1141 653 1187 E.
702 1136 829 1188 112.
872 1135 958 1188 τὸν
984 1137 1070 1186 νῦν
1105 1136 1154 1186 σ’
1195 1131 1404 1195 ἠνώγειν
1439 1129 1858 1195 ἀποπεμπέμεν,
1898 1133 1951 1182 et
1971 1127 2124 1186 Iliad.
2166 1137 2238 1184 Ψ.
2279 1129 2349 1182 εἱ·

362 1222 568 1284 ςήκειν,
627 1222 786 1275 αὐτοῦ
829 1219 934 1289 γάρ
987 1222 1094 1275 κτὲ.
1151 1218 1240 1273 sed
1289 1217 1524 1272 multum
1572 1216 1762 1283 abest,
1807 1222 1870 1270 ut
1916 1231 2010 1269 eae
2051 1215 2351 1287 scripturae

363 1308 479 1362 sine
520 1324 714 1379 magno
752 1307 990 1379 periculo
1035 1307 1100 1361 ad
1138 1324 1234 1360 nos
1274 1305 1743 1377 permanaverint,
1784 1309 1845 1357 ut
1881 1301 2128 1356 codicum
2169 1301 2350 1357 lectio·

366 1412 462 1450 nes
517 1395 916 1451 excutientibus
969 1395 1263 1467 apparebit.
1360 1392 1442 1447 Ad
1493 1391 1643 1446 Iliad.
1685 1399 1746 1445 Z.
1793 1394 1917 1445 170.
1980 1394 2270 1444 annotatur
2323 1405 2353 1443 c

366 1483 629 1556 Didymo:
670 1482 826 1544 οὕτως
872 1485 962 1538 σὺν
990 1484 1060 1550 τῷ
1121 1503 1145 1536 ν
1186 1481 1452 1546 ἠνώγειν
1491 1479 1817 1547 Ἀρίςαρχος.
1861 1481 2079 1542 ἠνώγεεν
2114 1476 2253 1544 γώρ,
2297 1483 2351 1531 et

366 1569 433 1623 ad
474 1569 663 1643 OdYSS.
704 1579 766 1625 E.
812 1574 935 1624 112.
992 1573 1254 1635 ἠνώγειν
1295 1569 1411 1623 οέντὶ
1446 1572 1537 1622 τοῦ
1579 1567 1830 1631 ἠνώγεεν,
1874 1567 1938 1626 ὡς
1983 1567 2075 1619 τὸ·
2116 1566 2349 1628 ἤσκειν

364 1657 493 1724 εἴρια
529 1657 674 1711 καλώ
718 1657 889 1732 (Iliad.
929 1667 987 1712 Γ.
1032 1657 1202 1730 588.).
1286 1655 1446 1710 Vides
1486 1655 1665 1719 ἠνώγει
1713 1651 1879 1706 fuisse
1917 1653 1972 1706 in
2014 1652 2240 1707 caeteris
2288 1651 2350 1706 li·

364 1744 514 1807 bris,
559 1751 611 1799 et
652 1762 715 1799 ex
758 1745 1056 1799 Aristarchi
1096 1744 1329 1799 editione
1372 1742 1648 1798 meliorem
1688 1740 1974 1795 lectionem
2014 1740 2222 1805 ἠνώγειν
2274 1738 2346 1793 al'-

367 1830 514 1886 ferri.
593 1833 655 1887 In
690 1832 843 1889 Iliad.
889 1841 954 1887 Θ.
994 1836 1120 1887 269.
1163 1849 1331 1904 quum
1364 1831 1492 1885 olim
1531 1829 1836 1900 legeretur:

1130 1921 1246 1975 ἐπεί
1281 1918 1344 1989 ἄρ
1383 1921 1478 1974 τιν’
1517 1916 1760 1978 ὂϊςεύσας
1801 1917 1852 1970 ἐν
1891 1915 2055 1984 ὁμίλῳ

669 2009 964 2074 βεβλήκει,
1009 2010 1032 2062 ὃ
1065 2008 1159 2074 μὲν
1195 2005 1308 2062 αὖθι
1343 2006 1520 2061 πεσὼν
1549 2006 1655 2059 ἀπὸ
1695 2005 1848 2070 θυμὸν
1880 2002 2106 2058 ὄλεσκεν.

366 2095 674 2150 Aristarchi
723 2096 881 2150 lectio
932 2113 962 2150 e
1005 2096 1223 2150 scholiis
1265 2094 1482 2149 Venetis
1523 2092 1684 2148 allata
1731 2100 1812 2147 est
1855 2091 2192 2160 Ἀρίςαρχος·
2248 2092 2350 2156 βε-

363 2184 406 2247 β
421 2185 650 2246 λήκοι,
695 2200 857 2254 quam
899 2185 1173 2238 Bekkerus
1213 2181 1514 2237 inconsulto
1553 2181 1775 2252 recepit.
1856 2178 2180 2250 Recipienda
2233 2184 2350 2232 erat

365 2270 650 2324 emendata
686 2270 845 2325 lectio
879 2273 1189 2336 βεβλήκειν.
1267 2270 1544 2340 Frequens
1583 2274 1663 2322 est
1694 2266 1835 2338 apud
1868 2266 2161 2320 Homerum
2193 2266 2349 2334 ᾔδεα,

363 2363 449 2411 sat
495 2375 652 2429 saepe
705 2358 848 2426 ᾔδεεν
892 2359 1167 2420 occurrit,
1226 2363 1288 2410 ut
1328 2356 1481 2412 Iliad.
1523 2356 1580 2409 B.
1628 2358 1755 2408 832.
1809 2350 1860 2414 ὃς
1902 2353 2014 2422 περὶ
2057 2352 2264 2407 πάντων
2308 2353 2316 2426 Ι

363 2446 479 2514 ᾔδεε
509 2446 866 2511 μαντοσύνας,
901 2452 954 2500 et
995 2455 1057 2499 Σ.
1083 2449 1211 2508 404,
1252 2444 1361 2499 οὐδὲ
1396 2465 1475 2505 τις
1512 2441 1673 2503 ἄλλος
1710 2439 1718 2513 Ι
1753 2442 1918 2510 ᾔδεεν,
1959 2446 2013 2494 et
2047 2438 2236 2514 odyss,
2278 2449 2347 2494 Ψ.

365 2536 456 2587 29.
513 2533 684 2588 παλαι
730 2535 869 2602 ᾔδεεν
908 2532 1041 2586 ἔνδον
1094 2533 1281 2594 ε’όντα,
1334 2548 1470 2602 quae
1518 2528 1782 2602 quomodo
1824 2528 2099 2600 potuerint
2147 2527 2201 2581 in
2244 2529 2348 2596 ᾔδει

363 2626 418 2673 et
463 2621 599 2688 ᾔδειν
641 2620 889 2675 contrahi
947 2619 1296 2675 manifestum
1338 2626 1452 2683 est,
1512 2616 1606 2672 sed
1655 2615 1919 2688 quomodo
1967 2616 2056 2684 ᾔδη
2113 2631 2178 2668 ex
2234 2617 2346 2684 ᾔδεε

364 2709 514 2761 nasci
573 2710 809 2780 potuerit
874 2725 1030 2762 nemo
1088 2724 1347 2779 umquam
1401 2722 1565 2760 sanus
1616 2703 1843 2759 docebit.
1938 2701 2117 2770 Quid?
2178 2719 2343 2772 quum

365 2797 665 2850 sexcenties
713 2798 768 2850 in
805 2797 910 2850 iltis
954 2795 1287 2850 carminibus
1326 2798 1615 2848 occurrant
1651 2793 1848 2857 δεδήει,
1888 2793 2085 2859 ἀρήρει,
2129 2791 2345 2858 ἐώργει,

365 2882 542 2950 ἐῴκει,
584 2885 806 2947 ἐώλπει,
851 2885 1049 2951 ὀρώρει,
1091 2885 1361 2951 τετρήχει,
1402 2882 1620 2945 ἠνώγει,
1664 2882 1893 2944 ὂπώπει,
1932 2881 2143 2944 ὀλώλει,
2183 2879 2345 2945 τετρί-

367 2992 482 3035 γει,
520 2971 779 3037 βεβρίθει,
836 2972 1078 3036 γεγήθει,
1126 2973 1379 3037 βεβήκει,
1418 2971 1714 3035 βεβλήκει,
1773 2967 2093 3034 ἐβεβρύχει,
2146 2967 2346 3032 ἐμεμύ-

366 3079 479 3118 κει,
523 3058 811 3121 ἐκεκεύθει,
871 3059 1163 3123 ἐμεμύκει,
1205 3059 1496 3122 ἐπεπήγει,
1541 3055 1835 3119 ἐπεπόνθει,
1877 3054 2012 3117 alia,
2066 3053 2347 3107 credemus

366 3143 595 3198 eundem
652 3150 862 3214 poetam
905 3162 968 3199 ex
1025 3147 1137 3213 ᾔδεε
1187 3145 1444 3199 formasse
1493 3145 1582 3211 ᾔδή
1620 3160 1788 3214 quum
1828 3143 1930 3211 ᾔδει
1981 3147 2035 3195 et
2074 3148 2250 3212 posset
2294 3148 2347 3196 et

368 3231 615 3295 deberet,
656 3238 710 3285 et
746 3232 801 3284 in
841 3231 1025 3286 eodem
1066 3250 1227 3287 versu
1277 3232 1616 3287 coniunxisse
1644 3230 1795 3284 Iliad.
1838 3228 1899 3282 N.
1937 3231 2063 3281 355.
2108 3228 2343 3296 πρότερος

367 3320 574 3384 γεγόνει
609 3319 696 3373 καὶ
734 3319 948 3373 πλείονα
985 3321 1095 3388 ᾔδη.
1174 3321 1250 3374 Ne
1288 3320 1390 3391 ipsi
1435 3318 1651 3389 quidem
1707 3314 2019 3371 Aristarcho
2058 3314 2158 3370 hoc
2205 3322 2345 3370 esset

368 3405 726 3470 eredendum,
783 3404 878 3459 sed
918 3407 1151 3462 multum
1191 3407 1370 3471 abest,
1412 3413 1472 3460 ut
1522 3422 1582 3460 ea
1619 3405 1887 3475 scriptura
1927 3403 2128 3456 summi
2159 3402 2343 3458 Critici

362 3495 686 3548 auctoritate
727 3492 982 3548 fulciatur
1022 3495 1297 3566 multoque
1328 3494 1536 3563 magiS,
1576 3499 1638 3547 ut
1674 3493 1744 3547 sit
1783 3488 2136 3559 Ἀριςώρχειον
2169 3490 2342 3556 ἁμαρ·

362 3601 510 3647 τήμα
537 3612 561 3646 ‚-
594 3588 655 3637 ut
691 3579 963 3638 contendit
998 3581 1128 3646 levis
1168 3583 1427 3653 magister
1467 3583 1520 3635 in
1557 3579 1787 3655 Etymol.
1869 3578 2057 3650 Magno
2105 3595 2156 3648 p.
2198 3581 2340 3640 419,
