2436 4068
1344 190 1448 240 552

401 343 731 404 παραχρῆμα
778 341 870 397 τῆς
923 334 1097 393 αἰτίας
1139 333 1491 398 γεγενημένης
1547 331 1736 388 (locere
1787 344 2010 407 possunt
2063 338 2220 393 multi
2272 340 2374 395 loci

398 423 638 486 similes,
695 422 867 493 qualis
920 428 1001 475 est
1045 420 1280 478 Platonis
1332 421 1386 473 in
1439 420 1668 491 Legibus
1707 421 1798 476 IX.
1853 440 1905 494 p.
1944 429 2051 480 866
2092 427 2155 481 Ε.
2207 449 2374 495 παρα·

394 519 583 579 χρῆμα
620 518 712 573 τῆς
748 512 901 577 ὁρμῆς
942 509 1248 574 γενομένης,
1285 515 1337 562 et
1377 507 1748 563 Demosthenis
1791 508 1906 582 pag.
1931 516 2032 579 81,
2079 520 2163 568 11.
2205 537 2372 585 παρα-

395 608 581 666 χρῆμα
621 603 717 652 τῶν
765 597 933 663 λόγων
973 597 1274 666 εἰρημένων,
1316 595 1528 666 aliique.

471 685 781 739 Necessaria
819 685 1140 756 praepositio
1181 683 1458 738 intercidit
1496 684 1535 737 Ι.
1579 702 1646 737 1v.
1691 689 1778 740 20.
1832 689 1894 749 ὡς
1933 685 2028 749 οἷός
2068 712 2135 750 τε,
2167 692 2230 745 ὢν
2266 693 2369 746 σῶ-

397 794 508 827 σαι
547 774 638 835 την
679 774 923 857 προτέραν
962 780 1054 836 τῆς
1089 772 1286 832 πόλεως
1322 772 1560 836 δύναμιν,
1602 773 1852 828 vitiosum
1892 783 1972 830 est
2010 782 2189 833 σῶσαι.
2269 779 2369 834 Ne·

396 879 482 915 1110
524 868 697 934 potest
738 861 790 914 id
851 860 989 932 quod
1027 861 1276 914 amissum
1317 867 1396 914 est
1437 856 1652 927 σώζειν,’
1688 861 1779 915 sed
1833 873 2056 934 possunt
2104 867 2175 920 τα
2236 869 2370 922 ἀπο·

390 950 602 1005 λωλότα
643 965 1044 1019 nonnumquam
1090 949 1439 1016 ἀνασώζεσθαι
1479 950 1812 1019 recuperari:
1867 951 2046 1023 itaque
2103 956 2370 1011 ἀνασῶσαι

395 1037 785 1093 restituendum
828 1045 928 1092 051.
1006 1036 1206 1092 Eodem
1247 1053 1407 1091 sensu
1445 1039 1537 1099 τὴν
1569 1039 1736 1105 ἀρχὴν
1763 1040 2057 1107 ἀναλαβεῖν
2106 1041 2243 1097 dixit
2278 1044 2371 1098 111.

396 1145 446 1185 v,
495 1132 563 1181 lo
615 1133 668 1180 et
724 1125 783 1179 V.
828 1143 884 1179 11.
939 1129 1044 1189 58,
1100 1131 1152 1178 et
1193 1125 1309 1179 Vll.
1350 1143 1397 1178 v.
1459 1130 1541 1180 16.
1596 1127 1800 1193 ἐρῶντες
1852 1130 2216 1185 ἀνασώσασθαι
2277 1134 2371 1195 τὴν

393 1214 637 1283 πατρῴαν
676 1213 846 1276 δόξαν.
908 1212 1151 1267 Ridicule
1186 1215 1435 1275 ἀνεσώθην
1474 1212 1675 1284 legitur
1710 1214 1850 1285 apud
1892 1216 2105 1289 Lysiam
2131 1219 2244 1273 XX.
2280 1224 2368 1274 24.

391 1304 482 1367 ἕως
518 1305 575 1358 τὸ
616 1301 928 1371 ςρατόπεδον
971 1307 1068 1355 σῶν
1109 1299 1192 1364 ἦν,
1253 1303 1426 1364 ἐπειδη
1467 1301 1518 1355 δὲ
1564 1302 1809 1370 διεφθάρη
1861 1303 1948 1357 καὶ
2010 1307 2258 1370 ἀνεσώθην
2295 1311 2367 1370 εἰς

392 1392 667 1454 Κατάνην,
721 1398 780 1443 10
833 1389 1008 1444 scribe
1059 1390 1144 1444 καὶ
1209 1391 1520 1452 διεσώθην
1576 1390 1858 1445 notissimo
1915 1409 2036 1447 usn.
2116 1395 2368 1451 Recurrit

392 1483 587 1536 vitium
630 1478 769 1533 idem
811 1478 866 1530 in
922 1477 1124 1532 Hellen.
1158 1477 1247 1531 IV.
1285 1495 1392 1531 vm.
1436 1481 1524 1532 028.
1579 1479 1650 1538 εἷς
1705 1479 1805 1540 τας
1857 1481 2111 1548 πατριδας
2168 1485 2370 1540 dvm-co.

390 1572 568 1633 θῆναι,
631 1566 719 1621 ubi
778 1567 1101 1628 ἀποσωθῆναι
1138 1564 1480 1619 scribendum
1523 1582 1638 1620 esse
1678 1566 1941 1632 arbitror,
1997 1586 2101 1640 quo
2158 1588 2369 1644 compo-

390 1659 494 1712 sito
547 1672 702 1727 saepe
757 1652 1049 1724 Xenophon
1092 1653 1146 1706 in
1189 1652 1351 1706 simili
1395 1668 1451 1707 re
1498 1670 1628 1708 usus
1667 1663 1766 1709 est.
1846 1655 1971 1711 Sine
2029 1674 2190 1712 sensu
2239 1658 2368 1731 legi-

390 1754 483 1801 tur
522 1745 562 1799 I.
620 1760 687 1797 vi.
743 1747 830 1797 15.
884 1744 938 1796 οὐ
998 1741 1320 1807 βουλομένων
1378 1742 1429 1795 δὲ
1479 1747 1578 1795 τῶν
1634 1745 1998 1806 Μυτιληναίων
2053 1755 2367 1815 προσχωρεῖν

389 1837 516 1890 ἀλλ’
557 1832 851 1901 ἐμφρούρων
896 1829 1047 1884 ὄντων
1093 1830 1370 1892 Ἀθηναίων
1410 1828 1497 1883 καὶ
1545 1835 1642 1884 τῶν
1682 1832 1755 1885 τοὶ
1800 1832 2104 1899 πράγματα
2144 1835 2368 1902 ἐχόντων

388 1920 750 1994 ἀττικιζόντων
774 1961 788 1983 ,
828 1917 967 1972 111310
1006 1917 1138 1972 11300
1178 1934 1322 1971 nunc
1358 1918 1499 1972 inter
1538 1935 1595 1972 se
1630 1929 2004 1990 opponuntur,
2046 1939 2172 1977 nam
2207 1939 2370 1978 causa

390 2010 636 2067 redditur
673 2023 772 2061 cur
812 2005 1118 2079 Mytilenaei
1158 2004 1384 2060 deficere
1425 2023 1527 2059 non
1573 2009 1880 2078 potuerint,
1919 2008 2110 2064 deinde
2143 2012 2368 2080 ἐμφρού-

387 2121 478 2168 ρων
518 2098 669 2152 ὄντων
712 2094 866 2149 11111111
917 2101 997 2148 est
1037 2111 1209 2166 neque
1247 2093 1390 2166 apud
1441 2095 1660 2149 Veteres
1700 2103 1780 2150 est
1824 2097 1876 2150 in
1920 2113 2050 2159 usu;
2103 2098 2244 2170 apud
2285 2117 2365 2155 se-

388 2188 602 2259 quiores
641 2183 908 2253 ἕμφρουροι
950 2178 1077 2236 εἶναι
1124 2180 1383 2236 dicuntur
1423 2182 1491 2247 ii,
1545 2183 1731 2254 quibus
1777 2185 2098 2255 praesidium
2151 2187 2363 2260 imposi-

389 2286 497 2330 lum
538 2283 647 2338 est,
707 2271 798 2326 sed
837 2288 902 2326 ne
943 2269 1083 2342 apud
1135 2270 1266 2324 15105
1323 2269 1539 2341 quidem
1592 2270 1870 2340 ἔμφρουρος
1918 2269 2048 2327 εἶναι
2088 2276 2364 2338 Ἀθηναίων

387 2364 674 2435 quisquam
715 2360 822 2414 dici
862 2360 1036 2431 potuit
1070 2375 1164 2429 pro
1195 2358 1418 2426 φρουρὰν
1457 2358 1599 2426 ἔχειν
1634 2361 1908 2421 Ἀθηναίων
1950 2362 2061 2415 51νο
2096 2364 2183 2417 ὑπ’
2214 2366 2364 2427 Ἀθη·

387 2452 535 2506 ναίων
575 2450 917 2519 φρουρεῖσθαι.
998 2448 1187 2519 Itaque
1220 2446 1561 2500 scribendum
1600 2465 1715 2502 esse
1750 2448 1981 2502 arbitror
2013 2447 2102 2504 ἅτ’
2136 2451 2362 2521 ἔμφρον·

387 2541 595 2608 ρούντων
632 2538 940 2600 Ἀθηναίων,
982 2542 1042 2588 ut
1079 2534 1218 2605 apud
1259 2534 1500 2608 Thucyd.
1536 2535 1671 2589 Vlll.
1715 2539 1803 2590 60.
1883 2537 2362 2608 Βοιωτοὶ-Ὠρω-

385 2632 480 2683 πὸν
520 2625 652 2682 εἷλον
692 2625 931 2695 προδοσία
971 2624 1248 2686 Ἀθηναίων
1303 2623 1733 2692 ε’μφρουρούντων.
1815 2625 1939 2679 Post
1981 2643 2149 2696 pauca
2189 2627 2229 2701 S
2271 2633 2357 2683 14.

384 2713 751 2772 Callicratidas
799 2715 888 2767 οὐκ
935 2711 1037 2781 ἔφη
1098 2713 1280 2765 ἑαυτοῦ
1325 2732 1392 2776 γε
1449 2710 1697 2779 ἄρχοντος
1754 2713 1931 2767 οὐδένα
1976 2715 2234 2778 Ἑλλήνων
2284 2718 2357 2778 εἰς

383 2806 439 2859 τὸ
499 2804 687 2858 ἐκείνου
729 2801 940 2856 δυνατὸν
994 2801 1482 2868 ἀνδραποδισθῆναι,
1540 2818 1643 2854 11011
1700 2800 1926 2871 negabat
1972 2803 2055 2855 vir
2107 2805 2356 2874 egregius

383 2893 437 2947 id
475 2896 675 2965 factum
716 2908 859 2954 esse,
901 2888 991 2943 sed
1033 2889 1086 2942 in
1130 2906 1226 2943 suo
1278 2889 1502 2960 imperio
1540 2892 1654 2961 sore
1692 2888 1744 2942 id
1782 2888 2024 2959 negabat.
2105 2890 2207 2944 Res
2244 2898 2353 2957 est,

383 2988 445 3034 ut
500 2979 720 3050 opinor,
778 2978 1078 3049 perspicua.
1156 2977 1342 3048 Itaque
1394 2975 1456 3030 ἄν
1505 2976 1705 3031 excidit
1756 2982 1809 3030 et
1863 2977 1939 3030 sic
1996 2977 2351 3049 supplendum

379 3068 532 3124 οὐδέν’
573 3067 636 3121 ἂν
677 3067 936 3128 Ἑλλήνων
966 3098 1039 3108 -
1078 3066 1549 3132 ἀνδραποδισθῆναι.
1628 3064 1739 3118 Non
1781 3072 1863 3118 est
1904 3063 2006 3117 alia
2040 3066 2227 3121 vocula
2266 3085 2350 3123 ca·

378 3154 674 3211 lamitosior
725 3154 778 3206 in
825 3152 978 3207 libris
1019 3169 1178 3223 quam
1213 3151 1276 3206 ἄν
1317 3161 1427 3218 051,
1471 3169 1642 3223 neque
1682 3152 1966 3223 quisquam
2020 3155 2348 3226 scriptorum

379 3246 701 3300 Graecorum
743 3247 917 3312 potest
966 3257 1081 3294 esse
1120 3239 1387 3294 infelicior
1435 3241 1698 3310 interpres
1745 3255 1902 3309 quam
1946 3242 2037 3311 qui
2094 3243 2147 3296 in
2188 3261 2250 3298 03
2289 3263 2349 3300 re

374 3333 636 3387 librorum
681 3329 1053 3383 auctoritatem
1112 3327 1312 3398 aliquid
1361 3327 1608 3399 ponderis
1650 3334 1801 3397 putat
1858 3327 2068 3383 habere.
2149 3331 2347 3403 Nempe

376 3422 456 3484 ei,
497 3426 558 3472 ut
592 3416 729 3488 apud
763 3415 1098 3487 philosophos
1140 3416 1427 3487 quosdam,
1467 3414 1646 3470 πάντα
1682 3419 1779 3483 ῥεῖ,
1819 3422 1870 3469 et
1910 3417 2043 3470 nihil
2087 3435 2343 3490 umquam

377 3508 515 3579 quod
568 3506 700 3560 salis
746 3510 954 3559 certum
1008 3511 1059 3558 et
1099 3504 1287 3559 stabile
1328 3505 1397 3557 sit
1443 3505 1636 3573 poterit
1680 3506 1934 3575 reperire.
2016 3505 2209 3560 Contra
2251 3509 2344 3578 qui

377 3599 429 3651 in
473 3611 682 3668 quoque
732 3593 844 3648 loco
885 3610 1067 3649 sanan]
1120 3594 1382 3648 rationem
1428 3598 1478 3647 et
1534 3591 1743 3646 (licendi
1792 3610 1946 3648 usum
1995 3593 2145 3648 libris
2179 3597 2345 3649 0111111-
