2436 4068
1277 186 1383 236 522

356 336 657 399 ὑπήκουσα,
700 331 840 404 quod
882 339 933 386 et
989 333 1041 384 in
1086 329 1441 384 deterioribus
1494 329 1645 383 libris
1700 330 1897 402 legitur
1937 341 1990 389 et
2024 336 2201 406 ipsum
2258 343 2339 391 est

356 422 728 477 deterrimum.
809 420 1004 474 Contra
1045 423 1323 490 peccatum
1376 424 1456 472 est
1497 424 1550 472 et
1592 434 1748 490 saepe
1798 420 1921 475 alibi
1972 431 2024 477 et
2066 424 2120 476 in
2174 423 2336 478 Nubi-

359 511 458 565 bus
499 529 575 565 VS.
616 513 741 563 274.

508 598 684 652 ἔλθετε
725 598 866 659 δῆτ’,
906 593 940 649 ὦ
982 595 1322 660 πολυτίμητοι
1363 595 1641 663 Νεφέλαι,

510 685 922 740 ἕπακούσατε
964 682 1243 749 δεξάμεναι
1286 684 1460 738 θυσίαν
1500 684 1588 737 καὶ
1630 691 1736 745 τοῖς
1776 687 1943 751 ἱεροῖσι
1984 695 2264 755 χαρεῖσαι,

360 774 451 829 ubi
503 773 837 828 ὑπακούσατε
895 772 1051 825 unice
1105 788 1292 826 verum
1351 778 1404 825 et
1462 771 1615 839 plane
1674 775 2041 827 necessarium
2094 782 2191 828 est.
2274 775 2341 829 Ut

356 871 564 916 vocatae
602 861 809 915 veniant
855 860 925 913 ad
961 878 1071 914 sese
1124 867 1280 931 rogat
1325 859 1540 923 NubeS,
1582 877 1686 913 non
1730 868 1789 914 ut
1821 862 2106 933 praebeant
2143 881 2341 917 aurem.

361 950 570 1005 Similia
623 948 902 1021 complura
944 948 1077 1002 mihi
1130 949 1184 1002 iu
1239 947 1358 1002 aliis
1412 948 1786 1003 animadversa
1835 957 1888 1003 et
1941 957 2124 1005 notata
2179 957 2344 1018 sunt,

358 1039 452 1093 sed
490 1038 554 1092 de
596 1037 679 1091 his
720 1054 863 1090 nunc
906 1037 1121 1107 quidem
1162 1037 1438 1090 hactenus.
1520 1036 1870 1091 Redeundum
1915 1045 1996 1092 est
2031 1039 2176 1092 enim
2219 1055 2346 1110 pau-

355 1129 437 1181 cis
477 1126 542 1181 ad
597 1128 775 1198 ipsum
831 1124 1199 1197 Xenophontis
1253 1124 1469 1189 locum,
1525 1142 1555 1178 a
1593 1142 1697 1195 quo
1737 1125 1875 1179 hanc
1927 1126 2347 1181 animadversio-

359 1233 481 1270 nem
525 1215 897 1279 instituimuS,
939 1214 1191 1284 quoniam
1234 1214 1289 1266 in
1332 1219 1573 1267 extrema
1610 1220 1763 1284 parte
1802 1215 1996 1268 vitium
2038 1216 2346 1286 concepisse

358 1303 607 1358 videtur:
650 1302 737 1356 καὶ
778 1305 867 1356 οὐκ
908 1301 1068 1356 ἄλλον
1110 1306 1344 1370 ᾑροῦντο,
1405 1302 1619 1372 inquit,
1659 1303 1708 1355 ἕν
1748 1311 1854 1364 τοῖς
1895 1303 2088 1364 δεινοῖς.
2166 1302 2348 1358 Facile

361 1390 667 1445 credimus:
711 1389 927 1444 difficile
965 1397 1045 1444 est
1085 1391 1137 1442 in
1189 1390 1303 1461 ipso
1353 1388 1668 1444 discrimine
1721 1407 1933 1462 pugnae
1987 1398 2199 1446 mutare
2252 1391 2348 1446 du-

357 1497 475 1534 cem
538 1485 633 1533 aut
703 1479 964 1549 potiorem
1035 1477 1269 1548 deligere
1324 1485 1377 1531 et
1437 1479 1811 1548 acceptiorem.
1910 1479 2126 1534 Excidit
2184 1481 2349 1551 parti·

363 1568 519 1632 cula,
560 1583 697 1637 quae
748 1573 856 1620 tam
895 1582 1049 1637 saepe
1090 1564 1252 1629 solet,
1294 1565 1748 1638 scribendumque
1789 1567 1876 1620 καὶ
1930 1570 2020 1622 οὑκ
2073 1565 2138 1622 ἂν
2190 1567 2351 1624 ἄλλον

361 1660 580 1725 ᾑροῦντο.

436 1743 867 1799 Describentium
910 1758 1062 1796 error
1113 1740 1472 1795 commaculat
1512 1758 1690 1795 acrem
1735 1743 2103 1814 Xenophontis
2156 1745 2349 1798 oratio-

362 1850 484 1887 nem
525 1833 616 1887 lII.
661 1849 694 1886 Ι.
739 1834 826 1885 25.
885 1832 927 1884 εἰ
968 1831 1063 1895 μὲν
1108 1835 1252 1894 ὑμεῖς
1295 1829 1498 1883 ἐθέλετε
1534 1829 1753 1898 ἐξορμᾶν
1795 1830 1879 1885 ἐπὶ
1922 1837 2099 1886 ταῦτα
2138 1830 2349 1888 ἕπεσθαι

358 1924 478 1987 ὑμῖν
518 1921 814 1987 βούλομαι,
872 1920 913 1973 εἰ
956 1919 999 1972 δ’
1041 1919 1188 1983 ὑμεῖς
1229 1917 1455 1972 ταττετέ
1508 1940 1577 1985 με
1620 1921 1855 1984 ἡγεῖσθαι
1917 1921 2054 1974 οὐδὲν
2094 1923 2350 1991 προφασί·

365 2011 519 2078 ζομαι
560 2012 652 2072 τὴν
689 2008 923 2072 ἡλικίαν,
965 2023 1070 2059 11011
1109 2013 1188 2059 est
1227 2006 1279 2058 in
1318 2005 1401 2059 his
1444 2006 1814 2077 epanaphora,
1857 2015 1915 2061 ut
1955 2007 1993 2080 S
2025 2013 2113 2063 57.
2158 2015 2351 2075 ὑμεῖς

360 2098 466 2166 γάρ
514 2100 599 2156 ε’ςε
647 2095 934 2164 varmei,
986 2096 1182 2161 ὑμεῖς
1234 2093 1511 2161 ταξίαρχοι
1551 2095 1636 2147 καὶ
1678 2098 1940 2164 λοχαγοί,
1981 2105 2033 2151 et
2090 2115 2226 2168 quae
2264 2115 2350 2152 se-

364 2193 642 2257 quuntur,
707 2184 798 2239 sed
841 2184 1103 2255 oppositio
1161 2181 1446 2246 manifesto
1493 2184 1790 2254 requiritur
1847 2185 1989 2238 inter
2043 2187 2241 2251 ὑμεῖς
2301 2192 2354 2241 et

367 2275 480 2341 ε’μέ.
560 2273 704 2327 Ν11111
745 2271 1054 2326 offensionis
1096 2276 1401 2342 superesset
1442 2271 1487 2323 si
1538 2270 1838 2341 legeretur·
1884 2274 1926 2326 εἶ
1980 2274 2022 2326 δ’
2070 2274 2184 2338 ἐμὲ
2224 2273 2351 2328 τατ-

368 2385 489 2417 τετε
531 2362 769 2427 ἡγεῖσθαι
812 2361 920 2414 κτὲ.
1003 2358 1106 2413 Sed
1144 2358 1360 2413 difficile
1398 2358 1546 2412 dictu
1584 2365 1663 2412 est
1706 2359 1846 2413 unde
1889 2359 2018 2414 haec
2061 2369 2169 2414 tam
2206 2378 2354 2434 aper-

373 2459 427 2504 ta
484 2457 538 2504 et
592 2449 750 2520 plana
805 2449 1103 2502 sententiae
1163 2446 1334 2500 forma
1387 2448 1439 2500 in
1495 2446 1640 2500 illam
1695 2447 1908 2506 abierit.
1989 2448 2126 2502 Illud
2178 2450 2356 2520 ipsum

375 2537 634 2610 postulari
679 2544 858 2591 tamen
899 2535 1299 2590 concedendum
1338 2552 1452 2589 esse
1494 2535 1624 2588 mihi
1668 2535 1916 2589 arbitror.

451 2624 681 2680 Confusa
733 2631 860 2678 sunt
903 2623 1046 2692 παρα
1099 2630 1152 2676 et
1192 2624 1338 2690 περί,
1394 2629 1452 2677 ut
1494 2624 1689 2693 passim
1742 2623 1910 2689 alibi,
1967 2625 2020 2678 in
2064 2625 2231 2680 Anah.
2269 2627 2358 2682 IV.

379 2734 448 2771 iv.
497 2720 558 2769 11
619 2715 844 2768 αλεεινὸν
901 2711 957 2776 ἦν
1000 2714 1027 2775 ἦ
1082 2712 1209 2778 χιὼν
1261 2712 1689 2774 ἐπιπεπτωκυῖα,
1746 2709 1842 2780 ὅτῳ
1893 2714 1966 2778 μὴ
2019 2716 2362 2782 παραρρυείη,
2434 2710 2436 2713 ⁴

381 2821 505 2858 nam
549 2803 642 2856 nix
690 2818 827 2872 quae
880 2800 944 2854 de
986 2816 1207 2871 corpore
1261 2799 1498 2871 undique
1539 2799 1726 2854 defluit
1766 2808 2006 2868 περιρρεῖν
2048 2801 2247 2858 Graece
2288 2804 2364 2858 di-

382 2893 559 2956 citur,
600 2889 946 2960 quamobrem
990 2889 1263 2955 περιρρυείη
1302 2890 1597 2959 genuinum
1639 2905 1756 2942 esse
1790 2887 2020 2942 videtur.

460 2977 714 3033 Desidet-o
766 2976 1084 3030 vocabulum
1145 2976 1210 3029 ad
1266 2978 1587 3030 sententiam
1650 2978 2014 3031 necessarium
2059 2977 2147 3032 lV.
2190 2997 2239 3033 v.
2298 2984 2363 3034 12

384 3069 455 3124 τὰ
502 3068 576 3133 μὴ
615 3064 876 3129 δυνάμενα
918 3069 1014 3117 τῶν
1057 3065 1344 3131 ὑποζυγίων
1386 3063 1605 3132 ἥρπαζον
1648 3065 1735 3118 καὶ
1791 3067 2042 3129 αλλήλοις
2101 3067 2366 3135 ἐμάχοντο
2420 3103 2422 3106 v

384 3156 497 3224 περὶ
548 3154 734 3207 αὐτῶν.
830 3151 1232 3222 Suppleverim:
1287 3154 1358 3207 τοὶ
1409 3154 1483 3219 μὴ
1541 3153 1803 3219 δυνάμενα
1866 3154 2206 3228 (πορεύεο-θαι)
2267 3161 2366 3211 τῶν

386 3242 691 3311 ὑποζυγίων.
772 3238 845 3293 Cf.
891 3238 928 3312 §
976 3244 1063 3294 16.
2416 3286 2421 3306 Α,

463 3330 632 3384 Periit
686 3327 1007 3399 praepositio
1046 3327 1112 3382 V.
1155 3345 1222 3381 iv.
1270 3331 1335 3380 17
1395 3328 1448 3380 in
1492 3328 1669 3382 verbis
1717 3328 1803 3383 καὶ
1853 3327 1972 3394 ἅμα
2014 3331 2245 3398 ἐχόρευον
2293 3331 2369 3386 νό-

388 3442 471 3488 μῳ
509 3418 603 3472 τινὶ
646 3417 885 3486 ᾄδοντες,
928 3433 1032 3469 non
1075 3422 1156 3469 est
1194 3415 1338 3468 enim
1374 3413 1590 3468 difficile
1624 3415 1690 3469 ad
1734 3416 2143 3488 intelligendum
2177 3427 2228 3474 et
2272 3420 2363 3493 (ἐν)

391 3508 525 3576 νόμῳ
593 3506 691 3559 τινί
765 3503 969 3574 requiri
1030 3509 1082 3557 et
1138 3502 1264 3573 quid
1329 3504 1773 3574 praepositionem
1848 3509 2122 3572 exemerit.
2218 3506 2361 3562 Conf.

392 3596 571 3669 §14,
613 3591 967 3664 etV1.1.§
1010 3595 1041 3644 8
1084 3597 1137 3644 et
1186 3595 1268 3645 11.
