2436 4068
1065 201 1168 251 551

132 363 341 421 quoque
380 344 494 399 loco
540 343 684 397 nulla
724 342 976 397 Codicum
1030 343 1240 398 ratione
1295 342 1477 398 habita
1517 343 1862 397 constituere.
1945 344 2110 399 Simi-

134 437 259 492 liter
296 435 435 487 sitne
473 454 516 487 ει
558 450 624 486 an
668 453 728 486 ιει
782 430 1125 486 scribendum
1166 431 1318 486 nobis
1355 433 1486 503 ipsis
1526 438 1607 485 est
1643 431 1929 486 videndum
1975 433 2110 487 iudi-

136 521 507 592 candumque,
548 522 800 593 quoniam
844 521 897 572 in
936 519 1020 572 his
1058 536 1269 590 quoque
1319 520 1520 573 Punica
1560 519 1821 573 librorum
1863 519 1993 574 fides
2032 529 2115 575 est

137 618 192 665 et
229 609 453 679 antiqua
493 609 679 679 lingua
718 607 785 661 ad
825 608 1135 678 sequiorum
1176 606 1475 661 socordiam
1537 628 1596 661 ιει
1640 607 1693 661 in
1736 629 1777 662 ει
1821 607 2112 679 depravan-

135 699 270 752 tium
309 696 495 750 relicta
539 702 637 749 est.
715 693 976 749 Dicebant
1020 693 1240 748 Veteres
1284 695 1495 759 ὑγίεια,
1535 704 1805 761 ταμιεῖον,
1846 698 2112 762 Ὀλυμπί-

135 805 267 849 ειον,
305 785 378 838 τα
411 784 645 848 Ἁλίεια,
686 782 791 837 alia
831 788 1119 845 sexcenta,
1158 782 1210 834 in
1247 782 1443 852 quibus
1481 804 1542 836 ιει
1588 800 1652 837 ex
1686 790 1834 838 certa
1871 784 2115 856 analogia

140 872 548 928 concurrebant.
630 871 915 942 Sequiores
953 877 1132 941 spreta
1171 875 1225 923 et
1252 869 1499 939 ignorata
1529 871 1772 941 analogia
1813 873 1967 937 ὑγεία
2000 889 2116 928 coe-

136 967 331 1033 perunt
363 959 542 1014 dicere
581 966 636 1012 et
668 966 883 1025 ταμεῖον
923 965 1083 1021 cett.,
1138 956 1332 1012 deinde
1385 957 1646 1011 librorum
1686 966 1928 1015 veterum
1985 962 2117 1015 scri-

139 1055 327 1121 pturas
374 1047 441 1102 ad
478 1063 578 1101 sua
625 1047 757 1101 vitia
811 1045 1232 1101 accommodare.
1313 1044 1463 1112 Quod
1503 1045 1592 1098 ubi
1635 1047 1797 1100 semel
1835 1049 2119 1104 manifesto

139 1136 528 1208 deprehensum
584 1136 689 1190 erit
731 1142 784 1189 et
834 1135 1050 1189 invictis
1097 1134 1435 1204 argumentis
1488 1133 1852 1206 exemplisque
1904 1136 2119 1191 demon-

137 1232 369 1280 stratum
410 1223 540 1295 quid
589 1240 787 1295 quaeso
844 1222 1082 1295 proderit
1121 1222 1320 1294 passim
1380 1222 1612 1292 singulis
1667 1222 1799 1276 locis
1852 1223 2119 1280 subiicere

138 1319 318 1368 certae
354 1311 776 1383 emendataeque
809 1312 1114 1383 scripturae
1154 1317 1307 1364 notos
1347 1325 1556 1365 errores
1589 1317 1643 1364 et
1675 1311 1990 1382 pervulgata
2030 1313 2120 1367 ho-

140 1401 488 1457 muncionum
530 1399 702 1453 vitia?
782 1398 890 1453 Fac
930 1397 1378 1470 periculum4ubi
1429 1405 1492 1452 tu
1541 1398 1720 1464 voleS,
1770 1399 1974 1455 videbis
2026 1418 2122 1473 pro

140 1511 202 1544 ιει
240 1506 305 1545 ex
342 1488 563 1560 scriptis
599 1487 752 1542 libris
789 1508 833 1542 ει
869 1486 1099 1542 absurde
1142 1487 1407 1559 scriptum
1448 1484 1629 1541 afferri
1684 1488 1737 1541 in
1780 1506 2146 1562 quocumque·

142 1577 399 1632 vocabulo
453 1597 514 1631 ιει
568 1576 697 1630 olim
739 1577 1000 1648 coniungi
1041 1575 1300 1630 solebant.
1378 1574 1529 1643 Quod
1589 1593 1764 1648 nuper
1803 1595 1865 1632 ex
1924 1579 2111 1633 Demo·

140 1665 330 1721 sthene
369 1663 655 1719 afferebam
694 1666 892 1720 διοικεῖν
928 1682 1024 1736 pro
1042 1665 1259 1719 διοικιεῖν
1300 1662 1530 1718 absurde
1571 1666 1834 1736 scriptum
1875 1684 1994 1739 pag.
2019 1672 2121 1734 59,

149 1760 234 1810 15.
273 1759 327 1809 et
360 1753 604 1808 dicebam
651 1753 988 1808 emendatam
1031 1754 1357 1823 scripturam
1396 1752 1612 1806 διοικιεῖν
1653 1754 1704 1806 in
1751 1755 1967 1825 egregio
1997 1755 2121 1811 Cod.

146 1841 200 1898 S.
241 1843 484 1897 Parisino
522 1850 763 1904 exstare,
804 1839 1066 1911 sequebar
1114 1839 1483 1906 Dindorlium,
1524 1841 1615 1911 qui
1662 1842 1716 1895 in
1764 1841 1996 1898 editione
2036 1845 2122 1899 Li-

142 1931 344 2003 psiensi
381 1947 621 1985 errorem
662 1946 823 1984 suum
857 1929 1134 1999 corrigens
1175 1927 1358 1983 docuit
1400 1929 1454 1982 in
1497 1929 1700 2000 optimo
1747 1930 1938 1986 Codice
1979 1932 2123 1988 haud

141 2035 298 2074 secus
337 2026 499 2090 atque
538 2019 589 2072 in
633 2018 866 2090 pessimo
906 2033 1118 2089 quoque
1166 2017 1415 2071 vitiosam
1458 2024 1511 2071 et
1546 2017 1833 2073 absurdam
1889 2022 2121 2093 scriptu-

142 2123 260 2162 ram
307 2108 507 2162 διοικεῖν
558 2123 831 2179 apparere.
913 2104 1017 2160 Sed
1057 2103 1187 2176 quid
1236 2121 1514 2158 moramur
1565 2104 1784 2161 Codices
1818 2108 1871 2161 in
1915 2126 1973 2163 re
2014 2127 2124 2165 ma-

143 2195 378 2251 nifesta?
459 2195 569 2250 Hoc
626 2204 902 2249 teneamus
963 2209 1125 2264 penes
1178 2208 1275 2246 nos
1330 2191 1467 2246 solos
1525 2210 1642 2249 esse
1702 2202 1939 2252 statuere
2002 2207 2125 2254 utra

143 2285 415 2356 scriptura
452 2283 650 2355 ubique
690 2299 815 2337 vera
856 2283 961 2347 sit,
1004 2277 1146 2336 unde
1193 2282 1545 2351 consequitur
1586 2290 1769 2338 nostra
1810 2285 1886 2338 nil
1924 2286 2127 2343 referre

143 2372 406 2445 quidquid
460 2372 516 2426 in
557 2371 754 2426 talibus
790 2370 915 2425 libri
959 2377 1012 2426 et
1056 2368 1266 2423 librarii
1306 2367 1632 2441 discrepant.
1714 2371 2128 2432 Subridebimus

143 2459 238 2515 ubi
290 2461 447 2526 ὑγεία
499 2461 763 2532 scriptum
817 2476 932 2515 esse
981 2458 1285 2514 videbimus
1324 2463 1420 2512 aut
1457 2465 1673 2525 ταμεῖον
1722 2469 1817 2516 aut
1864 2463 2129 2536 quidquid

143 2555 228 2605 est
259 2547 607 2614 huiusmodi,
647 2550 964 2620 praesertim
1006 2546 1098 2603 ubi
1138 2546 1204 2601 ob
1240 2544 1399 2601 fidem
1452 2545 1712 2602 librorum
1762 2549 1895 2605 istas
1943 2552 2128 2609 sordes

146 2642 243 2692 aut
294 2636 657 2702 commendari
699 2635 1002 2691 videbimus
1053 2642 1148 2691 aut
1187 2634 1409 2689 retineri
1451 2641 1546 2689 aut
1587 2636 1773 2710 recipi.
1851 2639 1912 2693 In
1955 2642 2129 2712 poetis

147 2742 303 2781 nemo
356 2733 514 2780 curat
551 2724 818 2780 librarios,
900 2725 1072 2792 Quam
1122 2740 1280 2796 saepe
1320 2723 1506 2778 Critici
1540 2725 1713 2790 ὑγίεια
1754 2726 1972 2784 iubente
2011 2746 2128 2785 me-

147 2820 231 2869 tro
259 2821 616 2886 reposuerunt
650 2830 745 2884 pro
782 2813 956 2877 ὑγεία.
1001 2811 1237 2868 Alexidis
1269 2811 1635 2880 fragmentum
1674 2819 1754 2868 est
1781 2814 1924 2886 apud
1963 2816 2127 2875 Clem.

146 2901 294 2958 Alex.
341 2901 563 2973 Paedag.
601 2902 666 2956 ll.
711 2918 758 2972 p.
803 2905 926 2956 179.
968 2902 1106 2956 καθα
1144 2901 1231 2955 καὶ
1274 2902 1297 2955 ὅ
1332 2901 1566 2967 Κωμικός
1607 2903 1742 2971 φησί
1780 2923 1911 2958 που·
1953 2905 2127 2974 μύροις

148 2991 503 3060 ὑπαλείφεται
549 2991 649 3050 τας
683 2997 868 3057 χεῖρας
906 2990 1089 3055 ὑγείας
1128 2989 1279 3057 μέρος
1326 2989 1543 3055 μέγιςον
1594 2990 1758 3057 ὀδμοὶς
1811 2993 2129 3063 ἐγκεφάλων

144 3080 348 3148 xpus-&4
389 3085 565 3134 ποιεῖν.
647 3078 809 3149 Fugit
860 3076 948 3131 bic
991 3077 1141 3132 locus
1195 3078 1518 3133 Meinekium
1578 3095 1747 3151 quum
1789 3080 1930 3136 idem
1986 3081 2129 3153 frag-

144 3174 387 3223 mentum
424 3185 489 3222 ex
534 3166 792 3221 Athenaei
832 3164 1039 3219 duobus
1088 3164 1218 3220 locis
1259 3182 1308 3237 p,
1349 3170 1419 3221 46
1461 3168 1522 3222 Α.
1564 3174 1617 3222 et
1657 3170 1764 3223 687
1807 3169 1868 3224 D.
1929 3169 2127 3225 ederet.

148 3254 227 3310 Ex
246 3255 513 3311 Clemente
544 3253 910 3326 recipiendum
947 3255 1120 3322 μύροις
1156 3255 1546 3325 ὑπαλείφεται,
1592 3256 1754 3331 (apud
1792 3256 2125 3312 Athenaeum

147 3344 318 3411 μύροις
356 3344 492 3399 male
532 3344 790 3397 omissum
833 3349 916 3397 est
952 3349 1006 3396 ct
1048 3342 1244 3414 legitur
1293 3342 1514 3398 verbum
1565 3344 1720 3399 nihili
1766 3344 2126 3419 ἐναλείφεται)

147 3438 199 3484 et
241 3432 318 3487 sic
357 3430 733 3486 scribendum:

1390 3520 1563 3588 μύροις

453 3608 808 3674 ὑπαλείφεται
849 3608 946 3668 τὰς
988 3612 1126 3676 ῥῖνας
1151 3652 1163 3674 ,
1204 3609 1404 3674 ὑγιείας
1443 3609 1591 3676 μέρος
