2436 4068
1083 176 1183 226 5:21

115 323 239 378 Mss,
282 322 412 377 fides
462 338 558 394 per
615 321 1001 378 Graeculorum
1059 321 1375 375 temerarias
1421 337 1618 376 manus
1660 321 1725 375 ad
1769 339 1867 376 nos
1917 341 2104 396 propa..

117 419 389 483 gatorum.
470 410 672 482 Nempe
711 410 767 464 in
802 409 1071 481 plerisque
1102 408 1353 463 omnibus
1393 407 1545 463 libris
1581 411 1851 466 ἐπακούειν
1886 419 1938 467 et
1974 415 2106 468 ὑπα-
2159 412 2165 418 '

114 500 277 555 κούειν
331 500 732 570 ineptissimum
775 499 829 552 in
885 497 1102 552 modum
1152 500 1554 569 permiscentur
1593 516 1919 572 quamquam
1975 500 2107 555 haec

112 587 274 644 verba
312 595 365 642 et
402 586 815 659 significationis
846 593 900 641 ct
933 587 1355 641 constructionis
1393 594 1540 642 certo
1580 589 1957 660 constantique
1998 588 2106 643 dis-

111 678 343 732 crimine
395 675 627 730 diremta
674 681 820 728 sunt.
916 675 1227 728 Ἐπακούειν
1277 675 1413 736 τινός
1478 675 1682 731 dicitur
1735 677 1782 730 is
1839 677 1934 748 qui
1986 676 2105 732 dili-

111 772 303 836 genter
335 772 390 819 et
428 770 633 818 attente
673 761 878 834 aliquid
921 770 975 816 et
997 761 1243 816 lubenter
1278 762 1456 826 audit,
1497 771 1550 817 et
1585 765 1664 818 sic
1703 764 1788 819 Dii
1826 767 1920 837 qui
1960 783 2103 820 mor·

112 853 300 908 talium
345 851 597 925 precibus
632 851 890 923 praebent
929 867 1117 905 aurem
1161 849 1421 904 dicuntur
1467 857 1565 906 τῶν
1602 855 1771 921 εὐχῶν
1809 854 2098 909 ἐπακούειν.

108 941 304 996 Contra
353 940 629 996 ὑπακούειν
674 941 775 994 τινί
825 939 872 993 is
921 938 1160 1004 dicitur,
1217 939 1309 1010 qui
1365 937 1431 993 ad
1472 942 1715 994 vocantis
1775 959 1958 997 vocem
2014 959 2100 998 re·

105 1029 330 1102 spondet
352 1029 820 1102 obtemperatque,
862 1035 922 1082 ut
958 1027 1158 1082 ianitor
1189 1026 1394 1082 dicitur
1431 1029 1502 1096 τῷ
1544 1028 1767 1097 κύψαντι
1807 1031 1900 1093 τὴν
1941 1030 2092 1099 θύραν

106 1119 398 1174 ὑπακούειν.
477 1117 546 1173 Et
585 1116 669 1172 vel
710 1118 790 1171 sic
832 1123 1012 1171 tamen
1055 1114 1187 1170 haec
1235 1116 1435 1188 passim
1487 1114 1898 1172 confunduntur
1937 1126 1991 1174 et
2039 1120 2092 1173 in

102 1205 389 1263 Codicibus
421 1214 474 1261 et
516 1207 569 1260 in
612 1204 1054 1260 emendatissima
1103 1221 1315 1276 quaque
1357 1192 1609 1260 editione.
1691 1205 1871 1278 Turpe
1918 1212 2001 1261 est
2041 1208 2097 1262 in

103 1294 373 1351 Herodoto
421 1295 767 1368 aequissimis
825 1293 1027 1348 animis
1083 1292 1269 1348 tulisse
1321 1310 1507 1349 omnes
1547 1293 1795 1349 Editores
1836 1294 1926 1349 lV.
1972 1301 2096 1350 141.

101 1388 280 1440 τοῦτον
317 1387 404 1440 τὸν
442 1383 601 1451 ἄνδρα
646 1383 853 1437 ἐκέλευε
893 1390 1109 1450 Δαρεῖος
1151 1381 1358 1437 καλέειν
1411 1388 1631 1440 Ἱςιαῖον.
1673 1415 1751 1425 -
1789 1387 1994 1445 Ἱςιαῖος
2042 1385 2094 1439 δὲ

100 1474 496 1535 ἐπακούσας
556 1474 626 1540 τῷ
667 1472 845 1540 πρώτῳ
898 1472 1223 1537 κελεύσματι
1265 1471 1374 1525 κτέ.
1418 1488 1541 1525 nam
1587 1470 1715 1544 quid
1769 1473 1973 1527 certius
2015 1481 2095 1528 est

99 1577 262 1633 quam
317 1562 619 1622 ὑπακούσας
670 1560 736 1615 ab
792 1559 1059 1615 Herodoto
1114 1560 1378 1632 scriptum
1437 1559 1591 1614 esse?
1674 1560 1826 1615 Satin
1881 1568 2093 1616 certum

97 1657 179 1705 est
219 1651 489 1706 ἐπακούειν
530 1667 653 1705 cum
697 1648 878 1704 dativo
930 1649 1078 1703 nullo
1126 1657 1281 1722 pacto
1324 1665 1579 1720 umquam
1618 1649 1771 1720 iungi
1811 1650 2091 1721 potuisse?

173 1739 311 1795 Hinc
354 1739 412 1794 fit
453 1745 512 1793 ut
562 1738 877 1810 saepissime
929 1744 1110 1792 καλεῖν
1156 1745 1208 1792 et
1258 1737 1532 1792 ὑπακούειν
1573 1736 1671 1790 sibi
1727 1738 1870 1792 inter
1910 1755 1967 1792 se
2008 1755 2094 1793 re-

94 1826 393 1900 spondeant
431 1835 484 1882 et
522 1827 838 1894 καλούμενος
877 1828 1160 1890 ὑπήκουσεν
1213 1833 1268 1880 et
1323 1826 1444 1880 sim.
1498 1823 1766 1897 legantur.
1849 1826 2092 1881 Einenda

94 1917 264 1988 igitur
302 1915 476 1971 obiter
528 1915 879 1971 Plutarchum
922 1917 1035 1984 περὶ
1078 1923 1171 1979 τῆς
1227 1913 1569 1982 Ἀλεξάνδρου
1618 1913 1790 1982 τύχης
1832 1916 1860 1980 ἢ
1899 1917 2088 1983 αρετῆς

92 2021 143 2078 p.
177 2009 287 2060 558
327 2006 384 2060 Β.
445 2012 660 2067 Κλεῖτος
695 2035 769 2048 ——
809 2006 1058 2060 Ποσειδῶν
1094 2003 1403 2070 ἀνηγορεύθη
1444 2033 1550 2055 -.
1594 2004 1884 2071 Δημήτριος
1918 2004 1970 2058 δὲ
2010 2033 2085 2045 —-

90 2094 428 2162 καταιβάτης
470 2095 786 2160 καλούμενος
829 2095 869 2147 -ε’
883 2095 1166 2158 πήκουε,
1209 2093 1319 2146 imo
1360 2108 1485 2145 vero
1526 2092 1764 2154 ὑπήκουε.
1845 2089 2086 2147 Conferri

87 2190 332 2239 meretur
373 2183 648 2238 Plutarchi
706 2182 855 2237 locus
906 2183 969 2237 de
1007 2183 1213 2255 defectu
1277 2179 1619 2234 oraculorum
1661 2197 1710 2251 p.
1747 2183 1856 2234 419
1899 2180 1954 2234 B.
2010 2181 2085 2243 δὶς

83 2274 181 2338 μὲν
223 2269 306 2327 οὖν
345 2273 602 2335 κληθέντα
642 2278 932 2334 σιωπῆσαι,
992 2274 1050 2327 τὸ
1104 2272 1156 2326 δὲ
1214 2270 1379 2338 τρίτον
1438 2269 1824 2323 ὑπακοῦσαι
1878 2269 1949 2336 τῷ
1989 2290 2082 2324 κα·

5 2394 9 2401 =
82 2366 273 2416 λοῦντι.
355 2361 416 2416 ln
459 2360 699 2416 ciusdem
761 2361 869 2413 vita
913 2359 1139 2414 Sertorii
1198 2375 1313 2430 cap.
1353 2356 1442 2411 XI.
1488 2355 1830 2422 ποιησάμενος
1873 2358 2080 2412 τιθασὸν

81 2447 211 2504 οὕτω
252 2450 339 2504 καὶ
381 2450 738 2519 Φιλανθρωπον
792 2447 903 2523 (την
945 2447 1143 2522 νεβρὸν)
1202 2445 1299 2505 εἵς-ε
1355 2445 1442 2500 καὶ
1490 2447 1770 2506 καλοῦντος
1824 2447 2078 2502 ἀκούειν

8 2595 10 2604 ,
82 2539 384 2609 requiritur
436 2539 708 2593 ὑπακούειν
749 2546 803 2593 ct
853 2544 1133 2599 καλοῦντος
1190 2536 1431 2591 absolute
1487 2542 1568 2589 est
1628 2535 1861 2605 positum
1916 2554 2078 2608 quum

80 2635 301 2681 vocaret.
343 2626 690 2698 Comparasse
716 2626 1079 2681 iuvabitduos
1121 2624 1253 2680 alios
1275 2623 1548 2679 Plutarchi
1594 2623 1735 2678 locos
1776 2641 1805 2678 e
1845 2622 1981 2678 libro
2012 2625 2076 2678 de

77 2714 313 2770 sollertia
351 2714 660 2770 animalium
703 2733 750 2787 p.
777 2719 887 2771 976
929 2716 988 2770 Α.
1036 2715 1124 2769 ubi
1167 2713 1333 2769 refert
1377 2711 1564 2766 multis
1604 2710 1737 2766 locis
1773 2729 1889 2766 esse
1918 2713 2070 2781 ἰχθῦς

77 2804 433 2865 ὑπακούοντας
493 2810 598 2865 τοῖς
659 2808 829 2860 αὐτῶν
898 2803 1180 2869 ὀνόμασιν,
1243 2810 1303 2857 ut
1362 2802 1540 2856 Crassi
1603 2817 1958 2866 muraenam,
2019 2810 2073 2856 et

16 2928 25 2944 ,v
74 2907 128 2964 p.
165 2896 275 2948 969
315 2892 374 2947 F.
417 2893 528 2948 ἐπεὶ
569 2892 748 2958 μηδεὶς
793 2895 1101 2948 ὑλακτοῦντι
1151 2897 1247 2947 τῶν
1288 2890 1533 2958 νεωκόρων
1576 2892 1861 2956 ὑπήκουσεν
1904 2892 2066 2959 αὐτῷ.

152 2981 333 3053 Turpe
385 2988 492 3045 cst,
547 2989 607 3035 ut
658 2980 842 3035 redeat
887 2980 1027 3036 unde
1083 2980 1323 3052 digressa
1372 2986 1452 3034 est
1494 2979 1700 3044 oratio,
1758 2980 1809 3032 in
1866 2978 2069 3033 Aristo-

75 3068 267 3141 phanis
305 3069 548 3124 Nubibus
589 3086 663 3123 νε.
690 3073 796 3124 265
842 3069 1057 3125 tolerari
1093 3069 1419 3140 scripturam
1462 3067 1548 3121 καὶ
1583 3075 1676 3130 τῆς
1711 3070 1873 3135 εὐχῆς
1918 3068 2064 3122 ὑπα-

71 3158 326 3222 κούειν,
381 3159 701 3231 praesertim
752 3175 919 3230 quum
976 3158 1245 3213 ἐπακούειν
1297 3157 1347 3210 in
1405 3155 1718 3210 melioribus
1771 3155 1924 3209 libris
1981 3155 2061 3209 di-

74 3253 218 3301 serte
257 3245 484 3318 legatur.
566 3247 678 3302 Non
736 3249 916 3302 minus
968 3248 1143 3319 turpis
1185 3262 1337 3301 error
1392 3245 1709 3300 inveteravit
1750 3244 1804 3298 in
1846 3242 2063 3298 Aeschi-

69 3333 158 3387 nis
198 3333 568 3406 Ctesiphontea
630 3335 670 3411 S
708 3340 808 3391 56:
870 3342 966 3391 τῶν
1028 3336 1290 3400 Ἑλλήνων
1347 3330 1478 3394 ὅσοις
1537 3333 1782 3398 ἐπιμελὲς
1842 3333 2058 3398 γέγονεν

74 3423 444 3478 ὑπακούειν
499 3426 655 3489 τῆσδε
699 3433 792 3488 τῆς
834 3426 1040 3492 κρίσεως
1098 3441 1193 3497 pro
1235 3423 1536 3477 necessario
1590 3420 1877 3475 ἐπακούειν.
1959 3419 2058 3476 Ne-

71 3526 175 3581 que
217 3509 323 3564 ulla
357 3512 523 3567 estin
564 3512 800 3568 Platonis
841 3514 1035 3585 Gorgia
1077 3530 1124 3585 p.
1160 3515 1266 3567 487
1309 3511 1364 3566 C.
1420 3510 1716 3573 dubitatio,
1758 3508 1888 3579 quin
1932 3525 2056 3563 vcra

69 3597 226 3653 lectio
283 3599 382 3653 sit:
445 3602 532 3654 καί
592 3604 698 3655 ποθ’
757 3604 893 3667 ὑμῶν
948 3604 1047 3667 ἐγὼ
1110 3601 1456 3662 ἐπήκουσα
1516 3596 1900 3665 βουλευομένων
1963 3613 2056 3667 pro

1711 3691 1752 3721 ³8
