2436 4068
1346 277 1448 326 140

476 424 809 478 Nicostratus
854 420 1041 476 Athen.
1084 437 1134 490 p.
1180 422 1304 472 587.
1349 418 1407 470 D.

1223 505 1405 558 ἔπειτα
1446 513 1537 568 τῆς
1574 508 1734 567 αὐτῆς
1777 507 1885 559 ὁδοῦ

696 597 815 663 πρὸς
856 594 1102 661 Ἀερόπην
1141 594 1360 647 ἐλθοῦσαι
1401 593 1612 660 πέμψαι
1655 594 1904 660 τρώματα

694 685 853 745 αὐτὴν
894 682 1102 744 κέλευε,
1143 681 1303 748 φησὶ,
1342 682 1428 734 καὶ
1472 686 1592 747 παρ’
1623 682 1861 746 ”Ωκιμον

696 771 1057 838 χαλκώματα.

393 857 677 929 legendum
717 865 797 913 est
832 857 918 912 καὶ
954 857 1077 922 παρ’
1115 855 1378 920 Ὠκίμου,
1418 855 1557 927 quod
1593 855 1648 909 hi
1682 855 1783 909 loci
1823 859 2117 928 comparati
2153 857 2365 912 demon-

394 945 657 1000 strabunt.
737 941 1139 999 Anaxandrides
1192 942 1382 997 Athen.
1425 960 1474 1014 p.
1520 947 1645 997 555.
1695 944 1760 999 D.
1804 950 1854 998 et
1904 945 2152 999 Cratinus
2192 946 2370 1000 iunior

394 1033 533 1106 apud
579 1033 769 1088 Athen.
808 1050 858 1104 p.
899 1035 1024 1086 469.
1066 1032 1118 1086 C.

768 1121 892 1187 παρ’
932 1123 1294 1193 Ἀρχεφῶντος
1335 1118 1582 1182 ἦδυπότια
1619 1120 1828 1173 δώδεκα.

391 1211 641 1264 Cratinus
681 1208 877 1264 Athen.
915 1225 967 1279 p.
1010 1211 1137 1261 685.
1177 1207 1236 1260 D.

617 1295 703 1350 καὶ
746 1297 803 1357 δὴ
844 1297 1046 1355 κύτισος
1082 1296 1379 1360 αὐτόματος
1421 1295 1563 1361 παρα
1601 1295 1853 1355 Μέδοντος
1895 1295 2124 1363 ἔρχεται.

393 1384 710 1439 Simillimus
744 1383 897 1455 plane
930 1389 1011 1437 est
1046 1381 1195 1435 locus
1226 1381 1579 1453 Theophrasti
1617 1384 1671 1435 in
1709 1382 1951 1437 Charact.
1975 1384 2038 1437 X.
2075 1391 2167 1446 τῆς
2205 1388 2366 1455 αὐτῆς

391 1473 498 1527 ὁδοῦ
539 1472 726 1539 παριὼν
767 1472 1076 1537 κομίσασθαι
1118 1472 1239 1537 παρ’
1275 1470 1487 1537 Ἀρχίου
1524 1470 1641 1531 τοὺς
1680 1472 1942 1539 ταρίχους.

463 1559 743 1631 Amphidis
780 1559 929 1613 locus
969 1565 1049 1613 est
1091 1557 1230 1611 idem
1274 1557 1413 1628 apud
1454 1557 1644 1612 Athen.
1691 1576 1739 1630 p.
1783 1563 1870 1614 50.
1909 1561 1967 1613 F.
2010 1567 2061 1615 et
2098 1560 2362 1616 Pollucem

388 1649 428 1703 Ι.
467 1651 598 1704 253.

766 1737 789 1788 ὂ
824 1734 1101 1800 συκάμινος
1138 1731 1396 1798 συκάμιν’,
1435 1734 1584 1804 ὁρᾷς,
1626 1734 1785 1802 φέρει.

389 1824 532 1896 apud
582 1823 848 1878 Pollucem
905 1829 984 1876 est
1037 1823 1091 1875 in
1146 1821 1299 1874 libris
1350 1822 1439 1891 ὁρᾷ
1479 1822 1566 1876 καὶ
1604 1827 1777 1890 φορεῖ,
1818 1822 1958 1877 unde
1997 1822 2133 1876 male
2172 1823 2364 1878 Meine-

389 1914 511 1966 kius
550 1918 699 1982 φορεῖ
733 1911 955 1982 recepit.
1019 1909 1247 1963 Arbores
1288 1909 1429 1962 enin]
1470 1910 1694 1976 καρποὺς
1733 1910 1904 1978 φέρειν
1939 1909 2218 1974 dicuntur,
2260 1929 2363 1965 non

388 2006 577 2069 φορεῖν.
648 1999 735 2054 Sic
770 1998 970 2052 dicitur
1009 2001 1036 2061 ἦ
1078 2005 1181 2063 γῆ,
1225 1999 1252 2058 ἦ
1293 1997 1440 2064 χώρα
1481 1996 1651 2065 φέρειν
1684 2018 1767 2061 τι,
1806 1999 1861 2051 αἱ
1891 1995 2064 2065 ῗὨραι
2099 1999 2362 2067 φέρουσιν,

389 2089 490 2142 alia
529 2087 739 2141 Similia.
823 2085 1140 2140 Theocritus
1175 2085 1215 2138 I.
1263 2089 1383 2139 154.
1427 2086 1463 2139 οὶ
1497 2086 1649 2146 πίτυς
1687 2084 1848 2153 ὅχνας
1884 2087 2099 2151 ἐνείκαι,
2139 2087 2198 2140 V.
2228 2091 2361 2143 125:

386 2177 456 2231 τα
498 2178 549 2230 δέ
588 2197 661 2230 τοι
704 2175 793 2229 σία
828 2177 1019 2241 καρπὸν
1054 2173 1268 2234 ἐνείκαι,
1309 2180 1360 2226 et
1401 2174 1596 2243 passim
1651 2173 1758 2227 alii.
1844 2175 2121 2247 Scriptura
2173 2177 2362 2231 vitiosa

388 2267 477 2332 ὁρᾶ
517 2265 607 2318 καί
655 2270 779 2316 nata
832 2269 911 2316 est
966 2279 1030 2315 ex
1074 2268 1279 2315 OPAIC
1331 2259 1566 2313 confusis
1613 2269 1678 2315 IC
1723 2269 1776 2315 et
1813 2270 1887 2327 K,
1941 2280 2044 2333 quo
2096 2263 2235 2317 sacto
2270 2266 2362 2318 καί

385 2369 481 2424 pro
520 2373 551 2405 κ
591 2350 868 2404 dederunt.
951 2350 1121 2416 Quam
1162 2365 1318 2421 saepe
1355 2349 1663 2404 huiusmodi
1702 2366 1852 2403 error
1901 2351 2217 2405 commissus
2259 2353 2359 2415 sit,

386 2455 541 2510 saepe
576 2437 923 2492 ostendimus.
1007 2436 1280 2491 Addemus
1327 2453 1469 2491 nunc
1522 2455 1584 2491 ex
1631 2437 1886 2508 Sophocle
1940 2455 2134 2492 novum
2186 2455 2358 2493 exem-

385 2527 550 2599 plum.
624 2525 779 2598 Apud
820 2524 1097 2580 Scholiast.
1142 2526 1295 2581 Hom.
1345 2523 1529 2598 Odyss
1573 2534 1636 2580 H.
1683 2530 1788 2581 106
1824 2524 2047 2581 affertur
2085 2531 2356 2595 Σοφοκλῆς

383 2618 434 2669 ἐν
475 2617 656 2680 Αἰγεῖε

682 2701 846 2771 ὥσπερ
877 2704 979 2772 γαρ
1016 2704 1066 2757 ἐν
1107 2703 1381 2772 φύλλοισιν
1420 2704 1646 2771 αἱγείρου
1680 2707 1885 2769 μακροῖς

686 2790 781 2845 κᾶν
821 2790 955 2846 ἄλλο
994 2792 1150 2857 μηδὲν
1190 2791 1340 2844 οὶλλα
1381 2791 1635 2853 τούκείνης
1676 2790 1810 2858 καρα

685 2882 886 2949 κινήσῃς
925 2878 1104 2946 αὔραις
1139 2879 1472 2948 ἀνακουφίζει
1511 2878 1711 2946 πτερόν.

385 2985 481 3040 pro
509 2974 638 3022 κινεῖ
672 2988 749 3029 τις
790 2967 922 3033 αὔρα
961 2967 1360 3037 κοὲνακουφίζει,
1405 2966 1546 3040 quod
1589 2965 1895 3020 Dindorfius
1948 2983 2156 3038 quoque
2204 2966 2351 3021 vidit.

383 3056 544 3110 Vides
583 3063 1055 3110 ATPAICANAK.
1098 3057 1364 3126 peperisse
1405 3056 1615 3109 vitium.

457 3145 633 3199 Etiam
691 3143 1017 3198 luculentius
1065 3143 1363 3215 exemplum
1407 3150 1486 3198 est
1526 3144 1577 3195 in
1621 3141 1868 3215 Aeschyli
1915 3141 2236 3214 Choephoris
2279 3159 2350 3194 νς.

383 3237 509 3288 897.

682 3319 930 3386 ἐπίσχες,
971 3318 1005 3374 ὦ
1046 3330 1174 3382 παῖ,
1218 3319 1359 3374 τόνδε
1399 3320 1442 3373 δ’
1483 3318 1714 3382 αἴδεσαι,
1753 3318 1954 3379 τέκνον,

683 3409 877 3474 μαςὸν,
918 3429 1038 3476 προς
1075 3409 1173 3462 ὠκὺ
1209 3407 1386 3462 πολλα
1425 3407 1476 3461 δὲ
1515 3406 1698 3474 βρίζων
1739 3404 1858 3471 ἅμα

683 3495 894 3550 οὔλοισιν
934 3495 1225 3561 ἐξήμελξας
1264 3497 1520 3565 ευτραφες
1560 3493 1729 3559 γαλα.

379 3593 460 3640 est
496 3585 626 3639 haec
660 3583 938 3657 archetypi
963 3583 1172 3638 Codicis
1210 3584 1431 3638 Medicei
1461 3582 1727 3654 scriptura
1760 3582 1878 3647 πρὸς
1916 3580 2045 3645 ὠκύ,
2086 3597 2190 3634 non
2227 3583 2346 3646 προς
2434 3654 2436 3658 Α

381 3675 496 3738 ὂήν,
539 3680 597 3729 ut
639 3678 964 3736 memorant,
1006 3671 1096 3727 sed
1147 3691 1206 3725 κυ
1249 3678 1299 3725 et
1348 3693 1403 3732 m
1452 3672 1505 3724 in
1559 3669 1708 3725 libris
1759 3668 1994 3739 antiquis
2044 3668 2348 3723 exercitatis
