2436 4068
1042 167 1147 217 827

103 314 416 383 Ερμογένης
452 344 527 355 -
565 310 911 380 Ερμοκράτης
954 313 1081 366 686.

107 404 235 470 ἐροίη
272 435 345 443 -
385 401 539 468 ἔροιτο
580 403 708 455 582.

102 490 277 596 ξ’,ρπω
310 489 499 557 ἐξέρπω
540 489 732 543 Dorica
771 504 866 559 pro
905 486 1137 556 βαδίζω,
1174 450 1457 556 ἐξέρχοααι
1500 491 1625 543 486.

102 578 270 647 ἕρπω,
312 594 414 632 non
455 576 647 645 ἑρπύζω
693 579 820 630 149.

103 666 198 734 ἔρρ’
238 663 438 720 excidit
478 670 596 736 post
633 662 751 732 ἄνερ
793 666 882 718 50.

100 754 204 823 ἔρρε
242 784 318 794 —-
354 750 475 820 ἕρπε
517 756 605 807 50.

101 841 352 910 ἔρρηγμαι
393 840 582 894 vitiose
629 856 725 911 pro
764 838 960 908 ἔρρωγα
998 844 1053 892 et
1091 838 1211 892 sim.
1253 841 1383 893 212.

98 929 363 998 ἐρρωμένος
402 930 495 991 τὴν
531 930 748 996 ψυχήν,
786 927 844 982 τὸ
883 927 1071 992 σῶμα,
1112 941 1215 981 non
1254 934 1320 995 τῇ
1359 933 1512 997 ψυχῇ
1555 931 1682 983 457.

99 1017 433 1086 Ἐρυξιλαΐδα
469 1048 545 1057 -
578 1014 906 1083 Ἐρυξιδαΐδα
943 1017 1076 1072 559.

98 1106 336 1175 ἔρχομαι.
377 1104 483 1174 ᾖα,
524 1121 628 1158 non
666 1102 898 1172 ἠρχόμην
940 1105 1064 1156 425.

96 1194 337 1262 ἔρχομαι.
377 1193 503 1247 ἰέναι
540 1198 597 1247 et
634 1191 717 1247 ἰών
755 1189 1147 1262 significatione
1182 1186 1352 1249 futuri
1394 1193 1521 1245 407.

96 1283 185 1350 ε’ρῶ
224 1314 302 1323 -
337 1279 459 1348 αἴρω
481 1322 496 1345 ,
534 1282 655 1348 αἱρῶ
697 1282 823 1334 778.

95 1371 285 1438 ἐρῶντα
316 1399 393 1409 —-
430 1366 594 1436 ἔρωτα
635 1369 759 1421 774.

92 1458 256 1514 ἐσθίω.
295 1457 541 1521 ἐδήδοκα,
579 1454 885 1520 ἐδήδεσμαι,
924 1453 1519 1522 ἦδέσθην-βέβρωκα,
1557 1454 1831 1526 βέβρωμαι
1851 1498 1867 1520 ,
1906 1456 2063 1528 ἐβρώ-

166 1548 253 1609 Onu
292 1548 419 1600 401.

90 1634 215 1691 zoom
245 1664 323 1675 —
357 1631 458 1688 ἔσθ’
497 1627 533 1701 ᾧ
579 1634 703 1687 165.

86 1723 335 1779 -ἐσθωσαν
372 1719 511 1776 male
548 1735 645 1792 pro
680 1750 755 1761 —
794 1717 947 1774 ἔσθων
986 1717 1127 1791 apud
1166 1719 1441 1792 sequiores
1478 1724 1607 1776 527.

87 1811 203 1870 ἔςαι
235 1841 312 1853 -
343 1809 420 1868 zm
461 1812 588 1864 459.

86 1898 284 1958 ἕςασαν
315 1927 391 1939 -
427 1896 616 1956 ἵςασαν
638 1938 653 1961 ,
690 1895 880 1961 ἔςησαν
920 1899 1044 1951 416.

86 1987 391 2055 ἔςερῆσομαι
423 2017 501 2026 —
536 1985 842 2054 ὖςερῆσομαι
883 1986 1010 2039 245.

87 2076 277 2142 ἔςημεν
314 2106 391 2116 -
428 2072 624 2141 ἕςαμεν
664 2076 791 2128 255.

86 2163 248 2229 ἐςῆξω
286 2195 364 2205 -
402 2161 648 2229 ἓςῆξομαι
690 2163 797 2216 264
819 2203 834 2226 ,
877 2165 1004 2216 774.

82 2253 165 2312 ki
200 2257 419 2325 propter
454 2247 883 2323 compendiolum
923 2247 1015 2323 (ς)
1059 2248 1333 2305 intercidit
1377 2253 1500 2306 156.

82 2340 479 2411 ἔςρατοπέδειντο
517 2370 594 2381 -
624 2337 1051 2406 ἕςρατοπεδεύετο
1091 2343 1145 2392 et
1182 2337 1304 2393 sim.
1348 2341 1474 2393 422.

80 2427 271 2489 ἕςυκῶς
303 2459 380 2469 -
409 2427 599 2490 ἑςηκῶς
642 2429 769 2483 181.

81 2516 315 2585 ἔσχατα.
353 2517 425 2578 εἷς
463 2515 537 2571 τὰ
574 2514 789 2583 ἔσχατα
826 2514 986 2584 σοφός
1027 2518 1155 2569 724.

78 2605 437 2673 ἔσχατώτασα
476 2601 615 2659 male
651 2618 749 2675 pro
786 2601 1001 2671 ἔσχατα
1041 2605 1171 2659 529.

79 2692 424 2762 ἕσχολακέναι
455 2722 534 2732 -
563 2689 1002 2759 συνεσχολακέναι
1042 2693 1169 2744 515.

77 2781 199 2836 -ἐσω
238 2779 444 2855 (futura
482 2778 561 2853 in)
602 2787 658 2834 et
684 2809 763 2820 —
797 2777 982 2846 ἔσομαι
1023 2781 1112 2833 65.

78 2869 302 2938 ἑταίρους
339 2899 414 2909 -
453 2866 646 2935 ἑτέρους
687 2869 820 2924 517.

77 2958 285 3027 ἑταιρῶν
315 2987 392 2998 --
422 2955 631 3023 ἑταίρων
670 2957 798 3010 460.

76 3046 287 3115 ἑτέρωσε
325 3076 401 3085 -
438 3043 632 3112 ἑτέρωθι
677 3046 803 3098 705.

75 3132 429 3190 ἕτετιθάσευτο
465 3164 541 3174 -
578 3131 934 3187 ἕτιθασσεύετο
974 3137 1028 3187 et
1067 3130 1189 3187 sim.
1230 3132 1356 3185 582.

70 3224 218 3277 ’'ETI
260 3228 315 3277 et
345 3221 468 3278 ‘EN
506 3219 727 3277 confusa
772 3222 894 3276 129.

77 3310 152 3367 ἔτι
191 3342 267 3352 -
302 3307 380 3365 ὅτι
427 3313 551 3365 159.

0 3410 2 3416 ’
76 3399 258 3467 ἑτοίμῳ
295 3429 370 3438 -
408 3398 627 3464 ἐμοῖσι-ως
667 3401 755 3453 86.

75 3484 133 3543 εὖ
171 3493 225 3541 et
263 3487 306 3541 εἱ
347 3483 566 3540 confusa
614 3490 733 3542 154.

74 3575 372 3641 εὐαγγέλια
410 3572 541 3630 θύειν
587 3589 689 3630 non
733 3575 803 3630 τὰ
850 3574 1146 3641 εὐαγγέλια
1188 3576 1314 3628 527.
