2436 4068
1015 265 1116 316 157

156 415 380 470 Multum
428 428 512 466 me
563 411 803 465 exercuit
854 408 1152 463 versiculus
1205 405 1524 478 Antiphanis
1576 404 1716 476 apud
1765 405 1953 459 Athen.
1998 423 2046 478 p.

85 509 172 559 14.
214 503 277 558 F.

467 587 707 642 Φαινίνδα
743 585 938 652 παίζων
978 586 1080 652 ᾔεις
1118 585 1169 636 ἐν
1210 584 1503 645 Φαινεςίου,

84 680 141 732 ἰιι
179 693 284 748 quo
323 675 479 730 multi
534 674 627 728 alii
674 688 887 744 operam
931 670 1295 742 perdiderunt.
1374 670 1601 723 Prorsus
1653 668 1878 723 barbara
1930 679 2056 724 sunt
2140 690 2143 695 ¹

80 765 278 820 παίσων
317 762 401 830 ᾖεν
441 764 493 823 ἐς
529 761 794 817 Φαινεςίου
830 765 883 812 et
922 759 1121 812 παίσων
1160 755 1256 825 ᾖας
1292 758 1350 810 ἐκ
1391 757 1686 820 Φαινεςίου,
1729 774 1958 829 quorum
1996 758 2058 811 il·

79 850 174 908 lud
215 850 631 905 Valckenaerius
667 846 896 902 coniecit
943 845 1008 899 ad
1055 845 1368 899 Phoenissas
1420 862 1499 900 vs,
1558 848 1699 900 1082
1743 845 1855 918 (ubi
1903 845 2058 900 docet

81 939 188 994 dici
234 936 364 1001 ἥκω,
412 937 660 1006 ἔρχομαι,
713 932 888 996 ἦλθον,
942 934 1168 997 ἐλήλυθα
1218 934 1494 997 ἀγγελῶν,
1537 939 1801 998 σημανῶν,
1841 932 2053 1002 φράσων

81 1025 225 1099 sim.)
270 1025 368 1079 hoc
413 1025 681 1079 Porsonus
721 1022 1028 1077 adolescens
1062 1019 1377 1082 admodum,
1421 1027 1479 1072 ut
1521 1021 1739 1090 opinor,
1794 1038 1916 1075 nam
1970 1039 2056 1077 ue-

81 1131 186 1188 que
221 1116 421 1168 παίσων
460 1129 524 1167 ex
565 1112 731 1180 παίζω
770 1110 1034 1164 formatur
1066 1123 1240 1179 neque
1278 1104 1373 1174 ᾖας
1415 1114 1507 1160 aut
1541 1105 1624 1174 ἦεν
1665 1110 1865 1163 Graeca
1909 1121 2055 1168 sunt.

80 1201 432 1258 Athenienses
466 1200 714 1255 dicebant
747 1199 923 1268 ᾔεισθα
962 1203 1015 1252 et
1049 1197 1152 1265 ᾔειν
1191 1201 1315 1249 ante
1346 1193 1596 1248 vocalem.
1678 1196 1874 1251 Videor
1915 1215 2058 1252 nunc

80 1293 214 1350 mihi
247 1300 432 1365 poetae
467 1308 687 1347 manum
720 1291 983 1363 reperisse
1017 1288 1072 1341 in
1101 1273 1572 1342 ΠΛΙΖᾶΝΗΙΕΙΟ
1606 1285 1884 1353 latentem,
1916 1306 2058 1344 nem-

80 1398 149 1454 pe
182 1380 344 1435 hanc:

458 1469 700 1523 Φαινίνδα
739 1467 936 1535 παίζων
967 1473 1106 1529 νῆςις
1141 1466 1192 1517 ἐν
1231 1466 1510 1523 Φαινεςίου.

82 1557 152 1614 ut
182 1555 442 1612 Martialis
474 1556 683 1610 iocatur
721 1555 816 1611 111.
861 1558 949 1608 12.
986 1557 1039 1607 5.

387 1644 487 1699 Res
526 1644 667 1698 salsa
705 1652 779 1698 est
820 1643 944 1696 bene
976 1641 1114 1695 olere
1153 1650 1200 1694 et
1245 1642 1472 1703 esurire,

0 1743 1 1749 ’
83 1734 163 1789 sic
207 1732 539 1805 Antiphanes
592 1731 727 1786 dixit
772 1731 951 1785 nescio
1000 1746 1159 1801 quem
1209 1730 1454 1797 φαινίνδα
1495 1728 1696 1796 παίζειν
1737 1731 2058 1785 esurientem.

84 1826 319 1897 Apparet
354 1840 516 1896 quam
557 1822 712 1878 facile
750 1810 1247 1877 nAlz's'zNHchc
1287 1823 1341 1876 in
1379 1821 1654 1893 vulgarem
1694 1822 1841 1878 abire
1874 1832 2064 1896 potue-

85 1913 176 1967 rit.
234 1912 295 1967 ln
331 1913 629 1967 esurientes
666 1913 845 1966 omnia
881 1919 1006 1966 sunt
1052 1911 1207 1983 plena
1255 1911 1525 1973 iocorum,
1565 1910 1619 1963 in
1658 1910 1853 1982 quilius
1887 1921 2057 1977 νῆςις,

85 2001 292 2068 κεςρεὺς
330 2008 499 2065 νῆςις,
540 2001 660 2055 sim.
698 2000 981 2054 tritissima
1016 2007 1162 2055 sunt.

164 2088 319 2161 Apud
359 2088 718 2161 Antiphanem
759 2088 812 2141 in
857 2086 1000 2142 Stoh.
1043 2085 1224 2142 Floril.
1268 2085 1395 2140 XCI.
1439 2091 1526 2140 14.

386 2173 471 2243 ἆρ’
511 2175 586 2234 ἔςι
626 2182 772 2242 λῆρος
812 2175 991 2230 πάντα
1032 2178 1152 2243 πρὸς
1191 2176 1250 2229 τὸ
1286 2175 1527 2242 χρυσίονς,

384 2264 537 2330 μόνον
573 2263 680 2330 γὰρ
719 2266 878 2318 αὐτοῦ
917 2263 1171 2330 διαμένειν
1209 2261 1339 2316 εἴωθ’
1379 2263 1465 2316 ozel

384 2354 445 2407 τὸ
480 2353 675 2419 χρῶμα
712 2351 907 2416 ταύτό,
946 2358 1044 2405 τῶν
1082 2351 1251 2421 φίλων
1290 2351 1342 2405 δὲ
1380 2351 1499 2411 τοὺς
1538 2351 1749 2418 τρόπους

382 2439 605 2494 οὐδέποθ’
645 2440 823 2506 ὁμοίως
864 2440 1221 2510 ζωγραφοῦσιν
1261 2442 1316 2495 αἱ
1354 2439 1538 2507 τύχαι.

86 2544 190 2584 non
230 2526 472 2582 similiter
502 2528 726 2600 pinquat
763 2528 929 2591 dixit,
974 2527 1114 2601 quod
1168 2527 1302 2582 nihil
1354 2526 1654 2599 significat,
1696 2529 1788 2584 sed
1828 2533 2026 2589 similes
2041 2580 2059 2598 ,.

85 2616 298 2683 ὁμοίους.
361 2616 502 2670 Auro
540 2634 666 2670 suus
715 2617 855 2671 color
905 2625 1129 2682 constat,
1180 2617 1386 2688 inquit,
1425 2617 1711 2671 amicorum
1762 2637 1931 2675 mores
1965 2641 2066 2693 pro

78 2703 303 2760 diversis
336 2704 653 2775 temporibus
677 2706 871 2759 diversi
903 2714 1049 2768 sunt,
1090 2704 1182 2760 sed
1218 2721 1436 2760 servans
1466 2704 1694 2775 figuram
1731 2706 2065 2779 ζωγραφοῦσι-

76 2789 225 2848 dixit
264 2792 470 2856 iocans,
508 2810 608 2846 non
646 2793 831 2847 iisdem
869 2794 1125 2849 coloribus
1150 2794 1403 2867 pinqunt,
1444 2792 1536 2847 sed
1586 2792 1790 2850 faciunt
1833 2805 1891 2852 ut
1931 2799 2062 2855 alias

61 2878 178 2936 'catii
215 2879 501 2935 videantur
535 2897 665 2936 esse.
746 2882 1058 2937 Contrarias
1097 2899 1249 2938 error
1287 2889 1368 2937 est
1421 2883 1474 2936 in
1528 2882 1718 2956 Lysiae
1770 2893 1903 2940 orat.
1948 2887 2067 2947 xx*

89 2970 150 3027 7.
179 2969 266 3024 καὶ
305 2969 484 3035 ὁμοίας
521 2970 622 3030 τὰς
661 2971 975 3037 κατηγορίας
1023 2974 1282 3026 ποιοῦνται
1323 2975 1421 3026 τῶν
1459 2991 1519 3026 τε
1558 2972 1800 3028 εἰπόντων
1853 2977 2058 3043 γνώμην

72 3055 203 3112 τινὰ
240 3057 293 3111 ἐν
338 3065 404 3126 τῇ
458 3058 624 3128 βουλῇ
676 3059 764 3113 καὶ
818 3065 917 3113 τῶν
965 3061 1069 3125 μή,
1122 3058 1213 3113 ubi
1264 3059 1564 3130 requiritur
1610 3061 1788 3126 ὁμοίως
1843 3065 2057 3135 pariter.

78 3140 236 3212 Quod
275 3143 415 3217 apud
453 3145 811 3218 Antiphanem
852 3147 1119 3219 sequitur:

385 3230 509 3288 ὅταν
550 3236 767 3301 εὐπορῶν
805 3236 911 3303 γαρ
949 3235 1149 3305 αἱσχρα
1190 3235 1395 3304 πράττη
1433 3236 1760 3304 πράγματα,

386 3323 441 3377 τί
477 3326 653 3376 τοῦτον
691 3325 1004 3391 inopinum-⁹
1042 3322 1107 3378 ἂν
1145 3325 1235 3378 οὐκ
1272 3322 1359 3378 οἴει
1402 3332 1591 3387 ποιεῖν;

80 3402 288 3464 *Sauum
327 3411 432 3465 erit
470 3410 514 3464 si
556 3412 876 3467 correxeris:
918 3409 977 3473 ὃς
1017 3411 1081 3466 ἂν
1120 3414 1367 3480 εὐπορῶν,
1421 3419 1477 3467 ut
1522 3413 1660 3485 apud
1705 3413 2065 3486 Antiphanem

83 3490 231 3553 stab.
273 3496 451 3551 Floril.
496 3497 721 3554 LXXIX.
767 3504 816 3554 7.

386 3583 489 3646 ὅςις
530 3586 636 3653 γὰρ
676 3587 926 3653 ὃμόλογόν
965 3608 1013 3641 τι
1054 3589 1127 3652 μη
1169 3596 1305 3643 ποιεῖ
1339 3590 1521 3655 πατρί,

390 3673 591 3728 πάντων
632 3674 694 3728 ἂν
737 3672 877 3734 οὗτος
919 3674 1270 3744 κατεφρόνησε
1311 3683 1406 3731 τῶν
1447 3678 1576 3730 θεῶν.
