2436 4068
1033 208 1139 259 465

167 352 228 407 ln
268 351 309 425 §
344 355 434 407 52.
487 352 848 407 ἐπεδείκνυσαν
887 351 1064 412 αὐτοῖς
1105 351 1301 413 παῖδας
1334 356 1452 424 τῶν.
1465 351 1772 418 εὐδαιμόνων
1805 353 2067 414 σιτευτοὺς

94 439 518 512 [τεθραμμένους]
563 441 764 508 καρύοις
798 441 988 508 ἑφθοῖς.
1067 438 1343 495 Emblema
1379 438 1446 494 ab
1479 438 1599 495 aliis
1627 439 1911 511 expulsum
1948 458 2069 513 pere

87 526 343 583 tinaciter
376 528 614 583 retinent
650 528 759 582 alii.
840 525 991 596 Quod
1023 526 1210 583 Pollux
1244 526 1453 582 duobus
1487 527 1620 583 locis
1656 527 1699 591 Ι.
1738 531 1844 583 255
1885 534 1939 583 et
1979 527 2068 589 VI,

90 618 180 670 36.
219 616 297 670 ita
336 614 468 670 haec
506 615 663 671 affert
704 622 767 670 ut
804 614 1182 681 τεθραμμένους
1218 615 1272 669 ἰι]
1315 616 1429 670 suis
1466 615 1622 672 libris
1662 632 1768 673 non
1803 617 2072 671 invenisse

86 700 366 768 videatur,
425 711 508 758 est
565 710 712 758 certe
749 701 990 773 aliquid,
1030 701 1121 756 sed
1162 703 1459 758 maximum
1512 711 1594 760 est
1646 703 1787 776 quod
1841 710 1962 776 post
1996 724 2070 758 σι-

87 791 300 852 τευτούς
335 791 684 863 participium
725 789 1104 858 τεθραμμένους
1146 790 1389 862 ineptum
1428 793 1485 845 in
1539 790 1759 847 modum
1812 790 2067 849 abundat.

88 876 240 945 Quod
279 880 526 950 sequitur
558 880 647 934 καὶ
703 881 766 934 οὐ
817 881 1077 933 πολλοῦ
1135 877 1341 939 δέοντας
1378 878 1515 941 ἴσους
1554 881 1613 934 τὸ
1665 885 1827 946 μῆκος
1881 879 1967 935 καὶ
2009 880 2069 934 τὸ

83 965 287 1026 πλάτος
322 963 451 1020 εἶναι
491 965 743 1022 admonet
781 982 867 1020 me
907 965 1010 1020 loci
1048 965 1296 1037 Lysiam,
1349 983 1509 1037 quem
1558 967 1685 1022 olim
1740 969 1944 1022 tentavi
1989 971 2068 1024 οῦ-

82 1055 164 1111 δὲν
218 1055 360 1116 δέον,
421 1055 476 1109 in
538 1053 684 1110 Orat.
724 1054 911 1110 XXIV.
958 1058 1022 1118 1,
1079 1069 1314 1124 namque
1356 1056 1557 1126 optime
1610 1054 1718 1109 dici
1757 1057 1813 1109 οὐ
1872 1059 2067 1112 πολλοῦ

20 1174 28 1226 4
82 1141 176 1198 δέω
214 1142 371 1211 χάριν
418 1142 561 1211 ἔχειν
602 1141 969 1214 Xenophontis
1007 1140 1156 1198 locus
1197 1140 1548 1198 demonstrat.

157 1229 220 1284 In
266 1230 331 1285 V.
370 1247 422 1286 v.
465 1234 556 1287 22.
616 1238 766 1288 certa
825 1229 1131 1301 corruptela
1183 1229 1604 1302 deprehenditur
1644 1231 1701 1287 in
1742 1229 1950 1287 verbis:
2006 1229 2070 1284 ἂν

84 1318 137 1375 δὲ
175 1318 297 1392 δοκῇ
336 1321 495 1384 ἡμῖν,
535 1319 623 1374 καὶ
663 1321 820 1388 φίλον
879 1319 1259 1384 ποιήσομεν
1315 1319 1402 1373 τὸν
1436 1319 1799 1389 Παφλαγόνα.
1880 1318 2072 1372 Amici-

22 1453 28 1458 .
83 1405 247 1471 dam,
300 1406 583 1478 hospitium
633 1425 752 1462 cum
789 1406 965 1478 aliquo
1004 1406 1139 1460 inire
1190 1406 1390 1466 Graece
1438 1407 1642 1465 dicitur
1693 1408 1882 1476 φίλον,
1933 1406 2070 1470 ξένον

82 1495 338 1551 ποιεῖσθαί
373 1517 524 1561 τινα,
584 1513 690 1553 non
742 1502 940 1559 ποιεῖν,
993 1494 1047 1550 id
1087 1494 1229 1567 quod
1269 1496 1410 1550 ratio
1463 1495 1784 1552 Graecitatis
1835 1493 2072 1552 ostendit

81 1588 138 1637 et
174 1582 459 1639 confirmat
506 1601 655 1641 usus.
736 1582 911 1656 Supra
959 1582 999 1656 §
1047 1587 1132 1640 12.
1187 1583 1397 1650 ἀνάγκη
1458 1586 1579 1650 ἡμῖν
1632 1583 1864 1652 Κορύλαν
1914 1583 2078 1653 φίλον

80 1672 371 1734 ποιεῖσθαι,
412 1679 467 1728 et
506 1672 569 1727 V.
610 1690 679 1727 vl.
722 1678 773 1729 5.
826 1675 891 1733 ὥς
925 1673 1011 1728 τὸν
1055 1672 1402 1741 Παφλαγόνα
1441 1673 1600 1742 φίλον
1640 1673 1959 1738 ποιήσοιντο,
2015 1676 2070 1725 et

82 1759 138 1815 in
178 1758 381 1815 Hellen.
422 1759 512 1815 IV.
554 1778 589 1814 1.
632 1764 720 1816 59.
775 1759 913 1825 ξένον
950 1781 1048 1826 σε,
1087 1758 1123 1815 ὦ
1160 1761 1486 1827 Ἀγησίλαε,
1527 1766 1805 1828 ποιοῦμαι,
1857 1767 1911 1817 et
1949 1776 2067 1832 pas-

0 1914 2 1921 *
81 1847 189 1903 sim
242 1846 389 1903 alibi.
468 1848 656 1919 Itaque
701 1850 857 1917 Φίλον
910 1847 1227 1914 ποιησόμεθα
1267 1866 1454 1905 verum
1503 1857 1602 1905 est.
1683 1849 1890 1905 Vitium
1944 1866 2067 1904 con-

81 1936 227 2007 cepit
280 1934 431 1992 locus
478 1935 732 1992 Herodoti
766 1936 879 1992 v11.
923 1940 1012 1992 29.
1069 1936 1160 1993 ubi
1204 1937 1405 1993 Xerxes
1453 1937 1521 1992 ad
1573 1938 1830 2012 Pythium
1870 1939 1948 2002 ita
1987 1937 2066 1992 di-

20 2023 24 2027 ’
78 2023 189 2079 cit:
229 2022 392 2088 ξεῖνόν
428 2025 488 2078 τέ
526 2045 585 2078 σε
621 2031 867 2091 ποιεῦμαι
916 2025 1086 2098 [ε’μόν]
1113 2068 1129 2087 ,
1186 2024 1331 2079 nullo
1371 2027 1514 2079 enim
1557 2034 1711 2094 pacto
1765 2026 1886 2093 ἐμόν
1941 2026 2066 2081 addi

0 2110 27 2171 ’,
77 2112 254 2184 potuit
293 2118 348 2167 et
385 2112 802 2183 expungendum
844 2121 945 2168 est.

0 2199 30 2269 'l‘

27 2294 35 2347 1

0 2415 42 2631 l}

0 2642 40 2764 'l

152 2198 212 2254 In
253 2199 318 2255 V.
358 2217 425 2254 v1.
469 2205 521 2255 4.
599 2198 745 2263 Αὕτη
786 2220 891 2268 γαρ
926 2203 954 2263 ἦ
990 2222 1102 2269 ιερα
1140 2200 1414 2267 ξυμβουλὴ
1450 2201 1708 2267 λεγομένη
1757 2199 1931 2277 [εἶναι]
1981 2204 2061 2257 δο-

75 2295 160 2343 κεῖ
193 2307 278 2352 μοι
318 2295 588 2355 παρεῖναι,
628 2287 1023 2343 emendandum
1071 2297 1153 2344 est
1191 2291 1374 2353 Αὐτὴ
1427 2310 1570 2356 γαρ,
1611 2298 1672 2344 ut
1712 2290 2063 2364 Pluygersius

25 2381 249 2447 nuper
296 2374 480 2432 docuit
518 2383 573 2431 et
612 2376 717 2431 alia
768 2393 1088 2448 comparans
1130 2383 1184 2432 et
1237 2378 1654 2432 Terentianum:
1715 2378 1842 2450 Ipsa
1879 2381 1926 2434 si
1978 2399 2060 2435 cu-

66 2464 184 2536 piat
222 2463 381 2518 Salus
411 2468 422 2538 Ι
457 2483 665 2521 servare
696 2483 916 2535 prorsus
958 2484 1061 2520 non
1096 2474 1260 2538 potest
1309 2466 1442 2521 hanc
1480 2466 1764 2538 familiam.
1845 2468 2059 2525 Praete-

74 2567 167 2608 rea
203 2573 332 2608 ειναι
368 2554 616 2625 spurium
651 2559 762 2607 est:
802 2554 1063 2620 λεγομένη
1101 2554 1374 2625 significat
1414 2554 1733 2620 καλουμένη,
1777 2563 1836 2610 ιιι
1876 2556 2058 2611 nullus

74 2641 149 2696 sit
187 2639 459 2696 infinitivo
491 2641 658 2696 locuS.
737 2641 1141 2698 Eiusdemmodi
1186 2642 1524 2714 interpolatio
1564 2643 1617 2697 in
1660 2644 1853 2698 vicinis
1893 2660 2058 2716 appa-

28 2735 191 2800 ret:
231 2730 297 2784 ἂν
337 2731 434 2795 μὲν
476 2727 532 2784 εὖ
572 2728 976 2795 ξυμβουλεύσας
1017 2736 1165 2799 Φανῶ
1207 2731 1390 2786 πολλοι
1432 2730 1606 2785 ἔσεσθε
1645 2733 1688 2786 οἱ
1730 2732 2055 2798 ἐπαινοῦντές

30 2830 173 2883 με,
226 2817 291 2871 ἂν
330 2819 382 2872 δὲ
432 2824 599 2879 κακῶς
653 2818 834 2873 πολλοὶ
884 2817 1101 2890 [ἔσεσθε]
1148 2838 1188 2873 οι
1231 2820 1617 2886 καταρώμενοι,
1678 2836 1782 2874 non
1843 2827 2055 2876 tantum

32 2927 34 2931 ·
70 2911 296 2960 venusta
336 2912 390 2960 et
431 2905 647 2977 elegans
686 2905 889 2978 ellipsis
943 2914 1053 2969 est,
1107 2906 1199 2961 sed
1250 2908 1550 2963 necessaria
1592 2914 1652 2963 ut
1700 2907 1880 2963 Attico
1915 2908 2053 2963 scri-

6 3028 18 3069 ·.
69 2998 223 3065 ptore
260 2994 576 3065 compositio
614 2993 714 3049 loci
757 2993 920 3066 digna
960 2993 1224 3052 videatur.

43 3151 47 3154 μ
146 3079 208 3136 ln
261 3080 301 3155 S
341 3086 391 3137 ὅ.
447 3082 504 3145 ἣν
558 3083 610 3136 δὲ
663 3084 807 3138 κατα
865 3091 990 3148 γῆς
1046 3082 1298 3147 ςέλλησθε
1332 3082 1439 3139 dici
1480 3091 1654 3157 potest
1691 3083 1755 3141 ad
1799 3101 1919 3149 eos,
1957 3085 2051 3156 qui

70 3165 140 3223 nd
188 3167 386 3224 inferos
439 3169 763 3226 descendere
811 3178 1037 3243 parant,
1091 3171 1232 3243 quod
1282 3173 1584 3245 requiritur
1632 3173 1774 3228 κατα
1814 3179 1913 3238 γῆν
1955 3172 2049 3227 du·

69 3251 201 3311 dum
233 3255 506 3313 Dohraeus
541 3258 952 3315 commendavit.

149 3342 488 3416 Xenophonti
520 3363 733 3420 quoque
766 3347 1097 3404 reddendum
1122 3391 1136 3413 ,
1190 3348 1331 3420 quod
1366 3349 1616 3405 omnibus
1661 3350 1853 3404 Atticis
1906 3365 2048 3404 com·

72 3444 236 3485 mune
276 3429 439 3488 fuisse
474 3436 606 3490 satis
644 3443 883 3502 constat,
925 3437 1018 3494 sed
1045 3455 1074 3494 a
1097 3436 1290 3493 scribis
1329 3444 1541 3493 tantum
1585 3455 1685 3492 non
1721 3436 1918 3508 ubique
1957 3435 2044 3491 oh·

69 3526 356 3583 mutatur,
409 3527 463 3575 et
513 3521 637 3577 alibi
687 3531 741 3579 et
799 3526 853 3580 in
906 3526 946 3601 S
982 3531 1032 3584 9.
1090 3535 1275 3584 πλεῖν
1335 3526 1362 3590 ἢ
1418 3528 1608 3582 δώδεκα
1664 3543 1757 3597 pro
1813 3525 2040 3582 lectione

71 3603 329 3663 librorum
371 3617 546 3664 πλεῖον
586 3618 638 3666 et
676 3614 849 3668 πλέον.
