2436 4068
1038 188 1141 237 765

102 334 300 387 biennio
353 339 472 404 post
522 330 574 384 id
629 330 829 385 sactum
883 346 999 384 esse
1051 331 1263 397 Ἀρχίου
1321 329 1415 394 μὲν
1472 328 1735 391 Ἀθήνησιν
1789 327 2068 397 ἄρχοντος,

101 421 281 486 ὀγδόης
322 421 372 474 δὲ
410 418 767 484 Ὀλυμπιάδος
809 418 895 472 καὶ
950 420 1197 480 ἓκατοςῆς
1254 416 1354 471 ἔτει
1402 417 1568 485 τρίτῳ.
1649 415 1760 470 Nisi
1802 415 1937 470 forle
1976 433 2071 487 pu·

97 508 237 563 tabis
282 506 692 563 Demosthenem
735 506 1023 560 nescivisse
1064 523 1167 577 quo
1208 523 1347 559 anno
1386 505 1736 559 Athenienses
1782 521 1903 559 cum
1947 505 2068 558 Phi·

96 595 239 667 lippo
294 612 478 667 pacem
533 594 966 664 composuerint,
1021 610 1125 665 qna
1165 595 1459 665 composita
1514 600 1632 666 post
1686 610 1896 648 menses
1937 609 2067 663 qua-

14 687 17 726 l
97 690 221 737 tuor
279 684 576 738 Phocenses
634 682 926 753 perierunt.
1019 681 1114 736 Vel
1168 681 1277 735 sola
1347 682 1661 755 Pythioruni
1723 681 1959 746 mentio,
2015 681 2071 734 in

14 823 15 826 ,
96 771 290 843 quihus
338 776 547 825 constat
606 769 910 840 Philippum
961 770 1230 824 τάπινίκια
1290 769 1621 835 celebrasse,
1680 787 1794 825 rem
1837 769 2069 823 conficit.

14 879 15 882 ¹
94 857 290 912 Videor
343 858 475 912 mihi
530 858 830 929 perspicere
888 856 1016 928 quid
1072 857 1387 910 Pausaniam
1433 859 1485 910 in
1529 858 1678 912 illum
1724 856 2068 912 manifestum

12 973 13 978 ¹
90 962 328 1002 errorem
379 946 670 1018 impulerit.
750 945 991 999 Primum
1031 945 1151 999 belli
1203 961 1401 998 annum
1450 952 1595 1000 reete
1646 947 1821 1017 posuit
1873 954 2065 999 certam

94 1034 474 1121 hislofiicorum
533 1033 688 1087 fidem
755 1040 974 1088 secutus
1032 1034 1360 1100 Ἡρακλείδου
1413 1034 1508 1098 μὲν
1565 1034 1959 1100 πρυτανεύοντος
2017 1035 2067 1086 ἐν

93 1129 328 1192 Δελφοῖς
369 1122 456 1177 καὶ
504 1122 881 1187 Ἀγαθοκλέους
922 1122 1185 1184 Ἀθήνησιν
1231 1120 1477 1189 ἄρχοντος
1523 1122 1630 1174 κτέ.
1714 1122 1902 1176 Sumta
1941 1121 2071 1176 haec

93 1218 221 1265 sunt
273 1228 302 1266 e
354 1210 675 1265 Callisthene
734 1225 835 1263 aux
896 1208 1206 1280 Demophilo
1261 1217 1354 1263 aut
1393 1208 1748 1280 Cephisodoro
1805 1226 1909 1263 aux
1967 1209 2070 1263 alio

32 1327 34 1331 ·
91 1316 197 1371 quo
238 1298 583 1353 historiarum
626 1299 921 1369 scriptore,
962 1296 1100 1368 apnd
1139 1314 1296 1368 quem
1347 1305 1494 1351 certa
1533 1305 1836 1368 temporum
1880 1298 2068 1351 notitia

29 1434 38 1451 ,
91 1386 379 1458 diligenter
417 1393 555 1440 esset
590 1386 879 1439 memoriae
920 1384 1146 1456 prodita.
1228 1385 1429 1440 Deinde
1466 1386 1758 1439 Pausanias
1793 1384 2067 1455 vulgarem

92 1474 288 1529 samam
333 1482 551 1528 secutus
603 1480 683 1528 est
724 1473 788 1527 ab
830 1471 1144 1527 Oratoribus
1182 1473 1374 1527 Atticis
1429 1481 1809 1546 propagatam,
1864 1490 1927 1528 ex
1963 1489 2068 1545 qua

88 1562 377 1628 ὅπόλεμος
436 1561 718 1624 δεκέτης
776 1561 1013 1626 γενέσθαι
1076 1561 1231 1631 vulgo
1286 1561 1638 1618 credebatur:
1694 1569 1747 1616 et
1786 1560 1860 1616 ἔτι
1916 1562 2066 1616 bol-

84 1663 275 1712 λιππος
326 1650 483 1717 πέρας
524 1651 595 1717 τῷ
636 1650 846 1718 πολέμῳ
887 1649 1099 1711 ἐπέθηκε
1152 1651 1221 1718 τῷ
1277 1649 1539 1718 δεκοὶτῳ
1583 1650 1723 1716 μετὰ
1766 1651 1858 1713 τὴν
1898 1649 2063 1704 κατοέ-

84 1744 246 1806 ληψιν
286 1738 408 1792 ἔτει.
490 1737 626 1792 Hinc
663 1736 862 1791 sactum
899 1743 981 1792 est
1022 1743 1082 1790 ut
1121 1737 1374 1790 decimum
1411 1738 1475 1792 ab
1515 1736 1803 1809 Agathocle
1843 1737 2063 1792 archon-

87 1834 192 1882 tem
236 1825 588 1898 Theophilum
631 1832 881 1897 poneret,
922 1841 1087 1896 quum
1138 1842 1200 1879 ex
1251 1825 1352 1880 fide
1393 1843 1575 1881 rerum
1617 1833 1889 1897 gestarum
1943 1826 2064 1879 duo-

85 1915 339 1970 decimum
397 1914 650 1968 Archiam
706 1930 899 1986 ponere
955 1913 1242 1968 debuisset.
1323 1914 1523 1986 Nempe
1572 1913 1765 1986 duplex
1821 1912 1885 1968 de
1941 1913 2062 1968 belli

85 2003 240 2058 initio
281 2002 420 2057 sama
462 2009 542 2057 est
598 2003 886 2056 memoriae
939 2001 1180 2073 prodita,
1243 2019 1403 2073 quam
1465 2002 1725 2057 Diodorus
1777 2008 2062 2073 utramque

80 2091 395 2155 coniunxit,
449 2090 742 2145 Pausanias
794 2091 1013 2145 miscuit
1057 2098 1109 2144 et
1151 2089 1409 2145 confudit.
1490 2090 1671 2145 Altera
1711 2090 2062 2145 historiarum

25 2207 28 2211 ·
83 2181 374 2252 scriptores
415 2185 578 2233 testes
616 2177 800 2232 habet:
844 2178 1012 2232 altera
1050 2179 1286 2233 manavit
1323 2196 1386 2233 ex
1422 2177 1707 2234 Oratorum
1748 2196 2061 2234 monumen-

80 2268 168 2322 tis,
248 2266 508 2338 Equidem
568 2265 841 2321 historicis
894 2266 1051 2321 credo
1106 2268 1189 2322 ἐπ’
1226 2267 1603 2332 Ἀγαθοκλέους
1648 2268 1766 2323 belli
1811 2269 1962 2322 initia
2008 2278 2061 2324 et

80 2373 270 2412 causas
308 2356 543 2428 primum
597 2371 714 2409 esse
771 2361 950 2409 natas:
1013 2353 1295 2410 Oratorum
1355 2363 1407 2410 et
1458 2355 1636 2427 populi
1690 2357 1867 2427 opinio
1925 2357 2069 2413 unde

80 2451 334 2517 concepta
384 2445 454 2498 sit
496 2460 525 2498 e
565 2442 928 2515 Xenophontis
964 2443 1076 2498 loco
1118 2445 1267 2499 tenui
1327 2443 1554 2515 quadam
1601 2446 1904 2516 suspicione
1953 2446 2066 2500 eol.-

78 2532 202 2605 ligo.
282 2531 478 2593 Credo.
521 2532 772 2603 inquam,
813 2532 1123 2603 Demophilo
1167 2534 1275 2606 (cui
1314 2531 1529 2586 difficile
1565 2541 1645 2586 est
1683 2550 1781 2586 non
1820 2533 2058 2607 credere)

79 2621 156 2677 ὅτι
206 2620 389 2688 ἤρξατο
444 2622 469 2682 ἆ
522 2621 749 2685 πόλεμος
789 2622 885 2674 ἀπ’
943 2622 1321 2686 Ἀγαθοκλέους
1374 2619 1621 2689 ἄρχοντος
1678 2622 1764 2675 καὶ
1819 2623 2061 2688 διέμεινεν

81 2710 168 2772 ἔτη
204 2709 482 2771 ἕνδεκα,
530 2715 585 2762 ut
630 2708 907 2780 Philippus
943 2726 1083 2763 anno
1118 2710 1415 2764 duodecimo
1460 2727 1656 2781 poenas
1709 2710 1780 2764 de
1823 2712 2063 2765 sontibus

81 2798 339 2852 sumserit
388 2796 781 2868 Phocidemque
837 2798 1143 2852 vastaverit.
1237 2797 1549 2852 Inchoatuin
1605 2806 1685 2852 est
1748 2798 1940 2852 bellum
1999 2817 2063 2853 ex

0 2874 6 2917 ’ἵ
80 2902 140 2940 ea
182 2886 388 2939 ratione
426 2902 559 2939 anno
600 2903 701 2938 uno
739 2886 1051 2958 priusquam
1089 2885 1281 2940 sociale
1323 2885 1516 2940 bellum
1557 2887 1909 2958 compositum
1954 2897 2061 2941 est:

80 2992 214 3028 aureo
270 2991 370 3026 uno
417 2974 727 3045 priusquam
790 2972 1079 3045 Xenophon
1134 2973 1244 3041 περὶ
1300 2975 1461 3042 πόρων
1517 2976 1753 3029 instituit
1807 2975 2058 3029 scribere.

80 3061 176 3117 lllo
233 3077 371 3115 anno
426 3063 526 3136 (sic
578 3062 718 3116 enim
780 3062 917 3130 σώζω
958 3063 1029 3117 τὰ
1081 3063 1394 3137 φαινόμενα)
1455 3063 1751 3118 Phocenses
1810 3063 2056 3133 (emplum

79 3159 419 3221 occuparunt,
464 3149 555 3205 sed
602 3151 866 3205 incertum
910 3167 1012 3222 qua
1065 3150 1128 3206 de
1175 3168 1335 3207 causa
1390 3154 1512 3224 quia
1552 3152 1771 3206 relinere
1828 3160 1917 3203 αιιι
1971 3169 2055 3204 ηο-

87 3238 292 3293 luerunt
342 3247 430 3292 aul
481 3256 579 3291 non
627 3247 900 3312 potuerunt
960 3247 1074 3311 post
1126 3240 1335 3295 brevem
1381 3242 1779 3311 occupationem
1825 3237 2056 3301 ἐξέλιπον

83 3330 140 3382 τὸ
181 3327 322 3395 ἱερόν.
403 3326 539 3380 Tum
593 3344 717 3381 vero
766 3326 1004 3382 Thebani
1046 3330 1148 3400 ipsi
1186 3332 1243 3384 τὸ
1277 3332 1401 3397 ἱερὸν
1442 3326 1880 3394 καταλαμβάνειν
1921 3328 2054 3380 ἐπει-

0 3407 1 3411 ’
82 3420 247 3483 parvo.
342 3413 700 3470 phocensibus
756 3417 959 3471 interea
1021 3417 1291 3489 ingentem
1354 3417 1576 3471 multam
1638 3415 2054 3487 Amphictyones

0 3509 2 3514 “
83 3501 364 3563 dixerunt:
408 3518 567 3573 quam
622 3520 787 3575 quum
846 3504 988 3559 nullo
1026 3513 1179 3578 pacto
1236 3505 1437 3560 solvere
1498 3511 1708 3575 possent
1762 3502 1825 3557 ad
1869 3519 2050 3557 rerum

81 3592 318 3646 omniurn
361 3589 783 3662 desperationem
829 3593 1029 3649 redacti
1077 3602 1126 3649 et
1176 3594 1394 3665 insuper
1440 3609 1601 3663 quum
1655 3591 1880 3646 aliorum
1940 3598 2052 3645 tum
