2436 4068
1261 183 1328 231 34

312 344 426 386 'esse
475 323 762 382 affirmare.
842 323 946 379 Sed
980 340 1047 378 ne
1090 320 1390 377 similitudo
1430 321 1648 392 quidem
1692 323 1976 395 utriusque
2021 323 2123 378 loci
2161 340 2306 378 nunc

315 416 534 489 quidem
574 414 684 469 ulla
721 413 997 476 cernitur,
1051 411 1304 481 quoniam
1346 426 1408 464 ea
1450 426 1574 481 pars
1613 408 1716 463 loci
1756 427 1863 481 qua
1897 413 2184 484 apparebat
2226 414 2304 466 in-

314 503 552 558 tercidit.
635 501 765 569 Quis
817 501 930 571 ipsa
971 498 1133 554 verba
1180 505 1367 570 poetae
1414 505 1689 569 praestare
1733 499 1940 570 possit?
2032 501 2309 556 Sententia

318 607 456 664 quae
488 589 654 646 fuerit
693 595 941 660 apertum
975 593 1086 650 est,
1128 603 1321 658 nempe
1361 585 1769 641 huiuscemodi:

625 682 653 742 ἡ
692 678 787 744 μὲν
822 675 1044 742 χελιδὼν
1084 675 1142 730 τὸ
1182 674 1352 743 θέρος,
1395 673 1430 729 ὦ
1468 675 1661 741 γύναι,
1700 681 1891 738 λαλεῖ,

624 766 687 819 σὺ
724 765 776 817 δὲ
808 764 871 817 δι’
908 762 1051 824 ἔτους
1073 805 1088 827 ,

321 861 416 910 aut
457 854 519 908 σὺ
555 853 607 906 δὲ
641 851 944 906 πάντως-ὸν
976 851 1236 916 ἐνιαυτόν,
1272 858 1366 906 aut
1406 850 1551 905 aliud
1577 850 1707 922 quid
1742 851 1796 904 in
1833 849 2058 905 eandem
2101 855 2314 904 senten-

320 945 490 1007 tiam,
531 939 672 1012 quod
712 939 1158 1011 praecedentibus
1198 945 1514 1010 opponatur.
1607 937 2071 1005 Quemadmodum
2116 939 2171 991 in
2212 937 2313 991 hac

321 1029 668 1085 annotatione
706 1026 1008 1082 versiculus
1054 1026 1286 1090 excidit,
1335 1027 1414 1080 sic
1455 1025 1684 1080 ridicule
1725 1032 1788 1079 ut
1823 1025 1958 1079 nihil
2010 1042 2173 1096 supra
2210 1025 2317 1080 duo

321 1117 576 1173 versiculi
622 1115 899 1170 abundant
946 1116 1001 1168 in
1045 1114 1255 1169 Scholio
1293 1113 1360 1169 ad
1398 1131 1476 1168 VS.
1510 1117 1578 1168 19
1620 1113 1712 1167 ubi
1755 1112 1959 1168 editur:
1998 1114 2137 1168 οὐδὲν
2176 1111 2313 1168 ἄλλο

321 1209 460 1270 πλὴν
499 1205 731 1260 δοὲκνεινε
774 1206 924 1271 ςίχος
951 1223 963 1234 ·

554 1294 809 1355 Ἀθηναῖοι
851 1293 894 1346 δ’
929 1291 1013 1345 ἐπὶ
1051 1296 1149 1346 τῶν
1181 1291 1326 1345 δικῶν
1371 1290 1381 1364 l
1423 1292 1599 1361 ᾅδουσι
1625 1290 1806 1345 πάντα
1839 1291 1926 1345 τὸν
1953 1291 2086 1356 βίον.

322 1384 469 1438 Fieri
509 1399 614 1436 non
660 1387 869 1453 potest,
926 1387 985 1433 ut
1030 1380 1318 1451 quisquam
1370 1381 1603 1451 reperiat
1646 1378 1775 1450 quid
1812 1378 1912 1432 sibi
1967 1380 2070 1432 ista
2117 1377 2320 1443 velint,

325 1472 430 1525 nisi
480 1471 654 1542 ipsum
707 1469 989 1533 Codicem,
1045 1468 1185 1522 unde
1229 1467 1358 1522 haec
1401 1469 1775 1530 manaverint,
1826 1466 1996 1520 oculis
2031 1450 2321 1538 dilig‘enter

323 1559 686 1630 usurpaverit.
767 1558 951 1611 Dicam
988 1556 1118 1627 quid
1165 1557 1244 1611 rei
1294 1557 1381 1610 sit.
1463 1555 1566 1622 Qui
1614 1554 1789 1609 scriba
1830 1554 2032 1625 aliquid
2080 1571 2137 1609 se
2185 1555 2316 1607 omi-

323 1648 456 1700 sisse
492 1647 548 1699 in
590 1651 739 1700 textu
774 1644 1123 1699 describendo
1165 1644 1572 1706 animadvertit,
1614 1644 1667 1696 in
1704 1643 1950 1713 margine
1984 1641 2037 1695 id
2068 1641 2317 1713 supplere

324 1734 486 1788 solet:
542 1750 608 1787 ne
656 1732 745 1786 illa
801 1732 1172 1803 supplementa
1223 1750 1347 1787 cum
1397 1731 1625 1787 Scholiis
1678 1729 2080 1786 confundantur
2132 1746 2315 1801 super-

322 1821 484 1875 scribi
520 1810 652 1875 solet
688 1823 740 1874 in
778 1822 1019 1875 oratione
1053 1820 1226 1875 soluta
1258 1822 1515 1886 κείμενον,
1556 1820 1611 1872 in
1651 1825 1807 1889 poeta
1849 1820 1999 1885 ςίχος
2037 1825 2132 1872 aut
2173 1818 2314 1884 ςίχοι

323 1944 478 1998 solito
509 1943 823 2015 compendio
857 1907 941 2019 (ςίε
967 1952 1060 1999 aut
1084 1907 1196 2016 ἔιχ).
1255 1944 1356 2011 Qui
1387 1940 1760 2013 Aristophanis
1787 1941 1924 1995 Aves
1954 1941 2008 1995 in
2047 1941 2318 1996 Marciano

325 2027 517 2086 Codice
548 2033 764 2103 scripsit
802 2033 1014 2087 incuria
1047 2033 1230 2086 omisit
1259 2049 1335 2085 vs.
1362 2036 1448 2087 40.
1490 2032 1718 2093 ἀθηνοιῖοι
1754 2030 1796 2084 δ’
1830 2029 1912 2083 ἀεὶ
1948 2064 2022 2072 -
2053 2031 2140 2085 τὸν
2171 2031 2314 2096 βίον,

328 2137 466 2191 quae
506 2120 562 2173 in
604 2121 848 2191 margine
879 2120 944 2175 de
980 2138 1130 2174 more
1170 2118 1411 2191 suppleta
1451 2118 1743 2172 mirificum
1779 2116 1910 2171 illud
1947 2117 2195 2172 Scholion
2230 2133 2321 2189 pe·

326 2215 619 2279 pererunt:
662 2209 790 2279 quia
831 2209 883 2262 in
916 2207 1114 2262 vicinia
1154 2207 1481 2279 apparebant
1517 2206 1676 2261 verba
1713 2207 1850 2262 οὐδὲν
1882 2205 2018 2261 ἄλλο
2054 2208 2192 2270 πλὴν
2231 2205 2320 2261 δαέ-

327 2317 460 2351 κνειν
502 2296 632 2350 haec
668 2295 774 2350 illis
813 2305 970 2351 acute
1003 2296 1199 2367 aliquis
1235 2313 1330 2366 pro
1370 2295 1622 2349 lemmate
1656 2296 1925 2366 apposuit.

403 2385 463 2438 In
507 2381 743 2439 Alexidis
784 2383 1088 2455 fragmento
1123 2383 1264 2455 apud
1300 2382 1490 2437 Athen.
1528 2382 1618 2436 IX.
1657 2387 1782 2437 586.
1825 2384 1884 2437 A.
1917 2389 2104 2437 enecat
2139 2381 2320 2436 nescio

329 2490 489 2543 quem
526 2491 731 2544 coquus
772 2474 1116 2544 importunus
1154 2480 1207 2528 et
1245 2471 1533 2543 garruluS‚
1586 2470 1679 2525 sed
1713 2471 1863 2525 locus
1905 2469 2065 2524 simul
2106 2468 2321 2523 mendo-

331 2579 425 2615 sus
475 2569 529 2616 et
578 2561 806 2616 mutilus
857 2569 969 2625 est,
1025 2561 1187 2615 simul
1236 2559 1714 2631 interloquentium
1765 2560 1910 2613 vices
1958 2557 2320 2630 perturbatae.

332 2647 556 2704 Editur:

351 2738 362 2743 ”
600 2739 736 2792 τοῦθ’
775 2734 940 2806 ἕτερος
982 2738 1142 2799 οὐδεὶς
1178 2744 1276 2793 τῶν
1309 2737 1602 2804 ὁμοτέχνων
1641 2755 1740 2801 μου
1777 2741 1945 2790 ποιεῖ.

486 2836 542 2879 B.
601 2829 690 2880 οὐκ
729 2825 858 2891 οἴομ’
899 2826 1000 2880 οὐδ’
1041 2825 1169 2880 ἄλλ’
1204 2827 1342 2881 οὐδὲν
1382 2823 1445 2879 ὧν
1485 2825 1548 2878 σὺ
1591 2828 1677 2877 νῦν
1712 2829 1902 2885 ποιεῖς.

486 2923 551 2966 A.
607 2915 711 2979 ἐγὼ
747 2915 790 2968 δ’
825 2910 913 2981 ἐρῶ
939 2933 951 2946 ·
991 2921 1150 2969 τοῖο-ιν
1189 2915 1294 2982 γὰρ
1335 2912 1621 2978 ἒςιωμένοις

599 3002 685 3055 τὸν
726 3003 894 3069 κοειρὸν
934 3002 1219 3068 ἀποδίδωμι
1258 3010 1350 3065 τῆς
1387 2999 1753 3068 συγκράσεως.

605 3090 669 3142 σὺ
705 3091 826 3156 πρὸς
863 3092 980 3143 θεῶν
1015 3090 1198 3150 ἔθυσας
1237 3091 1323 3144 τὸν
1364 3094 1565 3159 ἔριφονς

487 3185 543 3228 Β.
603 3178 677 3241 μὴ
719 3177 880 3231 κόπτε
920 3181 995 3243 μ’,
1034 3177 1183 3231 οὲλλοὶ
1217 3178 1289 3231 τοὶ
1330 3179 1469 3245 κρέοι.

337 3262 518 3334 Neque
559 3264 615 3316 in
654 3263 807 3317 libris
847 3265 1142 3336 quidquam
1191 3273 1271 3319 est
1320 3265 1543 3327 auxilii,
1597 3264 1701 3317 nisi
1741 3261 1882 3334 quod
1923 3267 2028 3322 τοῖς
2076 3258 2180 3328 γάρ
2232 3276 2326 3330 pro

335 3358 495 3405 τοῖσιν
546 3350 651 3419 γάρ
703 3359 948 3420 servant,
1016 3369 1189 3423 neque
1249 3354 1302 3406 in
1360 3352 1592 3406 Griticis.
1688 3351 1822 3405 Nam
1882 3348 2012 3420 quid
2071 3347 2323 3420 prodest,

331 3454 563 3509 quaem,
617 3439 758 3510 quod
800 3439 1346 3512 Schweighaeuserus
1382 3441 1610 3495 coniecit
1652 3439 1835 3500 ἔθυσας
1874 3437 1964 3501 ἤδη
2001 3437 2086 3490 τὸν
2127 3436 2325 3505 ἔριφον,

331 3534 424 3581 aut
458 3528 598 3599 quod
625 3527 886 3583 Meinekio
917 3530 973 3584 in
1003 3535 1238 3586 mentem
1272 3530 1419 3584 venit
1440 3529 1578 3583 ἐτεὸν
1609 3526 1814 3597 ἔριφονῗ
1897 3523 2162 3597 Equidem
2194 3524 2324 3580 haec

325 3629 401 3668 Slc
443 3617 818 3672 constituerim
846 3639 856 3673 :
