2436 4068
1046 191 1143 239 2511

88 337 232 390 καλὰ
285 338 372 390 καὶ
416 334 602 396 ’ἵππους
650 337 879 401 ἀγαθοὺς
921 367 979 374 -
1033 336 1312 399 βούλονται
1366 336 1637 402 δαπανᾶν,
1697 344 1749 390 et
1791 339 1817 400 ἧ
1862 339 1971 405 περὶ
2016 341 2073 392 τὸ

89 432 267 491 τεῖχος
304 424 509 485 δαπάνη
552 425 604 476 in
647 423 849 478 Hellen.
896 424 986 478 Vl.
1034 439 1078 476 v.
1119 428 1169 477 ὅ.

168 511 405 566 Alterius
435 513 788 566 Grammatici
822 511 1021 566 indicio
1056 527 1249 566 manus
1279 511 1647 584 Xenophontis
1698 529 2076 583 nonnusquam

85 600 303 654 restitui
343 600 575 671 poterit:
614 598 752 652 duae
786 607 915 652 sunt
951 600 1248 654 locutiones
1282 602 1387 655 ἀνὰ
1423 600 1610 669 κράτος
1639 606 1693 654 et
1720 601 1864 655 κατα
1894 600 2080 668 κράτος
2144 672 2148 675 ⁴

90 705 120 742 a
169 688 363 742 scribis
402 686 713 758 permisceri
754 686 971 750 solitae,
1027 687 1092 740 ah
1134 688 1266 758 ipsis
1307 689 1665 760 scriptoribus
1705 696 1852 744 certo
1893 689 2081 743 discri-

85 777 232 830 mine
290 782 547 846 perpetuo
586 773 895 827 distinctae.
986 775 1120 829 Ἀνοὶ
1171 775 1355 842 κράτος
1416 784 1494 829 est
1550 777 1789 831 omnibus
1848 778 2081 835 viribus.

85 882 291 916 summa
328 881 447 933 ope,
497 863 768 934 imprimis
806 863 1027 931 φεύγειν
1064 871 1115 917 et
1158 864 1379 925 διώκειν,
1420 880 1577 934 saepe
1617 867 1716 919 θεῖν
1757 874 1810 921 et
1847 868 2081 922 ἐλαύνειν

82 952 188 1005 dv&
240 950 424 1017 κράτος
473 951 616 1022 apud
670 950 1074 1022 Xenophontem
1128 950 1344 1020 legitur.
1434 953 1591 1006 Κατ-οὶ
1637 953 1823 1020 κράτος
1871 963 1954 1010 est
1997 957 2082 1018 vi,

80 1039 362 1110 puynando
398 1055 444 1090 v.
468 1055 516 1092 c,
557 1039 738 1093 urbem
779 1057 962 1109 capere
996 1040 1146 1093 πόλιν
1187 1041 1347 1106 αἱρεῖν
1386 1041 1530 1094 κατα
1570 1041 1788 1108 κράτος,
1829 1043 1919 1096 cui
1959 1061 2082 1097 con·

85 1129 314 1182 trarium
366 1133 450 1181 est
500 1130 614 1181 καθ’
666 1128 966 1192 ὁμολογίαν.
1061 1127 1419 1182 Reddidimus
1474 1128 1813 1200 Xenophonti
1865 1130 2080 1186 ἑλόντων

83 1217 230 1271 κατὰ
262 1214 447 1283 κράτος
491 1217 546 1268 in
586 1215 755 1269 Anah.
799 1215 910 1269 VII.
952 1233 1040 1270 vu.
1082 1221 1138 1271 4.
1232 1216 1532 1270 Sciolorum
1574 1215 1762 1271 fraude
1804 1234 1866 1272 ea
1921 1219 2081 1273 verba

86 1306 426 1376 irrepserunt
480 1304 532 1356 iu
577 1304 954 1358 Demosthenis
986 1306 1280 1358 orationem
1324 1305 1389 1358 de
1431 1305 1490 1358 F.
1534 1303 1590 1359 L.
1636 1303 1676 1379 §
1702 1309 1767 1360 61
1807 1305 1885 1360 ἔτι
1918 1308 2083 1361 τοίνυν

84 1396 145 1449 ’τὸ
185 1394 447 1460 μηδεμίαν
487 1397 586 1446 τῶν
639 1394 835 1447 πόλεων
875 1399 973 1446 τῶν
1017 1394 1069 1446 ἐν
1114 1397 1371 1447 Φωκεῦσιν
1411 1394 1606 1448 ἁλῶναι
1649 1394 1914 1465 πολιορκία
1958 1396 2081 1460 μηδ’

85 1484 141 1536 ἐκ
181 1483 476 1548 προσβολῆς
522 1479 688 1552 [κατὰ
727 1480 937 1553 κράτος]
964 1523 980 1545 ,
1034 1483 1160 1534 ἀλλ’
1202 1483 1259 1535 ἐκ
1298 1486 1388 1535 τοῦ
1430 1483 1745 1537 σπείσασθαι
1790 1484 1900 1537 κτὲ.
1993 1483 2080 1538 Nil

82 1572 230 1624 enim
254 1570 358 1624 nisi
382 1571 923 1640 interpretamentum
965 1575 1047 1623 est
1083 1568 1398 1634 verborum,
1440 1587 1576 1641 quae
1611 1571 1977 1643 praecedunt,
2018 1574 2077 1627 ἐκ

79 1660 410 1727 προσβολῆς,
450 1665 510 1711 ut
553 1665 611 1710 tu
653 1657 820 1712 vides.
901 1658 1014 1712 Non
1053 1667 1276 1729 possunt
1315 1659 1485 1730 igitur
1524 1658 1655 1714 haec
1689 1660 1832 1714 inter
1866 1677 1923 1714 se
1958 1678 2078 1732 per-

82 1748 284 1804 mutari
324 1748 454 1818 quin
495 1746 679 1799 statim
718 1749 986 1800 sententia
1022 1746 1306 1800 verborum
1348 1746 1583 1801 absurda
1623 1747 1732 1802 fiat.
1793 1749 1982 1820 ltaque
2020 1751 2077 1804 in

82 1835 252 1893 Anah.
293 1836 334 1890 1.
376 1853 485 1888 vin.
531 1840 554 1888 1
600 1842 745 1888 recte
787 1851 932 1889 nunc
974 1834 1156 1889 editur
1196 1852 1261 1889 ex
1300 1842 1533 1906 quatuor
1572 1837 1792 1908 optimis
1833 1837 1987 1892 libris
2022 1847 2076 1894 et

83 1925 251 1980 Suitla
303 1924 533 1978 ἐλαύνων
570 1925 675 1978 ἀνα
714 1924 899 1991 κράτος
940 1925 1151 1990 ἱδροῦντι
1193 1925 1263 1991 τῷ
1299 1921 1440 1991 ἵππῳ
1463 1965 1477 1987 ,
1538 1939 1632 1994 pro
1669 1926 1811 1979 κατα
1852 1926 2074 1995 κράτος,

80 2014 223 2086 quod
256 2011 510 2067 exhibent
542 2014 742 2066 caeteri
777 2029 982 2068 omnes,
1065 2012 1323 2067 Eiusdem
1352 2009 1683 2066 confusionis
1714 2012 1868 2084 plura
1896 2032 2074 2071 exem-

14 2108 20 2109 ’
79 2102 167 2175 pla
211 2102 426 2171 collegit
467 2100 831 2155 Schneiderus
870 2101 937 2155 ad
978 2101 1168 2174 Cyrop.
1211 2100 1251 2154 1.
1294 2116 1361 2153 iv.
1403 2103 1504 2163 25,
1547 2116 1653 2171 quo
1694 2102 1876 2156 minus
1921 2103 2073 2159 dubi-

4 2235 10 2252 s
83 2190 222 2244 tabis
270 2191 325 2243 in
377 2188 543 2244 Anah.
587 2189 627 2242 1.
671 2206 780 2242 vui.
828 2193 912 2243 19·
946 2188 1244 2243 rescribere
1283 2189 1482 2242 ἐδίωκον
1521 2189 1619 2253 μὲν
1660 2190 1765 2244 οἷνοὶ
1804 2191 1990 2258 κράτος
2029 2197 2071 2248 οἱ

75 2280 332 2342 Ἕλληνες
375 2293 468 2348 pro
503 2277 765 2331 librorum
807 2279 1050 2332 omnium
1092 2277 1322 2332 lectione
1356 2277 1500 2331 κατα
1540 2276 1756 2344 κράτος,
1797 2279 2072 2336 similiter-

77 2385 182 2440 que
223 2369 276 2421 in
318 2364 565 2436 Agesilao
605 2365 670 2419 11.
712 2369 744 2420 5
795 2366 986 2420 διώκειν
1025 2368 1130 2421 ἀνὰ
1169 2366 1373 2434 κράτος.
1454 2365 1567 2419 Iam
1609 2382 1736 2420 vero
1776 2367 2071 2442 Xenophon

3 2461 11 2531 ζ
76 2458 239 2512 ctiam
288 2457 342 2509 in
386 2454 475 2508 illa
523 2453 794 2508 locutione
846 2454 1082 2509 Ionicam
1134 2462 1188 2510 et
1237 2462 1472 2509 veterem
1514 2453 1802 2526 quamdam
1856 2456 2071 2512 dicendi

8 2582 11 2616 ;
77 2546 307 2601 [ormam
348 2543 638 2597 retinuisse
679 2541 921 2607 videtur,
983 2545 1142 2598 cuius
1182 2543 1261 2598 rei
1303 2541 1563 2598 indicium
1610 2551 1821 2598 certum
1862 2544 2070 2601 faciunt

7 2641 24 2675 ἱ
77 2632 338 2705 reliquiae
397 2638 636 2690 veterum
691 2629 908 2695 λέξεων,
970 2632 1166 2703 quibus
1216 2632 1439 2685 utimur.
1535 2631 1595 2685 In
1647 2633 1806 2687 Bekk.
1865 2634 2067 2689 Anecd.

8 2722 17 2772 ἶ
79 2726 293 2794 p.529‚
342 2724 404 2774 15
458 2719 656 2790 legitur
695 2721 1023 2786 Ἀκρατῶς
1055 2720 1468 2774 ἐλαύνοντας
1510 2726 1770 2791 Ξενοφῶν,
1819 2723 1936 2777 οὶντὶ
1976 2728 2069 2779 τοῦ

76 2810 214 2865 πάνυ
254 2809 564 2870 ἐλαύνοντα,
609 2808 1049 2878 corruptissime:
1092 2806 1374 2862 emendate
1410 2825 1460 2880 p.
1486 2812 1625 2873 557,
1663 2813 1731 2864 27
1788 2812 2067 2879 Ἀγκροέ·

74 2919 181 2960 τος
222 2898 477 2952 ἐλαύνω
536 2894 651 2951 εἶπε
693 2901 923 2964 Ξενοφῶν
964 2897 1107 2951 κατα
1156 2897 1424 2962 curma-hv
1462 2899 1578 2952 ἀντὶ
1617 2902 1707 2954 τοῦ
1748 2901 1877 2954 ἀνα
1919 2900 2067 2970 κρα-

74 3006 214 3050 *ro-5,
254 3003 390 3058 quae
427 2993 605 3039 sumta
647 2992 776 3039 sunt
816 3002 845 3040 e
887 2984 1257 3057 Xenophontis
1301 2984 1660 3057 Hipparchico
1698 2987 1837 3043 VIII.
1882 2994 1951 3045 10
1991 2991 2073 3046 δεῖ

74 3076 161 3131 τὸν
200 3074 354 3130 ἵππον
394 3074 523 3128 civo}
566 3074 814 3141 κράτος
856 3074 1224 3129 ἐλαύνοντα
1264 3073 1454 3142 ἔποχον
1494 3071 1655 3142 εἶναι,
1712 3076 1799 3131 ubi
1842 3086 2065 3150 apparet

74 3162 203 3218 olim
227 3164 279 3216 in
317 3162 469 3216 libris
502 3161 767 3228 ἀγκροέτος
791 3162 1053 3234 scriptum
1093 3161 1292 3227 luisse,
1326 3179 1552 3235 eamque
1594 3165 1764 3236 ipsam
1808 3182 1923 3219 esso
1965 3167 2062 3221 Xe-

78 3249 364 3322 nophontis
405 3266 623 3304 manum
666 3249 797 3304 mihi
835 3250 1052 3322 quidem
1093 3250 1383 3306 admodum
1424 3251 1638 3307 videtur
1678 3252 1854 3306 simile
1896 3255 2024 3308 veri.

153 3338 458 3409 Comparari
499 3345 672 3410 potest
708 3337 940 3404 ἄγκαθεν
976 3339 1117 3411 apud
1158 3339 1484 3413 Aeschylum
1526 3357 1588 3395 ex
1626 3340 1872 3395 ἀνέκαθεν
1914 3341 2065 3396 colli-

80 3442 236 3489 sum,
273 3425 415 3497 quod
457 3427 678 3481 immani
725 3428 854 3480 vitio
894 3426 1036 3499 apud
1078 3427 1407 3501 Hesychium
1453 3429 1506 3483 in
1548 3435 1906 3483 ΛΓΡΙΛΘΕΝ
1947 3446 2062 3485 cor-

81 3521 299 3583 ruptum
330 3520 428 3567 cst.
471 3513 767 3569 Eincndata
803 3517 1073 3588 scriptura
1102 3524 1183 3571 est
1220 3519 1271 3571 in
1305 3517 1466 3573 Bekk.
1498 3516 1695 3571 Anecd.
1734 3534 1781 3588 p.
1808 3521 1935 3583 557,
1975 3522 2061 3573 25.

155 3601 213 3655 ln
272 3600 497 3656 Anabas.
542 3602 578 3657 l.
622 3620 673 3658 ιι.
718 3607 787 3657 22
832 3614 1046 3676 propter
1090 3605 1351 3661 librorum
1389 3622 1710 3660 consensum
1755 3605 2063 3662 Dindorlius
