2436 4068
1299 204 1407 254 220

363 346 620 404 siderabis
662 348 716 401 in
762 347 861 402 hac
899 348 1194 417 scriptura:

589 433 624 489 ὦ
664 434 869 502 πάτρας
914 434 1096 498 Θήβης
1138 431 1342 496 ἔνοικοι,
1381 432 1658 495 λεύσσετ’,
1700 433 1942 496 Οἰδίπους
1979 433 2098 500 ὅδε,

590 520 642 583 ὃς
683 523 754 575 τοὶ
791 521 949 574 κλείν’
990 519 1267 584 αἰνίγματ’
1308 521 1398 588 ᾔδη
1436 520 1523 574 καὶ
1566 518 1803 587 κρατιςος
1846 517 1901 582 ἧν
1941 524 2064 590 οἰνήρ

589 612 661 669 εἰς
701 606 813 662 ὅσον
852 608 1088 661 κλύδωνα
1127 608 1287 670 δεινῆς
1328 612 1600 678 συμφορᾶς
1644 609 1888 672 ἐλήλυθα.

364 697 574 769 Optime
612 693 694 750 ὅδε
745 695 951 766 primae
989 711 1247 766 personae
1301 697 1590 767 convenit,
1631 702 1691 750 ut
1728 697 1783 750 in
1836 695 2111 768 Euripidis
2161 696 2346 753 Oreste

363 788 488 840 574.
530 782 604 838 δ’δ’
641 785 744 849 εἰμ’
785 782 999 849 Ὀρέςης
1041 789 1093 837 et
1138 786 1298 836 1664.

397 901 400 903 >
591 871 775 936 Φοῖβός
817 873 864 923 σ’
906 871 928 924 ὃ
969 874 1170 932 Λητοῦς
1213 876 1338 930 παῖς
1379 866 1452 924 δ’δ’
1494 871 1660 935 ἐγγὺς
1702 871 1766 924 ὢν
1805 877 1967 926 καλῶ.

363 966 417 1014 et
457 960 511 1012 in
553 957 827 1030 Sophoclis
868 955 993 1012 Oed.
1038 958 1164 1031 Tyr.
1210 963 1298 1012 40.

665 1045 960 1111 ἱκετεύομεν
1003 1067 1061 1099 σε
1102 1044 1296 1106 πάντες
1336 1043 1439 1100 οἵδε
1481 1043 1782 1112 πρόστροποι
1804 1087 1820 1110 ,

363 1140 416 1188 et
459 1131 757 1187 Herodotus
796 1133 840 1190 Ι.
885 1138 1008 1187 115.
1063 1131 1145 1188 ὅδε
1184 1154 1260 1188 τοι
1314 1133 1562 1200 πάρειμι,
1601 1138 1652 1186 et
1704 1132 1845 1203 quod
1885 1148 2048 1204 supra
2101 1132 2349 1206 Euripidi

361 1220 726 1276 reddidimus:

671 1307 1024 1374 Θεοκλύμενος
1065 1315 1191 1369 παῖς
1230 1305 1314 1362 ὅδε
1354 1307 1702 1375 προσεννέπω,
1745 1306 1928 1375 πάτερ.

437 1397 714 1468 Frequens
755 1396 1024 1467 imprimis
1077 1402 1158 1450 est
1198 1393 1272 1449 δ’δ’
1323 1395 1457 1460 ἐγώ,
1508 1396 1610 1461 ἐγὼ
1650 1396 1856 1459 οὑτοσί,
1916 1401 1972 1450 et
2025 1398 2172 1463 ἡμεῖς
2212 1394 2351 1462 οἵδε,

367 1487 515 1549 ἡμεῖς
556 1485 726 1538 oon-012⁶.
807 1483 943 1537 Hinc
982 1483 1128 1554 turpi
1163 1482 1357 1537 mendo
1396 1483 1627 1538 liberare
1662 1484 1862 1555 poteris
1901 1483 2348 1557 Aristophanem,

366 1571 507 1642 quod
546 1571 904 1625 commaculat
944 1570 1119 1624 locum
1170 1571 1225 1623 in
1279 1571 1579 1644 Lysistrata
1629 1588 1706 1625 vs.
1744 1575 1906 1625 1111.
2008 1575 2017 1583 ‘

667 1659 751 1712 ἐπὶ
794 1659 847 1712 τί
886 1657 1080 1726 παρεςε
1123 1659 1295 1725 δεῦρος
1336 1691 1412 1700 --
1451 1657 1563 1725 περὶ
1605 1659 1909 1723 διαλλαγᾶν

668 1745 931 1813 πρέσβεις.
973 1778 1031 1784 -
1086 1752 1258 1807 καλῶς
1300 1746 1358 1808 δὴ
1397 1745 1590 1810 λέγετε
1614 1765 1626 1777 ·
1666 1748 1863 1813 χήμεῖς
1903 1747 2131 1811 τουτογί.
2203 1788 2206 1792 -

369 1834 490 1905 quis
543 1851 649 1888 non
690 1832 1225 1887 statimadmonitus
1279 1832 1426 1887 dabit
1485 1832 1621 1886 mihi
1660 1848 1848 1887 verum
1897 1849 2010 1888 esse
2059 1837 2255 1902 χήμεῖς
2295 1838 2351 1901 γ’

365 1922 537 1976 οὑτοιΐ·
620 1921 780 1976 Vides
818 1938 978 1992 quam
1026 1920 1179 1982 facile
1218 1929 1531 1976 ΓΟΤΤΟΙΙ
1572 1921 1808 1993 potuerit
1841 1920 1898 1974 in
1947 1923 2160 1988 τουτογί
2187 1922 2353 1978 abire.

369 2010 438 2064 Ut
478 2008 545 2063 ad
587 2008 899 2080 Sophoclem
940 2008 1154 2063 redeam
1197 2025 1383 2064 verum
1423 2026 1538 2064 esse
1578 2010 1668 2078 ἤδη
1706 2039 1780 2049 -
1814 2008 2043 2075 ἐλήλυθα
2073 2010 2356 2065 confirmat

367 2097 679 2169 planissime
709 2102 863 2150 vetus
890 2096 1152 2161 Criticus,
1196 2097 1289 2168 qui
1327 2103 1594 2151 extremos
1636 2113 1822 2151 versus
1856 2095 2065 2152 fabulae
2098 2099 2154 2152 in
2194 2097 2354 2152 Scho-

369 2185 459 2238 liis
514 2183 581 2237 ad
633 2183 685 2236 h.
719 2183 751 2237 l.
810 2185 886 2238 sic
936 2184 1306 2256 reprehendit:
1368 2191 1590 2239 annotat
1646 2183 1713 2238 ad
1757 2200 1834 2238 vs,
1879 2187 2042 2240 1525.
2085 2186 2355 2253 αὐτάρκως

374 2272 486 2341 ἔχει
528 2273 587 2325 τὸ
627 2272 827 2339 δροῖμα,
866 2271 938 2325 τοὶ
979 2271 1084 2340 γαρ
1124 2270 1240 2335 ἑξῆς
1278 2273 1504 2326 οἰνοίκεια
1547 2276 2130 2337 γνωμολογοῦντος
2178 2274 2356 2330 Οἰδί-

371 2361 513 2415 ποδο
530 2381 572 2421 ς.
655 2359 888 2414 Rectene
934 2376 1003 2413 an
1045 2376 1200 2413 secus
1242 2360 1317 2413 ita
1357 2359 1559 2415 iudicet
1603 2376 1747 2414 nunc
1801 2359 2019 2430 quidem
2070 2361 2124 2413 in
2180 2361 2358 2416 medio

370 2447 649 2518 relinquo:
705 2447 805 2500 hoc
860 2447 1045 2517 utique
1088 2452 1298 2500 certum
1350 2453 1430 2501 est
1485 2464 1608 2501 eum
1651 2447 1715 2501 oh
1755 2446 1936 2502 oculos
1976 2446 2226 2502 habuisse
2264 2449 2355 2518 ἤδη

372 2542 427 2590 et
462 2536 723 2598 ἐλήλυθα,
766 2551 902 2606 quae
947 2535 1108 2588 etiam
1158 2536 1274 2589 sine
1316 2535 1415 2589 hoc
1463 2534 1662 2589 indicio
1700 2542 1946 2607 poterant
1998 2541 2092 2590 aut
2130 2535 2359 2608 intelligi

375 2632 468 2680 aut
502 2623 759 2678 revocari.
842 2623 1119 2677 Caeterum
1153 2624 1242 2691 ἤδη
1289 2639 1384 2693 pro
1425 2622 1528 2690 ᾔδει
1564 2623 1618 2676 in
1661 2639 1722 2676 eo
1768 2622 1882 2677 loco
1922 2623 2028 2678 iam
2069 2624 2195 2678 olim
2231 2642 2361 2679 non·

375 2711 538 2767 nullis
578 2710 874 2782 displicuit.
956 2711 1017 2765 In
1074 2709 1265 2765 Codice
1317 2710 1552 2765 Mediceo
1593 2711 1738 2765 enim
1795 2709 1991 2782 duplex
2038 2711 2196 2766 lectio
2255 2710 2359 2768 fer-

374 2808 495 2855 tur:
538 2800 646 2862 ήιδή
690 2816 719 2853 a
760 2799 935 2870 prima
975 2815 1142 2852 manu
1182 2799 1445 2870 scriptum
1485 2805 1597 2863 est,
1639 2798 1731 2854 sed
1771 2820 1813 2853 ει
1848 2800 2299 2871 suprascriptum.

451 2888 550 2942 Est
586 2903 775 2957 operae
815 2885 1051 2956 pretium
1093 2887 1292 2940 iterum
1333 2903 1456 2942 cum
1493 2886 1578 2941 his
1610 2885 1853 2941 conferre
1884 2886 2062 2942 locum
2097 2887 2152 2941 in
2203 2887 2359 2942 Euri-

377 2974 517 3048 pidis
556 2973 860 3030 Phoenissis
908 2991 986 3027 vs,
1026 2977 1186 3028 1757.

603 3060 637 3117 ὦ
674 3061 880 3129 πάτρας
917 3069 1117 3125 κλεινῆς
1155 3068 1398 3126 πολῖται,
1438 3062 1698 3126 λεύσσετ’,
1734 3061 1977 3123 Οἰδίπους
2011 3061 2094 3117 ὅδε

605 3148 655 3211 ὃς
695 3150 766 3204 τα
804 3149 960 3203 κλείν’
1001 3150 1278 3215 αἰνίγματ’
1318 3149 1448 3214 ἔγνω
1484 3150 1573 3204 καὶ
1610 3150 1823 3215 μέγιςος
1864 3147 1920 3212 ἦν
1959 3150 2113 3216 οἰνήρ,

603 3235 654 3298 ὃς
696 3237 845 3303 μόνος
877 3238 1126 3304 Σφιγγὸς
1168 3236 1431 3305 κατέσχον
1470 3245 1562 3300 τῆς
1603 3236 1880 3303 μιαιφόνου
1921 3235 2119 3304 κρατή,

605 3330 690 3380 νῦν
726 3325 914 3390 ἄτιμος
955 3327 1110 3385 αὐτὸς
1151 3326 1341 3392 οἰκτρὸς
1377 3324 1719 3390 ἐξελαύνομαι
1754 3324 1953 3391 χθονός.

377 3415 469 3470 ubi
507 3414 728 3469 Porsoni
762 3412 1024 3467 iudicium
1075 3429 1197 3466 cum
1241 3413 1547 3467 Hermanno
1585 3419 1638 3467 et
1672 3411 1849 3466 Geelio
1888 3427 2082 3483 sequor
2125 3416 2362 3465 statuen-

375 3505 445 3558 tis
484 3521 513 3558 e
551 3501 806 3574 Sophocle
846 3507 1088 3554 assutum
1125 3517 1240 3555 esse
1280 3518 1528 3555 versum:

599 3588 649 3652 ὃς
691 3591 762 3644 τα
803 3589 959 3644 κλείν’
998 3590 1273 3654 αἰνίγματ’
1311 3589 1468 3653 ἔγνων
1508 3590 1593 3642 καὶ
1635 3588 1850 3654 μέγιςος
1896 3586 1952 3651 ἧν
1992 3590 2150 3656 οὶνήρ,
