2436 4068
962 204 1067 254 565

321 351 481 403 πυθοι’
522 347 586 401 ἄν
610 390 622 409 ,
660 349 760 402 οὐδ’
801 349 843 401 εἰ
885 346 1105 411 δεσμοὶ
1146 345 1326 400 πάντα
1366 344 1702 413 προσβάλοις.

16 437 120 494 Sed
160 444 315 492 erant
356 437 487 491 haec
527 437 606 490 sic
647 434 1058 490 constituenda:

318 523 358 579 ἃ
400 526 445 579 δ’
487 524 791 579 ἐκπυθέσθαι
832 531 926 586 τῆς
965 525 1095 589 ἐμῆς
1134 522 1345 591 χρῄζεις
1389 522 1572 591 φρενός

322 613 429 667 οὔτ’
469 612 534 667 ἂν
570 613 829 666 καταίθων
867 611 985 665 οὔτε
1025 613 1210 677 κρατὸς
1252 609 1312 673 ἐξ
1344 609 1501 679 ἄκρου

324 701 547 756 δεινὸν
587 700 779 760 καθιεὶς
818 699 1027 766 πρίον’
1067 700 1139 758 εἷς
1178 697 1362 765 ἄκρους
1402 699 1568 760 πόδας

0 854 3 860 ‚
322 790 484 845 πύθοι’
523 787 616 851 ἄν,
656 789 758 842 οὐδ’
798 788 841 840 εἰ
882 786 1067 840 δεινοὶ
1109 786 1290 840 πάντα
1331 786 1670 853 προσβάλοις.

0 875 368 932 &scribendum
409 893 525 931 esse
565 877 719 930 δεινὸν
760 876 975 942 πρίονα,
1017 891 1119 928 non
1163 875 1350 935 δεινοὺς
1394 874 1634 941 πρίονας,
1675 882 1729 929 et
1770 891 1857 930 res
1899 876 2015 949 ipsa

0 964 179 1020 ¹»docet
217 972 271 1019 et
325 972 580 1019 metrum.
658 963 819 1031 Πρίων
862 963 1006 1016 enim
1047 963 1285 1035 priorem
1327 961 1580 1033 producit
1623 969 1677 1016 et
1722 981 1867 1017 serra
1909 982 2014 1020 non

0 1043 183 1115 >{serris
237 1053 426 1108 miseri
474 1070 504 1106 a
558 1051 816 1124 carnifice
867 1050 1298 1106 dissecabantur.
1400 1050 1595 1117 Δεσμα
1656 1050 2014 1119 προσβάλλειν

0 1158 181 1212 J-nemo
232 1140 516 1204 defendet,
575 1142 756 1194 minus
794 1140 958 1194 etiam
1011 1139 1184 1205 δεσμοὶ
1229 1138 1495 1205 πάντα,
1548 1137 1691 1209 quod
1747 1139 2015 1212 ineptissi-

22 1246 175 1287 mum
218 1237 327 1285 est:
389 1229 709 1301 scrupulum
766 1244 980 1283 omnem
1027 1227 1227 1281 eximet
1283 1229 1424 1283 δεινὰ
1471 1226 1832 1296 προσβάλοις,
1873 1229 2016 1301 quod

0 1325 139 1374 tam
176 1319 520 1390 perspicuum
560 1326 643 1372 est
681 1333 845 1388 quam
891 1316 1172 1370 usitatum.

0 1381 6 1483 ἶ
101 1407 164 1462 lu
207 1406 578 1479 Xenophontis
635 1405 816 1460 verbis
855 1405 1182 1459 correxerim
1222 1402 1367 1466 ὅσους
1407 1405 1467 1468 δη
1519 1403 1759 1467 ἔδησεν
1801 1406 1830 1470 ἢ
1871 1401 2017 1467 ὅσους

0 1491 364 1551 ’κατέκανε
403 1512 500 1567 pro
537 1494 843 1560 ἔδέσμευσεν
883 1500 939 1548 el,
973 1493 1299 1558 κατέκτανε,
1339 1492 1406 1548 (le
1444 1510 1551 1565 quo
1601 1509 1798 1565 genere
1838 1494 2020 1549 mendi

4 1599 192 1656 vsupra
232 1583 497 1655 quaedam
534 1583 933 1638 annotavimus.

100 1671 164 1728 lu
217 1687 333 1743 cap.
371 1671 515 1727 Vlll.
561 1675 612 1727 2.
674 1672 730 1725 in
783 1670 961 1725 verbis
997 1668 1380 1725 ἐπαινεσάντων
1431 1670 1742 1740 άμφοτέρων
1791 1673 1878 1727 τὸν
1928 1675 2021 1730 αὖ·

27 1760 118 1817 τόν
157 1759 540 1815 admonuimus
595 1777 759 1832 supra
812 1759 979 1814 latere
1034 1758 1271 1816 Atticam
1328 1759 1635 1830 imperativi
1695 1759 1925 1816 formam
1968 1771 2025 1818 'et

26 1847 412 1904 ἐπαινεσάντων
448 1849 737 1918 ἀμφότεροι
786 1848 1085 1918 genuinum
1135 1863 1251 1901 esse
1290 1845 1808 1920 rescribendumque
1855 1850 1912 1903 in
1948 1851 2023 1904 vi-

16 1938 168 1994 cinia
206 1937 628 2005 θεραπευσάντων
670 1954 765 2008 pro
810 1934 1277 2005 θεραπευσάτωσαν
1319 1942 1370 1989 et
1407 1935 1594 1990 δόντων
1639 1953 1736 2008 pro
1774 1938 2022 1993 δότωσαν.

29 2023 199 2099 Saepe
234 2025 572 2081 ostendimus
610 2042 773 2098 quam
815 2034 1019 2080 temere
1058 2025 1115 2079 in
1155 2023 1355 2079 talibus
1395 2023 1604 2079 scribae
1642 2031 1848 2080 veteres
1889 2028 2026 2082 seri-

0 2102 218 2193 ‚ipluras
261 2131 478 2170 movere
527 2122 583 2170 et
625 2114 891 2184 refingere
951 2112 1175 2169 soleant.
1250 2112 1672 2168 Ἐπαινεσάντων
1733 2114 2022 2184 άμφότεροι

0 2202 159 2276 :quid
213 2203 285 2257 sit
348 2204 636 2258 mirantur.
727 2201 855 2257 Sine
909 2218 1060 2255 mora
1111 2201 1420 2272 ἀμφοτέρων
1475 2202 1742 2274 εοι·νι“9ιιιιι
1797 2202 2022 2275 scilicet.

0 2279 311 2349 l‘Praeterea
362 2290 710 2346 scribendum
762 2293 820 2345 αἱ
879 2290 997 2345 ὑπὸ
1044 2292 1144 2345 τῶν
1184 2288 1558 2346 δυνατωτάτων
1613 2293 1880 2360 θεραπεῖαι
1924 2310 2021 2365 pro

0 2379 157 2444 ιῗὶπό.
234 2378 428 2435 Confer
463 2396 600 2451 quae
637 2379 877 2435 diximus
911 2378 976 2434 ad
1010 2381 1049 2435 1.
1087 2382 1174 2433 28.
1207 2385 1261 2434 et
1292 2378 1483 2434 V11.6.
1525 2379 1681 2452 Apud
1711 2380 2023 2454 Euuapium

19 2466 88 2527 'iu
120 2467 188 2522 V.
225 2467 277 2523 S.
319 2485 372 2540 p.
406 2471 462 2525 2.
505 2467 711 2524 editur:
751 2466 872 2523 οὔτε
911 2466 984 2522 τοὶ
1022 2469 1131 2524 άπὸ
1162 2473 1261 2523 τῶν
1302 2467 1539 2537 πρότερον
1574 2470 1885 2538 γραφόντων
1930 2474 2024 2537 λή-

22 2552 182 2628 ζσεται
221 2558 339 2618 τοὺς
373 2557 835 2626 ἐντυγχάνοντας,
872 2555 1166 2611 bellissime
1201 2555 1411 2611 dictum
1444 2563 1525 2612 est
1553 2559 1597 2612 οἱ
1632 2557 1868 2627 πρότερον
1889 2559 2022 2629 γρά-

24 2649 220 2717 φοντες
273 2652 330 2700 et
368 2646 668 2717 praesentis
717 2661 846 2700 usus
895 2644 1191 2715 γράφοντες
1243 2644 1401 2717 plane
1448 2644 1716 2701 mirificus
1759 2653 1858 2702 est.
1940 2649 2024 2705 Tu

30 2730 231 2806 *repone
271 2734 371 2790 ὑπό
411 2750 508 2806 pro
545 2735 654 2789 ἀπό
693 2741 746 2789 et
785 2733 1040 2789 emieahit
1086 2750 1213 2801 vera
1260 2732 1447 2789 lectio:
1488 2733 1560 2789 τοὶ
1607 2735 1728 2790 ὑπὸ
1768 2740 1867 2791 τῶν
1906 2738 2026 2806 πρό-

27 2841 168 2891 τερον
225 2823 605 2892 γραφέντα.
686 2820 849 2877 Vides
889 2821 1086 2895 duplex
1127 2820 1312 2877 mendi
1360 2838 1560 2895 genuS,
1602 2821 1669 2877 de
1718 2840 1825 2895 quo
1878 2824 2022 2882 dice-

31 2906 250 2987 flamm,
290 2911 343 2965 in
381 2927 489 2965 uno
518 2909 632 2965 loco
669 2911 1038 2967 coniunctum.
1119 2910 1404 2967 Praeterea
1440 2910 1584 2984 apud
1615 2910 2024 2986 Xenophontem

33 2997 412 3071 affigendum
467 3015 584 3054 esse
637 2999 886 3071 suspicor
939 3001 1026 3055 καὶ
1081 2999 1286 3069 χάριν
1336 2999 1604 3067 ἐμποιοῦσι
1651 3002 1878 3068 μεγίςην
1927 3021 2027 3077 pro

33 3086 246 3159 χαράν,
300 3104 628 3160 quamquam
679 3087 857 3157 χαρὰν
905 3090 1136 3155 ἐμποιεῖν
1178 3105 1273 3161 pro
1324 3089 1618 3160 εὐφραίνειν
1659 3091 1860 3163 optime
1915 3092 2023 3148 dici

34 3176 244 3251 potuit,
301 3175 395 3233 sed
446 3176 603 3245 χάρις
658 3176 735 3231 rei
797 3176 968 3233 multo
1021 3177 1426 3234 convenientior
1480 3194 1598 3234 esse
1649 3178 1880 3235 videtur.
1963 3180 2026 3235 In

37 3264 71 3336 ς
113 3268 198 3321 10.
253 3263 414 3321 verba
454 3269 509 3322 οὐ
545 3266 651 3334 γὰρ
705 3264 962 3334 τυράννοις
1005 3267 1264 3334 ἰσοτίμους
1308 3265 1464 3321 ulcus
1512 3266 1811 3323 insanabile
1851 3267 2020 3323 alunt.

115 3352 178 3407 ln
221 3368 334 3426 cap.
371 3353 465 3411 lx.
507 3358 559 3410 3.
614 3355 717 3420 ἐγὼ
757 3351 839 3409 οὖν
873 3354 1014 3424 φημὶ
1055 3355 1195 3424 άνδρὶ
1245 3354 1460 3425 ἄρχοντι
1499 3355 1559 3411 τὸ
1599 3357 1695 3423 μὲν
1730 3357 1815 3411 τὸν
1857 3356 2023 3422 dydy-

40 3460 130 3502 κης
184 3439 414 3507 δεόμενον
469 3441 649 3505 ἄλλοις
708 3443 1021 3511 προτακτέον
1079 3441 1209 3499 εἶναι
1269 3443 1541 3513 κολάζειν,
1603 3451 1789 3500 onerat
1847 3443 2024 3501 locum

41 3526 234 3600 duplex
279 3528 649 3601 interpolatio,
690 3531 857 3587 altera
887 3540 1073 3596 vetuS,
1116 3532 1282 3589 altera
1314 3532 1376 3587 Η.
1402 3531 1676 3604 Stephani.
1759 3532 1933 3605 Atque
1980 3534 2027 3587 is

40 3613 256 3687 quidem
313 3616 397 3670 τόν
441 3633 717 3689 perperam
773 3619 837 3675 de
881 3637 975 3676 suo
1028 3622 1289 3678 inseruit:
1349 3622 1404 3675 τὸ
1448 3621 1541 3687 μὲν
1593 3622 1729 3691 [τὸν]
1785 3621 2023 3688 ἀνάγκης
