2436 4068
1017 209 1121 258 275

85 370 221 426 quae
254 351 556 406 ferocientis
597 358 724 404 sunt
760 358 813 404 et
854 351 1026 411 iram,
1069 352 1273 414 minam,
1315 347 1597 404 maledicta
1648 347 2058 402 contemnentis.

85 443 182 497 Est
222 446 401 493 autem
453 438 507 490 in
549 438 747 492 talibus
794 439 1098 510 imperativi
1140 455 1271 492 usus
1312 436 1422 492 fere
1470 436 1806 490 necessarius
1856 433 2064 508 ether-

84 534 278 600 petuus
326 533 377 580 et
435 528 652 598 requiro
707 528 759 580 iu
821 525 1117 580 Heraclidis
1172 526 1492 580 sententiam
1545 521 1887 577 huiusmodi:
1942 523 2063 589 πρὸς

83 619 258 670 ταῦτα
296 615 320 667 o‘
364 613 678 680 βουλόμενός
732 635 801 678 με
840 619 1009 673 κακῶς
1048 613 1249 677 λεγέτω
1276 653 1291 674 ,
1333 635 1402 680 με
1441 611 1749 680 λοιδορείτω,
1798 610 1934 665 οὐδέν
1980 629 2066 676 μοι

80 703 262 769 μέλει,
299 702 358 756 τὸ
393 703 436 756 δ’
469 702 613 770 ἔργον
651 702 805 756 τοῦτό
842 722 928 766 μοι
960 699 1307 768 πεπράξεται.
1388 701 1593 755 Dixerit
1627 698 1823 770 aliquis
1854 705 2066 770 poetam

0 797 3 809 '
82 789 138 844 id
178 791 353 862 ipsum
396 788 494 843 hac
548 790 846 844 sententiae
887 787 1307 843 conformatione
1348 789 1698 859 expressisse:
1740 788 1762 840 ὂ
1811 786 2067 852 βουλόμε·

0 930 3 934 ,
83 877 164 938 νός
210 898 279 943 με
326 878 636 945 λοιδορήσει,
680 879 739 932 τὸ
782 878 827 931 δ’
866 877 1010 944 ἔργον
1053 875 1396 944 πεπράξεται.
1476 875 1705 930 Etiamsi
1754 874 1853 929 hoc
1912 873 2067 929 dede·

0 973 1 976 ’
83 966 223 1024 rim.
268 982 592 1037 quamquam
626 964 820 1019 similis
859 965 1260 1037 compositionis
1299 963 1601 1035 exemplum
1638 962 1909 1026 desidero,
1948 978 2066 1033 gra·

0 1064 3 1108 ζ
84 1054 200 1107 vior
241 1052 530 1107 difficultas
569 1061 813 1126 superest
857 1055 910 1107 in
953 1051 1091 1116 λέξει
1129 1054 1222 1115 τὴν
1256 1053 1492 1118 θρασεῖαν
1531 1051 1617 1105 καὶ
1659 1052 1750 1113 τὴν
1784 1054 2067 1118 φρονοῦσαν

0 1143 22 1204 *ᾗ
82 1141 256 1209 μεῖζον
296 1142 325 1204 ἢ
363 1148 594 1207 γυναῖκα
645 1145 766 1211 χρή.
850 1142 983 1197 Nam
1032 1142 1156 1213 quis
1196 1139 1416 1194 inducet
1464 1141 1518 1192 in
1552 1139 1792 1192 animum
1833 1138 1971 1201 λέξει
2007 1155 2068 1192 eo

84 1245 247 1285 sensu
282 1228 390 1284 dici
425 1247 578 1302 posse
616 1239 669 1285 et
709 1230 966 1285 articulos
1013 1230 1066 1283 in
1119 1229 1210 1290 τὴν
1249 1230 1486 1296 θρασεῖαν
1526 1227 1614 1281 καὶ
1654 1228 1746 1289 τὴν
1785 1230 2069 1294 φρονοῦσαν

84 1325 231 1373 recte
266 1316 514 1372 additos?
594 1318 711 1373 Alia
760 1319 900 1372 ratio
941 1325 1022 1372 est
1070 1333 1254 1372 eorum
1297 1315 1570 1379 locorum,
1612 1314 1702 1369 ubi
1747 1316 2070 1377 ἀποκαλεῖν,

0 1433 3 1450 >
83 1408 401 1469 ἀνακαλεῖν,
443 1405 809 1474 ἐπονομάζειν,
848 1406 1210 1473 ἀναγορεύειν,
1255 1411 1308 1460 et
1350 1419 1752 1475 nonnumquam
1794 1410 1974 1457 καλεῖν
2018 1412 2070 1459 et

20 1476 27 1541 J
83 1493 372 1561 ὀνομάζειν,
406 1495 698 1549 articulum
736 1493 932 1549 habent
959 1495 1164 1548 nomini
1205 1492 1479 1555 additum,
1521 1498 1579 1546 ut
1608 1493 1662 1546 in
1684 1494 2070 1553 ἀνακαλοῦντες

0 1616 1 1619 =
81 1586 166 1638 τὸν
206 1582 484 1650 προδότην,
537 1585 623 1638 τὸν
666 1582 937 1650 εὐεργέτην
984 1590 1038 1637 et
1092 1580 1319 1642 similia,
1377 1580 1504 1654 (vid.
1546 1580 1672 1636 Intt.
1715 1580 1782 1634 ad
1838 1580 2068 1635 AnabaS.

83 1670 171 1726 vl.
206 1689 278 1731 w.
311 1669 389 1743 7.)
428 1670 607 1736 λέγειν
641 1672 786 1726 enim
824 1688 920 1743 pro
955 1678 1136 1726 καλεῖν
1172 1670 1254 1725 vel
1283 1668 1545 1736 ὀνομάζειν
1582 1670 1705 1741 poni
1740 1685 1842 1723 non
1880 1675 2068 1741 potest.

84 1759 271 1832 ltaque
306 1758 619 1814 dubitanter
664 1761 889 1815 coniicio
934 1759 987 1813 in
1025 1758 1162 1823 λέξει
1205 1759 1436 1830 primam
1482 1757 1754 1813 literulam
1795 1757 2070 1812 emendari

85 1856 329 1920 oportere
368 1855 423 1902 et
454 1848 601 1916 ψέξει
646 1846 1042 1903 restituendum
1079 1863 1227 1901 esse:
1278 1847 1478 1918 optime
1513 1847 1658 1902 enim
1696 1846 1921 1901 habere:
1961 1850 2068 1907 πῶς

84 1958 164 1998 τις
214 1939 306 1999 την
347 1938 584 2004 θρασεῖαν
637 1936 784 2005 ψέξει
833 1937 921 1991 καὶ
961 1937 1053 1998 τὴν
1087 1940 1371 2005 φρονοῦσαν
1402 1933 1574 2002 μεῖζον
1615 1935 1643 1998 ἢ
1680 1943 1909 2000 γυναῖκα
1946 1937 2067 2003 χρή.

86 2024 278 2090 Ψέγειν
313 2031 368 2080 et
405 2025 571 2092 ψόγος
609 2025 853 2096 Tragicis
892 2025 1024 2079 satis
1064 2025 1194 2079 trita
1238 2030 1402 2086 sunt,
1446 2039 1544 2077 nec
1582 2023 1815 2078 multum
1847 2022 2066 2085 dubito,

86 2114 215 2185 quin
257 2115 452 2168 iterum
490 2112 734 2185 Euripidi
779 2114 848 2167 sit
891 2111 1032 2167 idem
1084 2111 1306 2167 verbum
1348 2110 1744 2167 restituendum
1787 2113 1842 2166 in
1891 2110 2066 2166 Alces-

89 2200 198 2256 tide
236 2218 313 2256 vs,
346 2205 473 2256 696.

918 2288 1012 2345 εἶτ’
1053 2291 1178 2356 ε’,αην
1219 2291 1464 2358 οὶψυχίαν

384 2378 587 2444 λέγεις,
625 2380 900 2443 γυναικὸς,
939 2377 975 2433 ὦ
1015 2378 1244 2444 noima-0⁹,
1287 2377 1606 2444 ἡσσημένος,

0 2520 1 2526 ,
84 2465 195 2520 imo
231 2477 359 2520 vero
389 2465 614 2534 ψέγεις,
658 2466 713 2521 id
752 2473 836 2522 est
873 2465 969 2522 εἶτ’
1002 2468 1113 2534 ἐμοὶ
1167 2468 1364 2523 δειλίαν
1419 2466 1705 2535 ὀνειδίζεις,
1763 2482 1922 2538 quem
1979 2483 2066 2522 ne·

0 2558 2 2562 ’
82 2553 379 2611 cessarium
434 2571 651 2611 sensum
704 2572 860 2610 nemo
914 2573 1170 2629 umquam
1231 2573 1260 2611 e
1314 2555 1531 2627 vulgata
1589 2555 1817 2610 lectione
1869 2555 2066 2622 eliciat.

82 2643 254 2708 Ψόγος
287 2641 473 2699 eodem
513 2641 670 2698 modo
717 2644 772 2697 in
809 2645 966 2710 λόγος
1011 2644 1363 2718 depravatum
1405 2652 1486 2699 est
1522 2642 1663 2715 apud
1706 2643 1923 2716 Dionys·
1965 2644 2067 2698 Ila-

3 2734 9 2744 '
82 2728 170 2786 lic.
224 2732 280 2786 in
319 2731 490 2804 Epist.
533 2731 600 2787 ad
639 2732 993 2797 Ammaeum‚
1046 2733 1146 2789 vol.
1192 2734 1279 2788 Vl.
1324 2751 1373 2805 p.
1408 2735 1514 2787 752
1557 2731 1617 2786 R.
1675 2733 1891 2797 οὶσεβεῖν
1942 2733 2065 2799 ὅμο-

1 2861 14 3059 1

22 2867 36 3003 e*-

80 2824 220 2884 λογῶ
258 2821 301 2873 εἶ
341 2820 611 2885 βουληθεὶς
652 2821 903 2887 ἐγκώμιον
941 2826 1032 2877 τοῦ
1076 2823 1353 2882 Πλάτωνος
1407 2819 1634 2889 γροὶφειν
1687 2820 1873 2885 λόγους
1917 2821 2062 2883 τινας

82 2908 508 2973 συγκαταπλέκω
543 2915 649 2970 τοῖς
688 2909 912 2971 ἐπαίνοις
953 2910 1151 2977 νόμους.
1231 2910 1449 2982 Corrige
1489 2908 1685 2977 ψόγους
1720 2909 1864 2970 τινας
1904 2910 2065 2975 ἐγκα-

81 2995 330 3051 norum
365 3002 418 3051 et
456 2996 637 3062 νόμους
677 3013 940 3068 expunge.

158 3083 326 3155 Saepe
362 3084 417 3138 in
469 3084 714 3140 versibus
761 3086 984 3142 initialis
1039 3085 1218 3143 littera
1258 3087 1457 3142 omissa
1510 3093 1710 3142 temere
1749 3087 2063 3159 suppletur,

82 3171 239 3227 cuius
274 3172 352 3227 rci
389 3172 561 3229 multa
603 3173 846 3247 exempla
883 3175 937 3229 in
974 3181 1192 3247 promtu
1227 3181 1369 3231 sunt.
1451 3175 1510 3230 ln
1554 3174 1726 3230 Rheso
1760 3179 1898 3232 974:

384 3262 531 3316 Βαιὸν
570 3262 623 3317 δὲ
662 3263 838 3324 πένθος
877 3270 970 3326 τῆς
1010 3264 1304 3326 θαλασσίας
1344 3265 1453 3319 θεοῦ
1489 3263 1498 3339 Ι
1531 3264 1646 3318 οἴσω
1670 3305 1684 3327 ,

84 3348 321 3419 speciosa
370 3348 658 3406 admodum
709 3350 1079 3408 Valckenaerii
1119 3352 1428 3408 coniectura
1478 3356 1597 3423 ῥᾷον
1646 3350 1701 3406 δέ
1752 3352 1911 3406 etiam
1962 3351 2060 3408 hoc

84 3444 400 3505 argumento
429 3438 797 3495 confirmatur.
876 3439 1149 3512 Scriptum
1191 3447 1307 3496 erat
1345 3448 1524 3496 AION
1565 3446 1618 3495 et
1661 3450 1697 3494 Β
1737 3446 1937 3495 temere
1971 3441 2058 3495 ad·

82 3521 276 3578 «litum.
357 3524 545 3598 Repeti
585 3529 893 3600 nuperrime
928 3546 1174 3592 versum,
1217 3530 1373 3585 cuius
1413 3528 1594 3585 littera
1632 3527 1880 3591 initialis,
1922 3545 2058 3600 quae

86 3611 343 3681 perierat,
387 3615 619 3669 revocari
666 3618 715 3671 in
763 3617 934 3673 lucem
976 3625 1145 3689 potest
1191 3636 1251 3674 eo
1294 3617 1525 3679 iudicio,
1570 3616 1709 3687 quod
1754 3624 1834 3673 cst
1870 3635 2059 3690 operae
