<?xml version="1.0" encoding="UTF-8"?>
<!DOCTYPE html PUBLIC "-//W3C//DTD XHTML 1.0 Transitional//EN"
    "http://www.w3.org/TR/xhtml1/DTD/xhtml1-transitional.dtd">
<html xmlns="http://www.w3.org/1999/xhtml" xml:lang="en" lang="en">
 <head>
  <title>
</title>
<meta http-equiv="Content-Type" content="text/html;charset=utf-8" />
  <meta name='ocr-system' content='tesseract 3.04.00' />
  <meta name='ocr-capabilities' content='ocr_page ocr_carea ocr_par ocr_line ocrx_word'/>
</head>
<body>
  <div class='ocr_page' id='page_1' title='image "./novaelectionesqu00cobeuoft/novaelectionesqu00cobeuoft_0198.png"; bbox 0 0 2436 4068; ppageno 0'>
   <div class='ocr_carea' id='block_1_1' title="bbox 1353 242 1454 290">
    <p class='ocr_par' dir='ltr' id='par_1_1' title="bbox 1353 242 1454 290">
     <span class='ocr_line' id='line_1_1' title="bbox 1353 242 1454 290; baseline 0.02 -2"><span class='ocrx_word' id='word_1_1' title='bbox 1353 242 1454 290; x_wconf 65' lang='lat'>164</span> 
     </span>
    </p>
   </div>
   <div class='ocr_carea' id='block_1_2' title="bbox 430 380 2436 3700">
    <p class='ocr_par' dir='ltr' id='par_1_2' title="bbox 430 380 2436 3700">
     <span class='ocr_line' id='line_1_2' title="bbox 430 380 2408 457; baseline -0.001 -17"><span class='ocrx_word' id='word_1_2' title='bbox 430 384 560 440; x_wconf 84' lang='lat' dir='ltr'>bant</span> <span class='ocrx_word' id='word_1_3' title='bbox 599 385 778 457; x_wconf 88' lang='lat' dir='ltr'>inepte</span> <span class='ocrx_word' id='word_1_4' title='bbox 817 400 934 445; x_wconf 79' lang='lat' dir='ltr'>eaS‚</span> <span class='ocrx_word' id='word_1_5' title='bbox 979 384 1032 436; x_wconf 90' lang='lat' dir='ltr'>in</span> <span class='ocrx_word' id='word_1_6' title='bbox 1074 382 1268 453; x_wconf 86' lang='lat' dir='ltr'>quibus</span> <span class='ocrx_word' id='word_1_7' title='bbox 1303 403 1334 434; x_wconf 91' lang='grc' dir='ltr'><em>σ</em></span> <span class='ocrx_word' id='word_1_8' title='bbox 1372 399 1473 434; x_wconf 93' lang='lat' dir='ltr'>non</span> <span class='ocrx_word' id='word_1_9' title='bbox 1518 380 1782 435; x_wconf 86' lang='lat' dir='ltr'>elidebant</span> <span class='ocrx_word' id='word_1_10' title='bbox 1833 382 2211 447; x_wconf 77' lang='lat' dir='ltr'>AtlienienseS,</span> <span class='ocrx_word' id='word_1_11' title='bbox 2252 385 2408 440; x_wconf 91' lang='lat' dir='ltr'>cuius</span> 
     </span>
     <span class='ocr_line' id='line_1_3' title="bbox 433 468 2411 543; baseline -0.001 -16"><span class='ocrx_word' id='word_1_12' title='bbox 433 474 552 526; x_wconf 88' lang='lat' dir='ltr'>vitii</span> <span class='ocrx_word' id='word_1_13' title='bbox 601 472 900 543; x_wconf 83' lang='lat' dir='ltr'>exemplum</span> <span class='ocrx_word' id='word_1_14' title='bbox 953 478 1033 524; x_wconf 88' lang='lat' dir='ltr'>est</span> <span class='ocrx_word' id='word_1_15' title='bbox 1085 472 1279 536; x_wconf 68' lang='lat' dir='ltr'><em>0270va</em></span> <span class='ocrx_word' id='word_1_16' title='bbox 1333 486 1427 540; x_wconf 85' lang='lat' dir='ltr'>pro</span> <span class='ocrx_word' id='word_1_17' title='bbox 1476 469 1749 536; x_wconf 71' lang='grc' dir='ltr'><em>ἀγορασειν</em></span> <span class='ocrx_word' id='word_1_18' title='bbox 1788 468 1990 523; x_wconf 91' lang='lat' dir='ltr'>dictum</span> <span class='ocrx_word' id='word_1_19' title='bbox 2034 488 2254 541; x_wconf 89' lang='lat' dir='ltr'>prorsus</span> <span class='ocrx_word' id='word_1_20' title='bbox 2291 472 2411 526; x_wconf 90' lang='lat' dir='ltr'>har-</span> 
     </span>
     <span class='ocr_line' id='line_1_4' title="bbox 430 556 2410 631; baseline -0.001 -15"><span class='ocrx_word' id='word_1_21' title='bbox 430 561 577 616; x_wconf 84' lang='lat' dir='ltr'>bare.</span> <span class='ocrx_word' id='word_1_22' title='bbox 658 558 936 613; x_wconf 89' lang='lat' dir='ltr'>Eiusmodi</span> <span class='ocrx_word' id='word_1_23' title='bbox 971 556 1361 611; x_wconf 81' lang='lat' dir='ltr'><strong>barbarismum</strong></span> <span class='ocrx_word' id='word_1_24' title='bbox 1399 558 1452 610; x_wconf 91' lang='lat' dir='ltr'>in</span> <span class='ocrx_word' id='word_1_25' title='bbox 1487 559 1661 611; x_wconf 80' lang='grc' dir='ltr'><em>δανειῶ</em></span> <span class='ocrx_word' id='word_1_26' title='bbox 1693 574 1787 628; x_wconf 91' lang='lat' dir='ltr'>pro</span> <span class='ocrx_word' id='word_1_27' title='bbox 1808 557 2016 631; x_wconf 82' lang='grc' dir='ltr'><em>δανείσω</em></span> <span class='ocrx_word' id='word_1_28' title='bbox 2041 558 2237 612; x_wconf 85' lang='lat' dir='ltr'>videsis</span> <span class='ocrx_word' id='word_1_29' title='bbox 2269 561 2410 630; x_wconf 88' lang='lat' dir='ltr'>apud</span> 
     </span>
     <span class='ocr_line' id='line_1_5' title="bbox 430 645 2412 715; baseline -0.001 -13"><span class='ocrx_word' id='word_1_30' title='bbox 430 648 679 702; x_wconf 90' lang='lat' dir='ltr'>Photium</span> <span class='ocrx_word' id='word_1_31' title='bbox 725 663 772 699; x_wconf 91' lang='lat' dir='ltr'>v.</span> <span class='ocrx_word' id='word_1_32' title='bbox 815 650 1030 699; x_wconf 83' lang='grc' dir='ltr'><em>Δανειῶ.</em></span> <span class='ocrx_word' id='word_1_33' title='bbox 1110 645 1253 715; x_wconf 83' lang='lat' dir='ltr'>Ergo</span> <span class='ocrx_word' id='word_1_34' title='bbox 1286 645 1648 700; x_wconf 89' lang='lat' dir='ltr'>certissimum</span> <span class='ocrx_word' id='word_1_35' title='bbox 1690 651 1904 700; x_wconf 88' lang='lat' dir='ltr'>estnon</span> <span class='ocrx_word' id='word_1_36' title='bbox 1947 646 2286 713; x_wconf 68' lang='grc' dir='ltr'><em>ἀγοράσαι</em></span> <span class='ocrx_word' id='word_1_37' title='bbox 2326 649 2412 701; x_wconf 85' lang='grc' dir='ltr'>λε’-</span> 
     </span>
     <span class='ocr_line' id='line_1_6' title="bbox 433 732 2410 805; baseline -0.001 -15"><span class='ocrx_word' id='word_1_38' title='bbox 433 756 581 802; x_wconf 72' lang='grc' dir='ltr'><em>γουσι</em></span> <span class='ocrx_word' id='word_1_39' title='bbox 637 733 728 788; x_wconf 91' lang='lat' dir='ltr'>sed</span> <span class='ocrx_word' id='word_1_40' title='bbox 787 732 1143 800; x_wconf 73' lang='grc' dir='ltr'><em>ἀγοράσειν</em></span> <span class='ocrx_word' id='word_1_41' title='bbox 1198 733 1409 798; x_wconf 71' lang='grc' dir='ltr'><em>λέγουσι</em></span> <span class='ocrx_word' id='word_1_42' title='bbox 1470 735 1729 805; x_wconf 87' lang='lat' dir='ltr'>scriptum</span> <span class='ocrx_word' id='word_1_43' title='bbox 1789 749 1818 786; x_wconf 87' lang='lat' dir='ltr'>a</span> <span class='ocrx_word' id='word_1_44' title='bbox 1873 736 2225 803; x_wconf 80' lang='lat' dir='ltr'>grammatico</span> <span class='ocrx_word' id='word_1_45' title='bbox 2284 735 2410 789; x_wconf 89' lang='lat' dir='ltr'>olim</span> 
     </span>
     <span class='ocr_line' id='line_1_7' title="bbox 433 819 2410 892; baseline 0 -15"><span class='ocrx_word' id='word_1_46' title='bbox 433 823 614 877; x_wconf 82' lang='lat' dir='ltr'>fuisse.</span> <span class='ocrx_word' id='word_1_47' title='bbox 693 820 836 875; x_wconf 86' lang='lat' dir='ltr'>Nihil</span> <span class='ocrx_word' id='word_1_48' title='bbox 871 828 952 875; x_wconf 90' lang='lat' dir='ltr'>est</span> <span class='ocrx_word' id='word_1_49' title='bbox 988 822 1042 874; x_wconf 90' lang='lat' dir='ltr'>in</span> <span class='ocrx_word' id='word_1_50' title='bbox 1088 820 1240 874; x_wconf 90' lang='lat' dir='ltr'>libris</span> <span class='ocrx_word' id='word_1_51' title='bbox 1279 823 1461 875; x_wconf 81' lang='lat' dir='ltr'><strong>tritius</strong></span> <span class='ocrx_word' id='word_1_52' title='bbox 1500 838 1657 892; x_wconf 87' lang='lat' dir='ltr'>quam</span> <span class='ocrx_word' id='word_1_53' title='bbox 1700 827 1759 874; x_wconf 92' lang='lat' dir='ltr'>ut</span> <span class='ocrx_word' id='word_1_54' title='bbox 1799 819 1998 875; x_wconf 90' lang='lat' dir='ltr'>futuris</span> <span class='ocrx_word' id='word_1_55' title='bbox 2039 822 2291 876; x_wconf 86' lang='lat' dir='ltr'>infinitivi</span> <span class='ocrx_word' id='word_1_56' title='bbox 2326 839 2410 877; x_wconf 90' lang='lat' dir='ltr'>ao-</span> 
     </span>
     <span class='ocr_line' id='line_1_8' title="bbox 432 894 2413 980; baseline 0 -16"><span class='ocrx_word' id='word_1_57' title='bbox 432 912 554 964; x_wconf 87' lang='lat' dir='ltr'>risti</span> <span class='ocrx_word' id='word_1_58' title='bbox 599 909 999 963; x_wconf 80' lang='lat' dir='ltr'>substituantur</span> <span class='ocrx_word' id='word_1_59' title='bbox 1047 926 1372 980; x_wconf 87' lang='lat' dir='ltr'>quamquam</span> <span class='ocrx_word' id='word_1_60' title='bbox 1421 909 1659 980; x_wconf 83' lang='lat' dir='ltr'>plerique</span> <span class='ocrx_word' id='word_1_61' title='bbox 1706 925 1890 962; x_wconf 90' lang='lat' dir='ltr'>omnes</span> <span class='ocrx_word' id='word_1_62' title='bbox 1938 908 2186 968; x_wconf 90' lang='lat' dir='ltr'>Editores</span> <span class='ocrx_word' id='word_1_63' title='bbox 2235 894 2413 964; x_wconf 83' lang='lat' dir='ltr'>nescio</span> 
     </span>
     <span class='ocr_line' id='line_1_9' title="bbox 436 995 2415 1068; baseline 0.001 -18"><span class='ocrx_word' id='word_1_64' title='bbox 436 996 700 1068; x_wconf 87' lang='lat' dir='ltr'>quomodo</span> <span class='ocrx_word' id='word_1_65' title='bbox 745 996 979 1050; x_wconf 90' lang='lat' dir='ltr'>librariis</span> <span class='ocrx_word' id='word_1_66' title='bbox 1023 995 1232 1050; x_wconf 89' lang='lat' dir='ltr'>malunt</span> <span class='ocrx_word' id='word_1_67' title='bbox 1289 997 1506 1050; x_wconf 89' lang='lat' dir='ltr'>credere</span> <span class='ocrx_word' id='word_1_68' title='bbox 1545 1013 1704 1067; x_wconf 88' lang='lat' dir='ltr'>quam</span> <span class='ocrx_word' id='word_1_69' title='bbox 1745 996 1945 1050; x_wconf 86' lang='lat' dir='ltr'>iudicio</span> <span class='ocrx_word' id='word_1_70' title='bbox 1978 998 2087 1061; x_wconf 81' lang='lat' dir='ltr'>uti,</span> <span class='ocrx_word' id='word_1_71' title='bbox 2128 998 2270 1052; x_wconf 90' lang='lat' dir='ltr'>unde</span> <span class='ocrx_word' id='word_1_72' title='bbox 2308 998 2415 1052; x_wconf 86' lang='lat' dir='ltr'>fac-</span> 
     </span>
     <span class='ocr_line' id='line_1_10' title="bbox 433 1084 2413 1155; baseline -0.001 -15"><span class='ocrx_word' id='word_1_73' title='bbox 433 1093 552 1140; x_wconf 80' lang='lat' dir='ltr'>tum</span> <span class='ocrx_word' id='word_1_74' title='bbox 595 1091 675 1139; x_wconf 86' lang='lat' dir='ltr'>est</span> <span class='ocrx_word' id='word_1_75' title='bbox 712 1091 773 1137; x_wconf 89' lang='lat' dir='ltr'>ut</span> <span class='ocrx_word' id='word_1_76' title='bbox 814 1100 1104 1155; x_wconf 84' lang='lat' dir='ltr'>permagna</span> <span class='ocrx_word' id='word_1_77' title='bbox 1157 1100 1399 1138; x_wconf 89' lang='lat' dir='ltr'>errorum</span> <span class='ocrx_word' id='word_1_78' title='bbox 1443 1084 1497 1137; x_wconf 90' lang='lat' dir='ltr'>id</span> <span class='ocrx_word' id='word_1_79' title='bbox 1538 1101 1707 1155; x_wconf 81' lang='lat' dir='ltr'>genus</span> <span class='ocrx_word' id='word_1_80' title='bbox 1758 1085 1910 1154; x_wconf 89' lang='lat' dir='ltr'>copia</span> <span class='ocrx_word' id='word_1_81' title='bbox 1959 1101 2054 1154; x_wconf 89' lang='lat' dir='ltr'>per</span> <span class='ocrx_word' id='word_1_82' title='bbox 2098 1087 2413 1139; x_wconf 86' lang='lat' dir='ltr'>novissimas</span> 
     </span>
     <span class='ocr_line' id='line_1_11' title="bbox 434 1172 2413 1244; baseline -0.001 -15"><span class='ocrx_word' id='word_1_83' title='bbox 434 1173 694 1229; x_wconf 82' lang='lat' dir='ltr'>editiones</span> <span class='ocrx_word' id='word_1_84' title='bbox 732 1173 803 1226; x_wconf 92' lang='lat' dir='ltr'>sit</span> <span class='ocrx_word' id='word_1_85' title='bbox 842 1178 1131 1244; x_wconf 82' lang='lat' dir='ltr'>propagata</span> <span class='ocrx_word' id='word_1_86' title='bbox 1172 1180 1373 1225; x_wconf 88' lang='lat' dir='ltr'>temere</span> <span class='ocrx_word' id='word_1_87' title='bbox 1408 1173 1620 1226; x_wconf 88' lang='lat' dir='ltr'>reiectis</span> <span class='ocrx_word' id='word_1_88' title='bbox 1654 1172 1853 1243; x_wconf 89' lang='lat' dir='ltr'>passim</span> <span class='ocrx_word' id='word_1_89' title='bbox 1888 1173 2200 1226; x_wconf 79' lang='lat' dir='ltr'>criticorum</span> <span class='ocrx_word' id='word_1_90' title='bbox 2237 1189 2413 1227; x_wconf 90' lang='lat' dir='ltr'>emen-</span> 
     </span>
     <span class='ocr_line' id='line_1_12' title="bbox 435 1257 2415 1331; baseline -0.001 -16"><span class='ocrx_word' id='word_1_91' title='bbox 435 1260 741 1316; x_wconf 81' lang='lat' dir='ltr'>dationibus</span> <span class='ocrx_word' id='word_1_92' title='bbox 776 1259 947 1313; x_wconf 87' lang='lat' dir='ltr'>futuri</span> <span class='ocrx_word' id='word_1_93' title='bbox 990 1260 1242 1330; x_wconf 88' lang='lat' dir='ltr'>temporis</span> <span class='ocrx_word' id='word_1_94' title='bbox 1277 1257 1475 1313; x_wconf 90' lang='lat' dir='ltr'>formas</span> <span class='ocrx_word' id='word_1_95' title='bbox 1505 1261 1904 1331; x_wconf 88' lang='lat' dir='ltr'>reponentium,</span> <span class='ocrx_word' id='word_1_96' title='bbox 1946 1261 2103 1314; x_wconf 90' lang='lat' dir='ltr'>cuius</span> <span class='ocrx_word' id='word_1_97' title='bbox 2135 1261 2213 1314; x_wconf 88' lang='lat' dir='ltr'>rei</span> <span class='ocrx_word' id='word_1_98' title='bbox 2245 1260 2415 1315; x_wconf 89' lang='lat' dir='ltr'>multa</span> 
     </span>
     <span class='ocr_line' id='line_1_13' title="bbox 434 1346 2415 1420; baseline -0.001 -16"><span class='ocrx_word' id='word_1_99' title='bbox 434 1348 676 1420; x_wconf 85' lang='lat' dir='ltr'>exempla</span> <span class='ocrx_word' id='word_1_100' title='bbox 705 1347 844 1419; x_wconf 90' lang='lat' dir='ltr'>apud</span> <span class='ocrx_word' id='word_1_101' title='bbox 874 1346 1073 1400; x_wconf 88' lang='lat' dir='ltr'>multos</span> <span class='ocrx_word' id='word_1_102' title='bbox 1105 1347 1211 1400; x_wconf 90' lang='lat' dir='ltr'>iam</span> <span class='ocrx_word' id='word_1_103' title='bbox 1246 1346 1370 1400; x_wconf 89' lang='lat' dir='ltr'>alibi</span> <span class='ocrx_word' id='word_1_104' title='bbox 1406 1347 1753 1418; x_wconf 83' lang='lat' dir='ltr'>protulimuS,</span> <span class='ocrx_word' id='word_1_105' title='bbox 1794 1348 1950 1419; x_wconf 86' lang='lat' dir='ltr'>plura</span> <span class='ocrx_word' id='word_1_106' title='bbox 1980 1348 2141 1401; x_wconf 89' lang='lat' dir='ltr'>etiam</span> <span class='ocrx_word' id='word_1_107' title='bbox 2177 1347 2415 1419; x_wconf 88' lang='lat' dir='ltr'>aliquan-</span> 
     </span>
     <span class='ocr_line' id='line_1_14' title="bbox 436 1433 2414 1508; baseline 0 -17"><span class='ocrx_word' id='word_1_108' title='bbox 436 1437 502 1491; x_wconf 93' lang='lat' dir='ltr'>do</span> <span class='ocrx_word' id='word_1_109' title='bbox 542 1434 902 1508; x_wconf 83' lang='lat' dir='ltr'>proferemus,</span> <span class='ocrx_word' id='word_1_110' title='bbox 943 1433 1033 1486; x_wconf 89' lang='lat' dir='ltr'>ubi</span> <span class='ocrx_word' id='word_1_111' title='bbox 1076 1433 1142 1487; x_wconf 91' lang='lat' dir='ltr'>ad</span> <span class='ocrx_word' id='word_1_112' title='bbox 1192 1433 1486 1488; x_wconf 87' lang='lat' dir='ltr'>Historicos</span> <span class='ocrx_word' id='word_1_113' title='bbox 1525 1442 1578 1489; x_wconf 89' lang='lat' dir='ltr'>et</span> <span class='ocrx_word' id='word_1_114' title='bbox 1617 1435 1869 1490; x_wconf 84' lang='lat' dir='ltr'>Oratores</span> <span class='ocrx_word' id='word_1_115' title='bbox 1919 1435 2278 1490; x_wconf 91' lang='lat' dir='ltr'>emendandos</span> <span class='ocrx_word' id='word_1_116' title='bbox 2332 1453 2414 1491; x_wconf 88' lang='lat' dir='ltr'>ac-</span> 
     </span>
     <span class='ocr_line' id='line_1_15' title="bbox 437 1521 2416 1596; baseline -0.001 -17"><span class='ocrx_word' id='word_1_117' title='bbox 437 1524 626 1579; x_wconf 84' lang='lat' dir='ltr'>cedere</span> <span class='ocrx_word' id='word_1_118' title='bbox 665 1522 902 1577; x_wconf 85' lang='lat' dir='ltr'>dabitur.</span> <span class='ocrx_word' id='word_1_119' title='bbox 982 1521 1135 1575; x_wconf 87' lang='lat' dir='ltr'>Nunc</span> <span class='ocrx_word' id='word_1_120' title='bbox 1188 1521 1417 1592; x_wconf 90' lang='lat' dir='ltr'>paucula</span> <span class='ocrx_word' id='word_1_121' title='bbox 1468 1530 1680 1576; x_wconf 83' lang='lat' dir='ltr'>tantum</span> <span class='ocrx_word' id='word_1_122' title='bbox 1734 1540 1763 1577; x_wconf 87' lang='lat' dir='ltr'>e</span> <span class='ocrx_word' id='word_1_123' title='bbox 1813 1524 1974 1596; x_wconf 80' lang='lat' dir='ltr'>Lysia</span> <span class='ocrx_word' id='word_1_124' title='bbox 2027 1523 2416 1589; x_wconf 79' lang='lat' dir='ltr'>indicabinmS,</span> 
     </span>
     <span class='ocr_line' id='line_1_16' title="bbox 436 1608 2414 1684; baseline 0.001 -18"><span class='ocrx_word' id='word_1_125' title='bbox 436 1629 574 1684; x_wconf 88' lang='lat' dir='ltr'>quae</span> <span class='ocrx_word' id='word_1_126' title='bbox 634 1612 690 1664; x_wconf 90' lang='lat' dir='ltr'>in</span> <span class='ocrx_word' id='word_1_127' title='bbox 747 1608 1199 1664; x_wconf 81' lang='lat' dir='ltr'>emendatissimis</span> <span class='ocrx_word' id='word_1_128' title='bbox 1258 1609 1581 1664; x_wconf 88' lang='lat' dir='ltr'>editionibus</span> <span class='ocrx_word' id='word_1_129' title='bbox 1639 1610 1862 1681; x_wconf 89' lang='lat' dir='ltr'>probata</span> <span class='ocrx_word' id='word_1_130' title='bbox 1927 1610 2414 1667; x_wconf 80' lang='lat' dir='ltr'>circumferuntur:</span> 
     </span>
     <span class='ocr_line' id='line_1_17' title="bbox 437 1695 2415 1771; baseline -0.001 -16"><span class='ocrx_word' id='word_1_131' title='bbox 437 1701 552 1755; x_wconf 92' lang='lat' dir='ltr'>XII.</span> <span class='ocrx_word' id='word_1_132' title='bbox 594 1703 623 1771; x_wconf 54' lang='grc' dir='ltr'><strong>ξ</strong></span> <span class='ocrx_word' id='word_1_133' title='bbox 659 1702 727 1752; x_wconf 84' lang='grc'>19</span> <span class='ocrx_word' id='word_1_134' title='bbox 771 1697 980 1764; x_wconf 76' lang='grc' dir='ltr'><em>ἔχοντες</em></span> <span class='ocrx_word' id='word_1_135' title='bbox 1016 1728 1091 1739; x_wconf 78' lang='lat'>-·</span> <span class='ocrx_word' id='word_1_136' title='bbox 1126 1695 1223 1751; x_wconf 74' lang='grc' dir='ltr'><em>ὅσα</em></span> <span class='ocrx_word' id='word_1_137' title='bbox 1263 1698 1583 1752; x_wconf 81' lang='grc' dir='ltr'><em>οὐδεπώποτε</em></span> <span class='ocrx_word' id='word_1_138' title='bbox 1624 1698 1771 1766; x_wconf 78' lang='grc' dir='ltr'><em>ᾤοντο</em></span> <span class='ocrx_word' id='word_1_139' title='bbox 1825 1700 2215 1761; x_wconf 80' lang='grc' dir='ltr'><em>κτήσασθαι.</em></span> <span class='ocrx_word' id='word_1_140' title='bbox 2271 1700 2415 1755; x_wconf 83' lang='lat' dir='ltr'><strong>XIII.</strong></span> 
     </span>
     <span class='ocr_line' id='line_1_18' title="bbox 437 1783 2415 1860; baseline -0.001 -17"><span class='ocrx_word' id='word_1_141' title='bbox 437 1793 467 1860; x_wconf 80' lang='lat'>§</span> <span class='ocrx_word' id='word_1_142' title='bbox 499 1793 532 1843; x_wconf 88' lang='lat'>6</span> <span class='ocrx_word' id='word_1_143' title='bbox 569 1787 854 1855; x_wconf 81' lang='grc' dir='ltr'><em>νομίζοντες</em></span> <span class='ocrx_word' id='word_1_144' title='bbox 882 1786 955 1839; x_wconf 77' lang='grc' dir='ltr'><em>τα</em></span> <span class='ocrx_word' id='word_1_145' title='bbox 988 1783 1290 1853; x_wconf 70' lang='grc' dir='ltr'><em>πράγματα</em></span> <span class='ocrx_word' id='word_1_146' title='bbox 1319 1788 1383 1846; x_wconf 76' lang='grc' dir='ltr'>ὥς</span> <span class='ocrx_word' id='word_1_147' title='bbox 1419 1786 1567 1840; x_wconf 77' lang='grc' dir='ltr'><em>αὐτοὶ</em></span> <span class='ocrx_word' id='word_1_148' title='bbox 1603 1788 1878 1853; x_wconf 72' lang='grc' dir='ltr'><em>ἠβούλοντο</em></span> <span class='ocrx_word' id='word_1_149' title='bbox 1917 1808 1995 1841; x_wconf 88' lang='grc' dir='ltr'><em>κα</em></span> <span class='ocrx_word' id='word_1_150' title='bbox 2009 1788 2415 1850; x_wconf 77' lang='grc' dir='ltr'><em>ταςησασθαι</em></span> 
     </span>
     <span class='ocr_line' id='line_1_19' title="bbox 439 1873 2418 1950; baseline -0.002 -18"><span class='ocrx_word' id='word_1_151' title='bbox 439 1884 493 1932; x_wconf 84' lang='lat' dir='ltr'>et</span> <span class='ocrx_word' id='word_1_152' title='bbox 533 1882 562 1950; x_wconf 58' lang='grc' dir='ltr'>ξ</span> <span class='ocrx_word' id='word_1_153' title='bbox 607 1881 673 1931; x_wconf 75' lang='lat'>15</span> <span class='ocrx_word' id='word_1_154' title='bbox 728 1878 816 1930; x_wconf 79' lang='grc' dir='ltr'>οὐκ</span> <span class='ocrx_word' id='word_1_155' title='bbox 869 1873 1079 1943; x_wconf 77' lang='grc' dir='ltr'><em>ἔφασαν</em></span> <span class='ocrx_word' id='word_1_156' title='bbox 1125 1874 1495 1942; x_wconf 71' lang='grc' dir='ltr'><em>ἐπιτρέψαι</em></span> <span class='ocrx_word' id='word_1_157' title='bbox 1545 1880 1720 1929; x_wconf 77' lang='grc' dir='ltr'><em>ταῦτα</em></span> <span class='ocrx_word' id='word_1_158' title='bbox 1771 1875 2010 1940; x_wconf 70' lang='grc' dir='ltr'><em>γενέσθαι</em></span> <span class='ocrx_word' id='word_1_159' title='bbox 2051 1882 2103 1929; x_wconf 80' lang='lat' dir='ltr'>ct</span> <span class='ocrx_word' id='word_1_160' title='bbox 2141 1881 2169 1946; x_wconf 84' lang='lat'>§</span> <span class='ocrx_word' id='word_1_161' title='bbox 2210 1879 2278 1929; x_wconf 88' lang='lat'>47</span> <span class='ocrx_word' id='word_1_162' title='bbox 2328 1878 2418 1930; x_wconf 80' lang='grc' dir='ltr'>οὐκ</span> 
     </span>
     <span class='ocr_line' id='line_1_20' title="bbox 440 1962 2414 2035; baseline -0.001 -15"><span class='ocrx_word' id='word_1_163' title='bbox 440 1965 649 2034; x_wconf 77' lang='grc' dir='ltr'><em>ἔφασαν</em></span> <span class='ocrx_word' id='word_1_164' title='bbox 701 1963 1073 2030; x_wconf 71' lang='grc' dir='ltr'><em>ἐπιτρέψαι</em></span> <span class='ocrx_word' id='word_1_165' title='bbox 1123 1963 1215 2023; x_wconf 78' lang='grc' dir='ltr'>την</span> <span class='ocrx_word' id='word_1_166' title='bbox 1261 1963 1452 2029; x_wconf 75' lang='grc' dir='ltr'><em>εἰρήνην</em></span> <span class='ocrx_word' id='word_1_167' title='bbox 1501 1963 1825 2025; x_wconf 75' lang='grc' dir='ltr'><em>ποιήσασθαι.</em></span> <span class='ocrx_word' id='word_1_168' title='bbox 1904 1962 2103 2035; x_wconf 84' lang='lat' dir='ltr'>Nempe</span> <span class='ocrx_word' id='word_1_169' title='bbox 2139 1963 2414 2018; x_wconf 83' lang='lat' dir='ltr'>dicebant:</span> 
     </span>
     <span class='ocr_line' id='line_1_21' title="bbox 436 2049 2414 2123; baseline -0.002 -15"><span class='ocrx_word' id='word_1_170' title='bbox 436 2056 526 2108; x_wconf 82' lang='grc' dir='ltr'>οὐκ</span> <span class='ocrx_word' id='word_1_171' title='bbox 561 2051 903 2119; x_wconf 79' lang='grc' dir='ltr'><em>ἐπιτρέψομεν</em></span> <span class='ocrx_word' id='word_1_172' title='bbox 931 2054 1107 2104; x_wconf 79' lang='grc' dir='ltr'><em>ταῦτα</em></span> <span class='ocrx_word' id='word_1_173' title='bbox 1140 2049 1405 2115; x_wconf 75' lang='grc' dir='ltr'><em>γενέσθαι,</em></span> <span class='ocrx_word' id='word_1_174' title='bbox 1445 2067 1548 2104; x_wconf 89' lang='lat' dir='ltr'>non</span> <span class='ocrx_word' id='word_1_175' title='bbox 1580 2054 1668 2105; x_wconf 81' lang='grc' dir='ltr'>οὐκ</span> <span class='ocrx_word' id='word_1_176' title='bbox 1690 2051 2080 2119; x_wconf 78' lang='grc' dir='ltr'><em>ἐπετρέψαμεν,</em></span> <span class='ocrx_word' id='word_1_177' title='bbox 2121 2059 2179 2105; x_wconf 86' lang='lat' dir='ltr'>ut</span> <span class='ocrx_word' id='word_1_178' title='bbox 2211 2053 2414 2123; x_wconf 90' lang='lat' dir='ltr'>opinor.</span> 
     </span>
     <span class='ocr_line' id='line_1_22' title="bbox 437 2137 2416 2211; baseline -0.002 -16"><span class='ocrx_word' id='word_1_179' title='bbox 437 2141 625 2211; x_wconf 89' lang='lat' dir='ltr'>Itaque</span> <span class='ocrx_word' id='word_1_180' title='bbox 657 2140 710 2192; x_wconf 91' lang='lat' dir='ltr'>in</span> <span class='ocrx_word' id='word_1_181' title='bbox 747 2138 1009 2193; x_wconf 88' lang='lat' dir='ltr'>indirecta</span> <span class='ocrx_word' id='word_1_182' title='bbox 1043 2139 1282 2192; x_wconf 88' lang='lat' dir='ltr'>oratione</span> <span class='ocrx_word' id='word_1_183' title='bbox 1315 2137 1602 2191; x_wconf 89' lang='lat' dir='ltr'>dicendum</span> <span class='ocrx_word' id='word_1_184' title='bbox 1640 2155 1755 2193; x_wconf 91' lang='lat' dir='ltr'>esse</span> <span class='ocrx_word' id='word_1_185' title='bbox 1793 2146 2040 2210; x_wconf 88' lang='lat' dir='ltr'>apparet:</span> <span class='ocrx_word' id='word_1_186' title='bbox 2086 2141 2176 2193; x_wconf 81' lang='grc' dir='ltr'>οὐκ</span> <span class='ocrx_word' id='word_1_187' title='bbox 2206 2138 2416 2207; x_wconf 77' lang='grc' dir='ltr'><em>ἔφασαν</em></span> 
     </span>
     <span class='ocr_line' id='line_1_23' title="bbox 437 2224 2416 2296; baseline -0.001 -14"><span class='ocrx_word' id='word_1_188' title='bbox 437 2227 753 2295; x_wconf 82' lang='grc' dir='ltr'><em>ἐπιτρέψειν,</em></span> <span class='ocrx_word' id='word_1_189' title='bbox 794 2224 1244 2296; x_wconf 85' lang='lat' dir='ltr'>quemadmodum</span> <span class='ocrx_word' id='word_1_190' title='bbox 1283 2232 1492 2296; x_wconf 86' lang='lat' dir='ltr'>poterat</span> <span class='ocrx_word' id='word_1_191' title='bbox 1529 2225 1662 2280; x_wconf 91' lang='lat' dir='ltr'>dici:</span> <span class='ocrx_word' id='word_1_192' title='bbox 1717 2227 1926 2294; x_wconf 78' lang='grc' dir='ltr'><em>ἔφασαν</em></span> <span class='ocrx_word' id='word_1_193' title='bbox 1964 2224 2040 2282; x_wconf 71' lang='grc' dir='ltr'>ὅτι</span> <span class='ocrx_word' id='word_1_194' title='bbox 2081 2230 2170 2282; x_wconf 83' lang='grc' dir='ltr'>οὐκ</span> <span class='ocrx_word' id='word_1_195' title='bbox 2219 2227 2416 2294; x_wconf 83' lang='grc' dir='ltr'><em>ἐπιτρέ-</em></span> 
     </span>
     <span class='ocr_line' id='line_1_24' title="bbox 437 2312 2420 2385; baseline -0.001 -14"><span class='ocrx_word' id='word_1_196' title='bbox 437 2324 637 2385; x_wconf 87' lang='grc' dir='ltr'><em>ψουσιν.</em></span> <span class='ocrx_word' id='word_1_197' title='bbox 717 2313 1035 2367; x_wconf 80' lang='lat' dir='ltr'>Rectissime</span> <span class='ocrx_word' id='word_1_198' title='bbox 1071 2312 1272 2366; x_wconf 87' lang='lat' dir='ltr'>dicitur</span> <span class='ocrx_word' id='word_1_199' title='bbox 1311 2314 1589 2367; x_wconf 86' lang='grc' dir='ltr'><em>ἐκέλευσαν</em></span> <span class='ocrx_word' id='word_1_200' title='bbox 1629 2317 1902 2378; x_wconf 85' lang='grc' dir='ltr'><em>ἀπελθεῖν,</em></span> <span class='ocrx_word' id='word_1_201' title='bbox 1943 2315 2114 2378; x_wconf 74' lang='grc' dir='ltr'><em>ἐδεήθη</em></span> <span class='ocrx_word' id='word_1_202' title='bbox 2156 2315 2323 2369; x_wconf 78' lang='grc' dir='ltr'><em>δοῦναι</em></span> <span class='ocrx_word' id='word_1_203' title='bbox 2364 2321 2420 2369; x_wconf 76' lang='lat' dir='ltr'>et</span> 
     </span>
     <span class='ocr_line' id='line_1_25' title="bbox 439 2399 2436 2472; baseline -0.001 -14"><span class='ocrx_word' id='word_1_204' title='bbox 439 2403 638 2459; x_wconf 84' lang='lat' dir='ltr'>similia</span> <span class='ocrx_word' id='word_1_205' title='bbox 673 2402 875 2464; x_wconf 89' lang='lat' dir='ltr'>omnia,</span> <span class='ocrx_word' id='word_1_206' title='bbox 914 2401 1165 2472; x_wconf 87' lang='lat' dir='ltr'>quoniam</span> <span class='ocrx_word' id='word_1_207' title='bbox 1200 2403 1222 2454; x_wconf 82' lang='grc' dir='ltr'>ὁ</span> <span class='ocrx_word' id='word_1_208' title='bbox 1263 2403 1482 2456; x_wconf 83' lang='grc' dir='ltr'><em>κελεύων</em></span> <span class='ocrx_word' id='word_1_209' title='bbox 1524 2402 1723 2456; x_wconf 82' lang='lat' dir='ltr'>Graece</span> <span class='ocrx_word' id='word_1_210' title='bbox 1756 2401 1887 2456; x_wconf 88' lang='lat' dir='ltr'>dicit</span> <span class='ocrx_word' id='word_1_211' title='bbox 1933 2399 2130 2455; x_wconf 73' lang='grc' dir='ltr'><em>ἄπελθε</em></span> <span class='ocrx_word' id='word_1_212' title='bbox 2165 2409 2218 2456; x_wconf 88' lang='lat' dir='ltr'>et</span> <span class='ocrx_word' id='word_1_213' title='bbox 2258 2404 2280 2455; x_wconf 83' lang='grc' dir='ltr'><em>ὂ</em></span> <span class='ocrx_word' id='word_1_214' title='bbox 2315 2402 2436 2457; x_wconf 65' lang='lat'><em>386--</em></span> 
     </span>
     <span class='ocr_line' id='line_1_26' title="bbox 438 2488 2417 2558; baseline -0.001 -13"><span class='ocrx_word' id='word_1_215' title='bbox 438 2512 586 2558; x_wconf 84' lang='grc' dir='ltr'><em>μενος</em></span> <span class='ocrx_word' id='word_1_216' title='bbox 626 2489 758 2544; x_wconf 85' lang='lat' dir='ltr'>solet</span> <span class='ocrx_word' id='word_1_217' title='bbox 791 2490 871 2550; x_wconf 81' lang='grc' dir='ltr'>δός</span> <span class='ocrx_word' id='word_1_218' title='bbox 914 2509 1030 2554; x_wconf 81' lang='grc' dir='ltr'><em>μοι,</em></span> <span class='ocrx_word' id='word_1_219' title='bbox 1075 2488 1296 2557; x_wconf 80' lang='grc' dir='ltr'><em>χάρισαί</em></span> <span class='ocrx_word' id='word_1_220' title='bbox 1341 2509 1454 2554; x_wconf 83' lang='grc' dir='ltr'><em>μοι,</em></span> <span class='ocrx_word' id='word_1_221' title='bbox 1507 2489 1769 2555; x_wconf 72' lang='grc' dir='ltr'><em>σύγγνωθί</em></span> <span class='ocrx_word' id='word_1_222' title='bbox 1813 2511 1897 2555; x_wconf 84' lang='grc' dir='ltr'>μοι</span> <span class='ocrx_word' id='word_1_223' title='bbox 1944 2489 2142 2544; x_wconf 85' lang='lat' dir='ltr'>dicere.</span> <span class='ocrx_word' id='word_1_224' title='bbox 2223 2489 2417 2544; x_wconf 84' lang='lat' dir='ltr'>Contra</span> 
     </span>
     <span class='ocr_line' id='line_1_27' title="bbox 440 2577 2414 2645; baseline -0.001 -12"><span class='ocrx_word' id='word_1_225' title='bbox 440 2583 463 2635; x_wconf 84' lang='grc' dir='ltr'><em>ὂ</em></span> <span class='ocrx_word' id='word_1_226' title='bbox 500 2579 654 2645; x_wconf 81' lang='grc' dir='ltr'><em>ὅμνύς</em></span> <span class='ocrx_word' id='word_1_227' title='bbox 684 2577 893 2631; x_wconf 85' lang='lat' dir='ltr'>dicebat</span> <span class='ocrx_word' id='word_1_228' title='bbox 929 2578 1132 2642; x_wconf 79' lang='grc' dir='ltr'><em>ἐμμενῶ</em></span> <span class='ocrx_word' id='word_1_229' title='bbox 1167 2577 1361 2637; x_wconf 81' lang='grc' dir='ltr'><em>τούτοις</em></span> <span class='ocrx_word' id='word_1_230' title='bbox 1404 2594 1504 2630; x_wconf 90' lang='lat' dir='ltr'>non</span> <span class='ocrx_word' id='word_1_231' title='bbox 1543 2578 1772 2643; x_wconf 79' lang='grc' dir='ltr'><em>ἐμμένω,</em></span> <span class='ocrx_word' id='word_1_232' title='bbox 1813 2579 1836 2632; x_wconf 80' lang='lat' dir='ltr'>o‘</span> <span class='ocrx_word' id='word_1_233' title='bbox 1872 2577 2276 2644; x_wconf 78' lang='grc' dir='ltr'><em>ὑπισχνούμενος</em></span> <span class='ocrx_word' id='word_1_234' title='bbox 2312 2595 2414 2632; x_wconf 90' lang='lat' dir='ltr'>non</span> 
     </span>
     <span class='ocr_line' id='line_1_28' title="bbox 439 2663 2431 2741; baseline -0.002 -18"><span class='ocrx_word' id='word_1_235' title='bbox 439 2669 615 2733; x_wconf 80' lang='grc' dir='ltr'><em>δίδωμι</em></span> <span class='ocrx_word' id='word_1_236' title='bbox 666 2665 799 2719; x_wconf 88' lang='lat' dir='ltr'>dicit</span> <span class='ocrx_word' id='word_1_237' title='bbox 851 2663 944 2718; x_wconf 88' lang='lat' dir='ltr'>sed</span> <span class='ocrx_word' id='word_1_238' title='bbox 995 2666 1164 2728; x_wconf 75' lang='grc' dir='ltr'><em>δώσω,</em></span> <span class='ocrx_word' id='word_1_239' title='bbox 1215 2665 1356 2720; x_wconf 88' lang='lat' dir='ltr'>unde</span> <span class='ocrx_word' id='word_1_240' title='bbox 1406 2666 1706 2736; x_wconf 87' lang='lat' dir='ltr'>Antigonus</span> <span class='ocrx_word' id='word_1_241' title='bbox 1744 2669 1768 2720; x_wconf 83' lang='grc' dir='ltr'>ὁ</span> <span class='ocrx_word' id='word_1_242' title='bbox 1808 2667 2112 2734; x_wconf 80' lang='grc' dir='ltr'><em>Ἐπίτροπος</em></span> <span class='ocrx_word' id='word_1_243' title='bbox 2160 2683 2191 2719; x_wconf 88' lang='lat' dir='ltr'>a</span> <span class='ocrx_word' id='word_1_244' title='bbox 2226 2666 2431 2741; x_wconf 51' lang='lat' dir='ltr'>populoj</span> 
     </span>
     <span class='ocr_line' id='line_1_29' title="bbox 439 2752 2436 2829; baseline -0.001 -19"><span class='ocrx_word' id='word_1_245' title='bbox 439 2772 537 2829; x_wconf 87' lang='lat' dir='ltr'>per</span> <span class='ocrx_word' id='word_1_246' title='bbox 572 2756 747 2808; x_wconf 92' lang='lat' dir='ltr'>iocum</span> <span class='ocrx_word' id='word_1_247' title='bbox 784 2754 806 2807; x_wconf 83' lang='grc' dir='ltr'><strong><em>ὅ</em></strong></span> <span class='ocrx_word' id='word_1_248' title='bbox 842 2752 1007 2806; x_wconf 86' lang='grc' dir='ltr'><em>δώσων</em></span> <span class='ocrx_word' id='word_1_249' title='bbox 1044 2752 1424 2823; x_wconf 84' lang='lat' dir='ltr'>appellabatur.</span> <span class='ocrx_word' id='word_1_250' title='bbox 1505 2753 1834 2808; x_wconf 88' lang='lat' dir='ltr'>Conturbant</span> <span class='ocrx_word' id='word_1_251' title='bbox 1871 2753 2002 2808; x_wconf 90' lang='lat' dir='ltr'>haec</span> <span class='ocrx_word' id='word_1_252' title='bbox 2040 2754 2219 2808; x_wconf 90' lang='lat' dir='ltr'>omnia</span> <span class='ocrx_word' id='word_1_253' title='bbox 2259 2754 2436 2821; x_wconf 11' lang='lat' dir='ltr'>Grae-‚7</span> 
     </span>
     <span class='ocr_line' id='line_1_30' title="bbox 441 2840 2436 2912; baseline -0.001 -14"><span class='ocrx_word' id='word_1_254' title='bbox 441 2843 582 2905; x_wconf 88' lang='lat' dir='ltr'>culi,</span> <span class='ocrx_word' id='word_1_255' title='bbox 623 2841 714 2896; x_wconf 90' lang='lat' dir='ltr'>sed</span> <span class='ocrx_word' id='word_1_256' title='bbox 754 2840 883 2912; x_wconf 90' lang='lat' dir='ltr'>quid</span> <span class='ocrx_word' id='word_1_257' title='bbox 923 2841 978 2893; x_wconf 90' lang='lat' dir='ltr'>in</span> <span class='ocrx_word' id='word_1_258' title='bbox 1019 2857 1077 2894; x_wconf 94' lang='lat' dir='ltr'>re</span> <span class='ocrx_word' id='word_1_259' title='bbox 1117 2848 1262 2895; x_wconf 89' lang='lat' dir='ltr'>certa</span> <span class='ocrx_word' id='word_1_260' title='bbox 1303 2841 1684 2896; x_wconf 87' lang='lat' dir='ltr'>Graeculorum</span> <span class='ocrx_word' id='word_1_261' title='bbox 1739 2859 1947 2897; x_wconf 91' lang='lat' dir='ltr'>errores</span> <span class='ocrx_word' id='word_1_262' title='bbox 1986 2841 2292 2896; x_wconf 80' lang='lat' dir='ltr'>moramur?</span> <span class='ocrx_word' id='word_1_263' title='bbox 2353 2841 2436 2908; x_wconf 71' lang='lat' dir='ltr'>lm·</span> 
     </span>
     <span class='ocr_line' id='line_1_31' title="bbox 441 2924 2431 3003; baseline -0.001 -17"><span class='ocrx_word' id='word_1_264' title='bbox 441 2931 681 2986; x_wconf 85' lang='lat' dir='ltr'>oratione</span> <span class='ocrx_word' id='word_1_265' title='bbox 720 2928 960 2993; x_wconf 91' lang='lat' dir='ltr'>funebri,</span> <span class='ocrx_word' id='word_1_266' title='bbox 1001 2945 1137 2999; x_wconf 87' lang='lat' dir='ltr'>quae</span> <span class='ocrx_word' id='word_1_267' title='bbox 1169 2929 1225 2982; x_wconf 91' lang='lat' dir='ltr'>in</span> <span class='ocrx_word' id='word_1_268' title='bbox 1260 2930 1511 3003; x_wconf 81' lang='lat' dir='ltr'>Lysiacas</span> <span class='ocrx_word' id='word_1_269' title='bbox 1547 2930 1788 3001; x_wconf 86' lang='lat' dir='ltr'>irrepsit,</span> <span class='ocrx_word' id='word_1_270' title='bbox 1830 2933 1859 3002; x_wconf 53' lang='grc' dir='ltr'>ᾗ</span> <span class='ocrx_word' id='word_1_271' title='bbox 1892 2933 1957 2984; x_wconf 74' lang='lat'>21</span> <span class='ocrx_word' id='word_1_272' title='bbox 1993 2930 2219 3002; x_wconf 86' lang='lat' dir='ltr'>legitur:</span> <span class='ocrx_word' id='word_1_273' title='bbox 2257 2931 2281 2984; x_wconf 85' lang='grc' dir='ltr'><em>ὃ</em></span> <span class='ocrx_word' id='word_1_274' title='bbox 2321 2924 2431 2993; x_wconf 50' lang='grc' dir='ltr'>τῆξ</span> 
     </span>
     <span class='ocr_line' id='line_1_32' title="bbox 440 3006 2431 3087; baseline -0.001 -15"><span class='ocrx_word' id='word_1_275' title='bbox 440 3019 626 3078; x_wconf 86' lang='grc' dir='ltr'><em>Ἀσίας</em></span> <span class='ocrx_word' id='word_1_276' title='bbox 666 3018 920 3082; x_wconf 81' lang='grc' dir='ltr'><em>βασιλεὺς</em></span> <span class='ocrx_word' id='word_1_277' title='bbox 959 3019 1048 3072; x_wconf 79' lang='grc' dir='ltr'>οὐκ</span> <span class='ocrx_word' id='word_1_278' title='bbox 1087 3019 1312 3082; x_wconf 72' lang='grc' dir='ltr'><em>ἀγαπῶν</em></span> <span class='ocrx_word' id='word_1_279' title='bbox 1351 3026 1458 3079; x_wconf 81' lang='grc' dir='ltr'><em>τοῖς</em></span> <span class='ocrx_word' id='word_1_280' title='bbox 1494 3018 1812 3087; x_wconf 70' lang='grc' dir='ltr'><em>ὑπάρχουσιν</em></span> <span class='ocrx_word' id='word_1_281' title='bbox 1853 3020 2068 3084; x_wconf 70' lang='grc' dir='ltr'><em>ἀγαθοῖς</em></span> <span class='ocrx_word' id='word_1_282' title='bbox 2105 3021 2230 3073; x_wconf 82' lang='grc' dir='ltr'><em>ἀλλ’</em></span> <span class='ocrx_word' id='word_1_283' title='bbox 2271 3006 2431 3080; x_wconf 56' lang='grc' dir='ltr'><em>ἐλπίιὲ</em></span> 
     </span>
     <span class='ocr_line' id='line_1_33' title="bbox 442 3095 2428 3176; baseline -0.001 -15"><span class='ocrx_word' id='word_1_284' title='bbox 442 3108 538 3176; x_wconf 83' lang='grc' dir='ltr'>ζων</span> <span class='ocrx_word' id='word_1_285' title='bbox 572 3106 658 3160; x_wconf 75' lang='grc' dir='ltr'><em>καὶ</em></span> <span class='ocrx_word' id='word_1_286' title='bbox 698 3107 789 3167; x_wconf 77' lang='grc' dir='ltr'>την</span> <span class='ocrx_word' id='word_1_287' title='bbox 822 3106 1067 3172; x_wconf 83' lang='grc' dir='ltr'><em>Εὐρώπην</em></span> <span class='ocrx_word' id='word_1_288' title='bbox 1104 3107 1565 3160; x_wconf 83' lang='grc' dir='ltr'><em>δουλώσασθαι</em></span> <span class='ocrx_word' id='word_1_289' title='bbox 1606 3106 1773 3164; x_wconf 81' lang='grc' dir='ltr'><em>ἔςειλε</em></span> <span class='ocrx_word' id='word_1_290' title='bbox 1807 3108 2125 3173; x_wconf 80' lang='grc' dir='ltr'><em>πεντήκοντα</em></span> <span class='ocrx_word' id='word_1_291' title='bbox 2160 3095 2428 3174; x_wconf 53' lang='grc' dir='ltr'><em>μυριάδωιξὴ</em></span> 
     </span>
     <span class='ocr_line' id='line_1_34' title="bbox 440 3183 2424 3263; baseline -0.002 -10"><span class='ocrx_word' id='word_1_292' title='bbox 440 3193 675 3263; x_wconf 79' lang='grc' dir='ltr'><em>ςρατιάν.</em></span> <span class='ocrx_word' id='word_1_293' title='bbox 754 3192 868 3246; x_wconf 89' lang='lat' dir='ltr'>Non</span> <span class='ocrx_word' id='word_1_294' title='bbox 908 3192 1006 3247; x_wconf 92' lang='lat' dir='ltr'>hoc</span> <span class='ocrx_word' id='word_1_295' title='bbox 1039 3193 1239 3248; x_wconf 87' lang='lat' dir='ltr'>Xerxes</span> <span class='ocrx_word' id='word_1_296' title='bbox 1269 3194 1326 3247; x_wconf 91' lang='lat' dir='ltr'>in</span> <span class='ocrx_word' id='word_1_297' title='bbox 1361 3194 1603 3248; x_wconf 87' lang='lat' dir='ltr'>animum</span> <span class='ocrx_word' id='word_1_298' title='bbox 1638 3194 1922 3249; x_wconf 88' lang='lat' dir='ltr'>induxerat</span> <span class='ocrx_word' id='word_1_299' title='bbox 1961 3193 2036 3249; x_wconf 75' lang='grc' dir='ltr'>ὅτι</span> <span class='ocrx_word' id='word_1_300' title='bbox 2077 3183 2424 3261; x_wconf 51' lang='grc' dir='ltr'><em>ἐδουλώσατοῖ</em></span> 
     </span>
     <span class='ocr_line' id='line_1_35' title="bbox 442 3281 2421 3353; baseline -0.001 -14"><span class='ocrx_word' id='word_1_301' title='bbox 442 3282 535 3339; x_wconf 87' lang='lat' dir='ltr'>sed</span> <span class='ocrx_word' id='word_1_302' title='bbox 566 3281 641 3338; x_wconf 73' lang='grc' dir='ltr'>ὅτι</span> <span class='ocrx_word' id='word_1_303' title='bbox 681 3281 1016 3345; x_wconf 81' lang='grc' dir='ltr'><em>δουλώσεται,</em></span> <span class='ocrx_word' id='word_1_304' title='bbox 1059 3288 1121 3336; x_wconf 84' lang='lat' dir='ltr'>ut</span> <span class='ocrx_word' id='word_1_305' title='bbox 1159 3281 1294 3335; x_wconf 89' lang='lat' dir='ltr'>nihil</span> <span class='ocrx_word' id='word_1_306' title='bbox 1341 3282 1409 3335; x_wconf 88' lang='lat' dir='ltr'>sit</span> <span class='ocrx_word' id='word_1_307' title='bbox 1463 3283 1664 3336; x_wconf 90' lang='lat' dir='ltr'>certius</span> <span class='ocrx_word' id='word_1_308' title='bbox 1705 3298 1864 3353; x_wconf 87' lang='lat' dir='ltr'>quam</span> <span class='ocrx_word' id='word_1_309' title='bbox 1913 3283 2250 3338; x_wconf 77' lang='grc' dir='ltr'><em>δουλώσεσθαι</em></span> <span class='ocrx_word' id='word_1_310' title='bbox 2302 3297 2421 3344; x_wconf 66' lang='lat' dir='ltr'>esse</span> 
     </span>
     <span class='ocr_line' id='line_1_36' title="bbox 440 3369 2422 3446; baseline -0.001 -20"><span class='ocrx_word' id='word_1_311' title='bbox 440 3369 830 3442; x_wconf 85' lang='lat' dir='ltr'>reponendum.</span> <span class='ocrx_word' id='word_1_312' title='bbox 908 3369 968 3423; x_wconf 92' lang='lat' dir='ltr'>In</span> <span class='ocrx_word' id='word_1_313' title='bbox 1008 3369 1191 3424; x_wconf 90' lang='lat' dir='ltr'>eadem</span> <span class='ocrx_word' id='word_1_314' title='bbox 1232 3370 1470 3424; x_wconf 88' lang='lat' dir='ltr'>oratione</span> <span class='ocrx_word' id='word_1_315' title='bbox 1506 3371 1697 3424; x_wconf 91' lang='lat' dir='ltr'>vitium</span> <span class='ocrx_word' id='word_1_316' title='bbox 1733 3370 1873 3424; x_wconf 90' lang='lat' dir='ltr'>idem</span> <span class='ocrx_word' id='word_1_317' title='bbox 1912 3376 1965 3425; x_wconf 85' lang='lat' dir='ltr'>et</span> <span class='ocrx_word' id='word_1_318' title='bbox 2004 3370 2059 3423; x_wconf 93' lang='lat' dir='ltr'>in</span> <span class='ocrx_word' id='word_1_319' title='bbox 2102 3369 2422 3446; x_wconf 56' lang='lat' dir='ltr'>Aristopha-g‘</span> 
     </span>
     <span class='ocr_line' id='line_1_37' title="bbox 443 3453 2417 3530; baseline 0.001 -18"><span class='ocrx_word' id='word_1_320' title='bbox 443 3460 528 3513; x_wconf 89' lang='lat' dir='ltr'>nis</span> <span class='ocrx_word' id='word_1_321' title='bbox 566 3457 797 3530; x_wconf 89' lang='lat' dir='ltr'>quodam</span> <span class='ocrx_word' id='word_1_322' title='bbox 827 3456 941 3511; x_wconf 91' lang='lat' dir='ltr'>loco</span> <span class='ocrx_word' id='word_1_323' title='bbox 977 3458 1323 3511; x_wconf 88' lang='lat' dir='ltr'>commissum</span> <span class='ocrx_word' id='word_1_324' title='bbox 1370 3457 1462 3512; x_wconf 90' lang='lat' dir='ltr'>ubi</span> <span class='ocrx_word' id='word_1_325' title='bbox 1501 3457 1671 3512; x_wconf 90' lang='lat' dir='ltr'>obiter</span> <span class='ocrx_word' id='word_1_326' title='bbox 1725 3457 2074 3512; x_wconf 88' lang='lat' dir='ltr'>emendavero</span> <span class='ocrx_word' id='word_1_327' title='bbox 2122 3464 2307 3528; x_wconf 88' lang='lat' dir='ltr'>sponte</span> <span class='ocrx_word' id='word_1_328' title='bbox 2347 3453 2417 3514; x_wconf 73' lang='lat' dir='ltr'>ad·</span> 
     </span>
     <span class='ocr_line' id='line_1_38' title="bbox 443 3543 2413 3617; baseline 0.001 -17"><span class='ocrx_word' id='word_1_329' title='bbox 443 3547 642 3600; x_wconf 85' lang='lat' dir='ltr'>Comici</span> <span class='ocrx_word' id='word_1_330' title='bbox 682 3545 980 3617; x_wconf 80' lang='lat' dir='ltr'>fragmenta</span> <span class='ocrx_word' id='word_1_331' title='bbox 1020 3551 1275 3600; x_wconf 87' lang='lat' dir='ltr'>revertar.</span> <span class='ocrx_word' id='word_1_332' title='bbox 1356 3546 1578 3617; x_wconf 83' lang='lat' dir='ltr'>Legitur</span> <span class='ocrx_word' id='word_1_333' title='bbox 1619 3550 1647 3616; x_wconf 77' lang='lat'>§</span> <span class='ocrx_word' id='word_1_334' title='bbox 1685 3549 1754 3600; x_wconf 75' lang='lat'>28</span> <span class='ocrx_word' id='word_1_335' title='bbox 1796 3545 1903 3609; x_wconf 76' lang='grc' dir='ltr'>ἐξὸν</span> <span class='ocrx_word' id='word_1_336' title='bbox 1944 3546 2048 3612; x_wconf 70' lang='grc' dir='ltr'>γὰρ</span> <span class='ocrx_word' id='word_1_337' title='bbox 2094 3547 2234 3612; x_wconf 80' lang='grc' dir='ltr'><em>αὐτῷ</em></span> <span class='ocrx_word' id='word_1_338' title='bbox 2273 3543 2413 3613; x_wconf 58' lang='grc' dir='ltr'><em>χιλίη</em></span> 
     </span>
     <span class='ocr_line' id='line_1_39' title="bbox 444 3632 2436 3700; baseline -0.002 -11"><span class='ocrx_word' id='word_1_339' title='bbox 444 3655 524 3695; x_wconf 80' lang='grc' dir='ltr'><em>αις</em></span> <span class='ocrx_word' id='word_1_340' title='bbox 574 3635 719 3689; x_wconf 78' lang='grc' dir='ltr'><em>ναυσὶ</em></span> <span class='ocrx_word' id='word_1_341' title='bbox 773 3632 1087 3700; x_wconf 70' lang='grc' dir='ltr'><em>διαβιβάσαι</em></span> <span class='ocrx_word' id='word_1_342' title='bbox 1138 3635 1278 3690; x_wconf 74' lang='grc' dir='ltr'><em>κατα</em></span> <span class='ocrx_word' id='word_1_343' title='bbox 1327 3635 1385 3688; x_wconf 82' lang='grc' dir='ltr'>τὸ</span> <span class='ocrx_word' id='word_1_344' title='bbox 1438 3636 1718 3692; x_wconf 72' lang='grc' dir='ltr'><em>ςενώτατον</em></span> <span class='ocrx_word' id='word_1_345' title='bbox 1764 3639 1850 3689; x_wconf 80' lang='grc' dir='ltr'>τοῦ</span> <span class='ocrx_word' id='word_1_346' title='bbox 1900 3633 2284 3695; x_wconf 72' lang='grc' dir='ltr'><em>Ἑλλησπόντου</em></span> <span class='ocrx_word' id='word_1_347' title='bbox 2320 3633 2436 3694; x_wconf 57' lang='lat' dir='ltr'>‘thus</span> 
     </span>
    </p>
   </div>
  </div>
 </body>
</html>
