2436 4068
1304 199 1414 250 652

358 349 505 403 πόλει
556 346 641 401 ua)
692 346 864 414 φίλοις
918 346 1111 395 πολλοῦ
1167 340 1311 405 ἄξιόν
1359 343 1434 397 ἐςι
1492 341 1780 410 σύμμοιχον
1833 345 2127 406 κεκτῆσθαι.
2223 347 2334 401 Non

359 435 606 490 dissimili
657 431 812 486 modo
866 427 1014 481 Plato
1060 428 1196 483 dixit
1247 429 1302 482 in
1357 426 1598 481 Phaedro
1657 446 1707 499 p.
1751 433 1876 484 258.
1919 432 1979 484 A.
2039 433 2334 498 ἐπωνυμίαν

356 525 471 579 οὔτε
513 523 676 581 namu
721 519 836 573 οὔτε
892 514 1113 578 ἐπαξίαν
1166 517 1552 578 κεκτῆσθαι.
1633 517 1964 587 Intelligisue
1998 520 2159 572 etiam
2205 522 2336 575 scio·
2389 503 2433 565 ²⁵³.

355 611 468 674 los,
522 624 688 678 quum
732 603 1057 675 exquisitum
1101 603 1312 658 dicendi
1363 619 1534 672 genus
1569 603 1654 656 κοιὶ
1697 608 1767 666 εἰς
1808 605 2002 666 κοέλλος
2053 609 2332 674 ἠσκημένον
2398 627 2399 630 ’

358 714 463 751 non
506 696 636 749 satis
677 697 958 764 caperent,
1002 708 1100 745 suo
1132 708 1281 745 more
1317 690 1537 746 turbare
1572 700 1624 745 et
1655 695 1891 762 grassari
1930 694 2200 764 coepisse?
2253 696 2336 749 In-
2388 686 2394 742 Ῐ

358 783 612 854 terposito
653 789 855 835 temere
902 782 993 836 καί
1049 781 1374 834 coniunxere
1430 779 1516 832 καὶ
1577 781 1750 848 φίλοις
1813 780 1970 854 [καὶ]
2031 782 2336 851 συμμάχοις

359 871 674 933 κεκτῆσθαι,
733 870 985 939 quoniam
1042 869 1226 936 φίλους
1283 867 1369 921 καὶ
1428 867 1749 935 συμμάχους
1804 884 1958 938 saepe
2023 870 2339 925 coniunctos
2388 894 2391 895 ⁷

362 959 542 1013 videre
586 957 788 1011 assueti
829 963 1000 1010 erant.
1079 955 1282 1010 Deinde
1322 957 1410 1008 καὶ
1453 955 1599 1009 πόλει
1642 956 1697 1007 in
1734 954 1956 1009 eandem
2009 955 2181 1010 labem
2232 965 2339 1012 tra·
2388 967 2391 1014 ἲ

359 1054 507 1103 ctum
561 1051 642 1099 est
695 1050 748 1097 et
793 1045 869 1099 sic
917 1052 999 1099 est
1055 1051 1244 1098 natum
1288 1043 1374 1097 κοοὶ
1418 1043 1601 1096 πόλεσι
1645 1043 1732 1097 καὶ
1769 1044 1943 1111 φίλοις
1999 1044 2086 1097 ux)
2129 1045 2341 1111 συμμοὲ-
2393 1083 2399 1115 ;

359 1154 505 1205 χοιςε
561 1135 765 1186 interea
793 1173 806 1197 ,
866 1138 928 1186 ut
968 1131 1149 1195 videS‚
1191 1131 1460 1185 sententia
1512 1130 1613 1184 loci
1653 1131 1831 1202 periit.
1911 1130 2017 1184 Cur
2058 1132 2127 1186 sit
2166 1133 2342 1204 legen·
2434 1183 2436 1188 .

362 1224 491 1278 dum
531 1221 618 1276 κοοὶ
662 1220 809 1274 πόλει
855 1220 978 1294 (non
1021 1217 1226 1291 πόλεσι)
1269 1219 1356 1272 ma}
1400 1219 1571 1287 φίλοις
1625 1217 1971 1273 manifestum
2015 1226 2132 1283 est,
2176 1238 2342 1292 quum
2398 1263 2402 1268 .

363 1311 427 1366 de
469 1328 570 1364 uno
606 1309 736 1362 haec
787 1307 1074 1372 dicantur,
1129 1307 1222 1377 qui
1271 1313 1323 1360 et
1364 1306 1429 1360 de
1469 1323 1579 1377 rep.
1622 1313 1674 1360 et
1717 1306 1781 1361 de
1821 1308 2011 1361 amicis
2051 1307 2183 1362 bene
2234 1326 2344 1364 me-

362 1406 565 1454 reatur.
648 1397 773 1450 Sine
815 1395 1059 1449 articulis
1100 1395 1177 1448 sic
1219 1394 1326 1448 dici
1369 1393 1538 1449 solere
1578 1393 1664 1448 καὶ
1715 1394 1862 1449 πόλει
1915 1396 2002 1450 καὶ
2045 1398 2216 1465 φίλοις
2258 1414 2346 1451 su·

364 1504 462 1559 pra
502 1484 567 1539 ad
608 1484 898 1538 Hieronem
939 1483 1444 1538 demonstravimus
1526 1485 1787 1555 Compara
1836 1483 2055 1539 Memor.
2091 1485 2136 1540 Ι.
2177 1502 2232 1540 11.
2272 1488 2343 1540 48

364 1582 417 1630 et
457 1574 497 1628 Ι.
542 1591 613 1627 V1.
657 1576 708 1626 9.
2388 1563 2433 1642 ¹

443 1660 502 1716 ln
545 1678 660 1732 cap.
694 1659 758 1714 V.
803 1663 852 1713 2.
907 1660 1054 1725 μόνον
1089 1661 1175 1715 τὸν
1210 1667 1503 1727 λαμπτῆρα
1546 1661 1711 1725 ἐγγὺς
1753 1661 2163 1728 προσενεγκάτω.
2246 1661 2346 1717 Ne·

367 1767 512 1806 cesse
565 1755 646 1803 est
699 1755 758 1801 ut
811 1769 888 1808 τις
948 1750 1251 1812 inseratur,
1308 1747 1450 1819 quod
1506 1764 1649 1801 nunc
1697 1748 1912 1819 quidem
1955 1749 2183 1820 intelligi
2240 1767 2344 1804 non
2387 1746 2436 1828 'A

366 1845 574 1910 potest,
630 1843 689 1890 ut
745 1836 796 1888 in
847 1835 1129 1898 οιύληο-οέτω
1171 1835 1236 1889 11.
1282 1840 1385 1900 21,
1439 1836 1691 1906 quoniam
1753 1837 1916 1891 unius
1967 1844 2180 1892 tantum
2232 1845 2347 1893 erat
2383 1829 2430 1905 [5⁴

369 1927 466 1979 hoc
508 1924 682 1979 facere
724 1941 789 1978 ex
821 1924 1072 1977 omnibus
1113 1924 1204 1995 qui
1247 1923 1500 1987 aderant,
1543 1923 1890 1994 quamobrem
1944 1925 2230 1995 legendum
2267 1933 2348 1981 est
2387 1919 2429 1994 »fg

370 2014 536 2079 ἐγγύς
582 2011 701 2086 (τις)
747 2012 1158 2079 προσενεγκάτω.
1243 2012 1467 2082 Saepius
1508 2033 1585 2072 τις
1645 2013 1822 2085 perire
1862 2012 2026 2074 solet,
2072 2019 2132 2066 ut
2187 2029 2350 2084 supra
2382 2023 2427 2087 fij

368 2104 475 2157 iam
514 2101 884 2161 ostendimuS‚
944 2106 1037 2152 aut
1078 2098 1133 2151 in
1178 2096 1249 2160 εἷς
1292 2098 1590 2170 depravari.
1671 2099 1731 2154 In
1787 2100 2029 2173 Sympos.
2074 2101 2114 2155 Ι.
2157 2106 2209 2155 8.
2270 2102 2350 2156 ε’ν-
2384 2122 2429 2173 ir

369 2190 550 2253 νοήσοις
608 2187 727 2261 (τις)
782 2191 852 2242 τοὶ
907 2186 1233 2252 γιγνόμενοι,
1288 2203 1352 2241 ex
1404 2187 1639 2242 Aristide
1677 2209 1754 2248 τις
1796 2195 2100 2242 revocatum
2145 2196 2253 2254 est,
2295 2184 2408 2246 lni

371 2276 739 2347 Xenophontis
805 2275 959 2328 libris
1018 2273 1270 2327 omnibus
1323 2275 1600 2328 omissum.
1695 2275 1908 2329 Excidit
1965 2298 2042 2337 τις
2103 2285 2155 2331 et
2208 2275 2350 2348 apud
2378 2248 2426 2360 ἰ,

372 2363 753 2435 Antiphontem
797 2363 858 2416 V.
904 2366 991 2415 91.
1046 2364 1095 2414 ἐν
1136 2363 1230 2427 μὲν
1271 2363 1376 2429 γὰρ
1413 2365 1583 2431 dnm}
1621 2363 1902 2430 πράγματι
1940 2364 2025 2418 xx>
2068 2365 2191 2434 ὀργῇ
2224 2346 2425 2442 χρη-’ᾖξ’

372 2451 621 2519 σοιμένους
677 2450 763 2504 mai
819 2451 1039 2518 διοοβολῇ
1087 2450 1406 2516 πειθομένους
1467 2450 1711 2522 (emenda
1761 2451 2074 2525 πιθομένους)
2131 2453 2349 2508 ἔλοιττον

374 2541 477 2599 ἕςιν
517 2539 848 2606 ἑξοιμοιρτεῖν.
890 2538 1186 2604 μετ-οιγνοὺς
1227 2538 1332 2604 γὰρ
1374 2537 1448 2592 ἔτι
1491 2538 1554 2592 ἂν
1596 2541 1737 2606 ὀρθῶς
1790 2542 2151 2606 βουλεύσοιντο.
2232 2541 2349 2596 Pes·
2418 2544 2422 2552 ’

374 2630 509 2683 sime
558 2633 846 2697 corruptus
899 2626 1048 2680 locus
1104 2631 1217 2679 est:
1273 2624 1348 2679 ἔτι
1401 2626 1464 2680 ἂν
1505 2629 1648 2694 ὀρθῶς
1690 2634 1875 2681 natum
1918 2635 1999 2682 est
2040 2645 2103 2682 ex
2154 2615 2419 2683 veteris

374 2717 676 2787 scripturae
742 2714 987 2784 reliquiis
1044 2721 1500 2768 ΕΠΑΝΟΡΘΩΣ
1563 2715 1589 2740 *
1625 2715 1654 2740 *
1692 2715 1750 2778 *,
1813 2715 1866 2769 id
1941 2723 2023 2770 est
2082 2717 2421 2787 ἕποινορθώ-..Ῑ

377 2803 603 2877 σ(οοιτο),
643 2819 748 2872 quo
788 2809 1002 2873 recepto
1048 2800 1406 2871 suppleverim
1446 2804 1742 2869 μεταγνοὺς
1778 2804 1881 2871 γὰρ
1926 2803 2008 2878 (ἄν
2048 2825 2127 2864 τις
2167 2806 2224 2859 τὸ
2263 2816 2381 2871 pte-⁴

375 2890 542 2963 γονὸς)
586 2890 1006 2956 ἐπανορθώσαιτο.
1069 2889 1270 2943 Eadem
1310 2892 1611 2946 temeritate
1646 2891 1996 2962 interpolator
2031 2891 2187 2963 paulo
2227 2900 2351 2948 ante
2422 2879 2423 2883 ἵ

379 2981 407 3050 §
454 2983 542 3033 90.
600 2978 850 3031 dederat:
907 2977 1399 3045 ἀποψηφισαμένοις
1442 2981 1536 3044 μὲν
1579 2982 1698 3045 ὑμῖν
1739 2981 1863 3044 ἐμοῦ
1915 2985 1999 3033 νῦν
2054 2980 2188 3045 ἕξεςι
2229 2982 2348 3037 τότε
2426 2974 2427 2979 ’

371 3067 594 3135 χρῆσθαι
636 3062 665 3118 δ’
705 3086 754 3118 τι
796 3066 852 3125 δὴ
903 3066 1154 3130 βούλεσθε
1214 3065 1442 3139 (corrige
1482 3063 1512 3120 δ’
1545 3088 1597 3121 τι
1639 3066 1702 3121 ἂν
1750 3067 2070 3140 βούλησθε),
2124 3071 2346 3124 οΞπολο·
2405 3049 2431 3131 «f,

372 3154 724 3220 γήσοισθοοι
778 3153 886 3205 οὐδὲ
940 3153 1343 3216 βουλεύσασθαί
1380 3153 1456 3208 ἔτι
1515 3156 1627 3222 περὶ
1696 3156 1821 3220 ἐμοῦ
1876 3158 2115 3223 ἐγχωρεῖ.
2208 3157 2349 3211 Luce
2422 3179 2427 3207 1

371 3242 571 3296 clarius
623 3245 705 3294 est
744 3256 840 3310 pro
878 3240 1308 3304 ἀπολογήσασθαι
1350 3239 1559 3295 dedisse
1601 3242 1876 3297 Oratorem
1925 3244 2217 3298 οέπολέσοισι
2263 3242 2422 3308 32¹,st-

369 3329 506 3402 quod
545 3329 784 3382 omnium
823 3328 1030 3399 primus
1070 3327 1343 3381 Dobraeus
1381 3331 1665 3399 perspexit.
1746 3330 1895 3384 Unde
1930 3331 2098 3401 igitur
2133 3331 2223 3386 illa
2259 3331 2345 3386 ah·
2396 3309 2436 3403 ἦ

371 3417 534 3472 surda
577 3415 887 3486 scriptur-a?
964 3414 1163 3486 Nempe
1217 3421 1496 3486 supererat
1536 3417 1591 3469 in
1644 3416 1778 3471 libro
1820 3427 2030 3473 vetusto
2071 3436 2132 3474 ac
2171 3419 2345 3473 lacero
2395 3399 2436 3481 f

363 3513 568 3561 ΑΠΟΛ
612 3505 636 3528 ⁴
663 3504 685 3530 '‘
716 3505 740 3527 *
766 3505 791 3530 ²*
833 3510 1050 3566 ΟΤΔΕ,
1093 3503 1232 3574 quod
1269 3502 1561 3558 Graeculus
1597 3503 1662 3558 de
1701 3523 1796 3559 suo
1827 3506 2124 3578 supplevit,
2166 3524 2346 3577 quem·
2395 3493 2400 3498 ’

365 3591 651 3647 admodum
706 3591 794 3644 isti
848 3590 1068 3645 lacunas
1109 3591 1319 3662 explere
1374 3590 1543 3646 solent
1599 3592 1819 3648 scilicet.
1901 3594 2214 3665 Expeditior
2267 3599 2344 3649 est
