2436 4068
1314 220 1420 268 228

400 364 630 429 βασιλέα
666 364 993 428 μνημονεύειν
1027 362 1101 416 ὅτι
1144 361 1394 428 ἄνθρωπος
1436 363 1499 415 ὣν
1535 361 1764 423 ἐξουσίαν
1796 363 2010 430 εἴληφεν
2045 363 2256 423 ἰσόθεον,
2294 362 2375 416 ἵνα

404 460 702 520 προαιρῆται
744 451 888 504 καλοὶ
927 451 1021 515 μὲν
1059 450 1145 503 καὶ
1181 451 1290 504 θεῖα
1314 491 1327 512 ,
1368 455 1510 518 φωνῇ
1552 451 1604 503 δὲ
1642 449 1918 516 ἀνθρωπίνη
1957 458 2167 517 χρῆται.
2248 450 2377 516 Quis

402 541 590 594 ultima
632 545 804 609 potest
838 537 950 591 sine
991 539 1104 591 risu
1145 537 1415 607 relegere?
1496 536 1634 603 Quid
1669 535 1880 588 multa?
1924 538 2164 607 corrige:
2217 542 2375 605 φρονῇ

400 631 451 683 δὲ
489 630 787 694 ἀνθρώπινα.
867 625 1171 678 Innumeris
1221 626 1275 678 in
1325 625 1453 679 locis
1493 630 1538 694 φ
1576 641 1670 695 pro
1709 629 1781 691 φρ
1823 623 1983 677 scribi
2027 624 2192 685 solet,
2249 642 2375 695 quo·

404 718 545 770 niam
583 716 712 768 haec
753 715 806 766 in
845 711 996 765 libris
1037 712 1204 768 oculis
1255 713 1517 784 distingui
1558 729 1660 765 non
1704 718 1927 782 possunt
1975 711 2079 763 nisi
2113 711 2210 765 hoc
2250 729 2378 784 agas

402 813 451 859 et
491 820 624 875 quae
662 802 805 873 legas
846 800 1150 871 intelligas;
1190 800 1315 854 hinc
1358 806 1487 870 φονῇ
1529 808 1582 854 et
1621 805 1765 868 φωνῇ
1801 806 1987 852 natum
2035 807 2148 853 est:
2189 800 2379 855 deinde

403 893 558 947 homo
598 889 804 961 lepidus
848 888 993 943 dedit
1045 888 1184 960 quod
1218 888 1381 942 vides.
1462 889 1521 941 In
1558 888 1876 941 suavissimo
1908 886 2114 949 libello,
2155 889 2247 958 qui
2285 897 2378 942 Γυ·

402 982 582 1034 ναικῶν
630 978 814 1046 ἀρεταί
862 977 1155 1048 inscriptus
1194 977 1336 1030 inter
1374 975 1721 1029 Plutarcheos
1761 973 2144 1029 circumfertur
2185 993 2233 1047 p.
2271 979 2377 1031 255

402 1068 462 1122 D.
518 1066 748 1137 legitur:
805 1065 936 1131 ἐβόα
986 1064 1124 1118 δεινοὶ
1175 1071 1333 1118 ποιεῖν
1384 1066 1570 1123 αὐτοὺς
1623 1066 1666 1118 εἶ
1718 1065 1873 1125 δῆμος
1929 1063 2191 1126 ἀξιοῦντες
2249 1060 2377 1119 εἶναι

401 1160 576 1211 ταῦτα
630 1160 859 1220 τολμῶσι
915 1153 1002 1208 καὶ
1050 1152 1419 1217 ἀσελγαίνουσι
1469 1159 1575 1211 τοῖς
1621 1151 1877 1218 τυράννοις
1927 1151 2114 1218 ὅμοια,
2156 1155 2381 1209 emenda

401 1244 578 1298 ταῦτα
644 1248 911 1308 τολμῶσι,
973 1247 1087 1294 tum
1151 1242 1348 1293 senties
1406 1237 1556 1305 ὅμοια
1608 1239 1769 1292 sciolo
1819 1238 2016 1295 deberi.
2097 1241 2198 1297 Sed
2250 1243 2380 1314 quid

401 1331 748 1386 Plutarchum
794 1345 972 1382 moror
1009 1335 1061 1382 et
1100 1329 1399 1399 sequiores:
1443 1327 1582 1398 apud
1625 1328 1894 1383 Demosth.
1937 1347 1986 1400 p.
2028 1334 2151 1384 118.
2194 1331 2378 1384 scribi-

403 1426 494 1473 tur
544 1420 645 1480 υἱὸς
686 1419 738 1471 ἐν
777 1417 924 1487 οὐσία,
972 1425 1143 1485 πολλῇ
1199 1419 1424 1481 γεγονὼς
1465 1417 1699 1480 γνήσιος,
1753 1418 1797 1470 si
1844 1419 1924 1471 vis
1970 1418 2378 1473 Demosthenem

403 1510 576 1578 ipsum
618 1505 804 1559 audire
843 1504 1078 1559 rescribe
1118 1507 1200 1558 ἐπ’
1241 1504 1388 1574 οὐσία
1423 1513 1594 1573 πολλῇ
1631 1510 1683 1557 et
1721 1507 1926 1569 γνήσιος
1966 1522 2226 1577 expunge.
2279 1507 2378 1560 Ite-

403 1611 524 1649 rum
578 1593 794 1663 irrepsit
837 1594 1072 1658 γνησίους
1115 1591 1255 1662 apud
1308 1592 1716 1646 Demosthenem
1766 1609 1814 1663 p.
1855 1598 2016 1649 1590.
2075 1594 2282 1656 τούτους
2328 1597 2380 1650 δὲ

411 1682 691 1756 [γνησίους]
730 1681 860 1749 γόνῳ
901 1688 993 1743 τῆς
1027 1681 1267 1747 πατρίδος
1302 1681 1523 1739 πολίτας
1553 1676 1697 1734 εἶναι.
1741 1681 1895 1752 Apud
1916 1682 2142 1737 eundem
2178 1701 2228 1754 p.
2255 1688 2377 1738 124.

399 1771 662 1840 legimus:
721 1768 975 1829 πολλάκις
1017 1769 1121 1836 γαρ
1176 1768 1343 1833 ἔμοιγ’
1392 1769 1677 1830 ἐπελήλυθε
1728 1769 1815 1822 καὶ
1869 1775 2018 1824 τοῦτο
2067 1773 2381 1839 φοβεῖσθαι,

401 1862 528 1926 μήτι
565 1858 817 1923 δαιμόνιον
858 1857 928 1910 τά
964 1856 1244 1923 πράγματ’
1282 1857 1499 1924 ἐλαύνη,
1543 1856 1681 1910 mala
1722 1873 1914 1911 manus
1954 1857 2160 1911 addidit
2194 1862 2382 1927 φοβεῖ-

401 1950 515 2002 σθαι
558 1953 610 2001 et
647 1947 724 2000 sic
759 1946 945 2014 ε’λαύνη
978 1951 1165 1998 natum
1207 1951 1305 1998 est.
1385 1945 1602 1998 Dixerat
1637 1943 1850 2008 Orator,
1890 1953 1949 1999 ut
1991 1947 2211 2017 opinor:
2254 1962 2380 2003 πολ-

400 2035 550 2096 λάκις
602 2034 770 2100 ἔμοιγ’
821 2034 1104 2096 ἐπελήλυθε
1143 2033 1230 2086 καὶ
1278 2037 1458 2087 τοῦτο·
1499 2034 1627 2098 μήτι
1676 2033 1928 2098 δαιμόνιον
1977 2035 2046 2088 τὰ
2099 2034 2379 2101 πράγματ’

404 2123 642 2184 ἐλαύνεις
699 2127 751 2176 et
791 2138 914 2193 pag.
954 2125 1072 2175 158.
1121 2122 1212 2182 την
1245 2121 1297 2174 δὲ
1335 2127 1433 2174 τῶν
1485 2121 1671 2175 δούλων
1719 2121 2047 2189 ἀπεύχεσθαι
2101 2124 2258 2186 δήπου
2305 2127 2380 2190 μη

401 2211 638 2278 γενέσθαι
678 2211 782 2272 δεῖ,
837 2225 938 2261 non
990 2214 1070 2262 est
1119 2209 1490 2262 Demosthenis
1530 2208 1842 2278 compositio
1882 2215 1991 2262 tam
2032 2209 2166 2263 dura
2205 2218 2258 2265 et
2297 2228 2379 2266 as-

400 2315 552 2372 pera,
594 2296 682 2350 sed
716 2296 1016 2363 ἀπεύχεσθε
1050 2298 1211 2359 δήπου
1229 2298 1301 2361 μή
1322 2297 1559 2361 γενέσθαι
1597 2302 1860 2366 expuncto
1881 2297 1971 2351 δεῖ.
2014 2305 2067 2350 et
2106 2314 2223 2368 pag.
2249 2303 2376 2356 529.

400 2389 450 2441 ἐν
489 2387 620 2441 τίσιν
659 2381 739 2437 οὖν
772 2384 835 2437 σὺ
887 2385 1088 2444 νεανίας
1129 2385 1218 2438 καὶ·
1263 2386 1452 2446 πηνίκα
1491 2383 1772 2450 λαμπρός;
1823 2382 2103 2453 legendum
2147 2386 2379 2442 arbitror

400 2478 452 2528 ἐν
487 2473 618 2528 τίσιν,
655 2468 735 2526 οὖν
769 2472 831 2524 σὺ
863 2463 1086 2532 νεανικὸς
1117 2473 1203 2526 καὶ
1240 2473 1461 2534 πηνίκα;
1502 2471 1673 2525 deleto
1712 2472 1970 2538 λαμπρός.
2012 2479 2064 2526 et
2099 2490 2218 2545 pag.
2249 2479 2374 2530 489.

400 2562 437 2619 ἃ
476 2571 540 2630 τῇ
581 2563 703 2627 παρ’
744 2559 944 2620 ἐκείνοις
997 2561 1238 2630 πολιτεία
1279 2560 1530 2628 συμφέρει
1582 2562 1736 2613 ταῦτ’
1776 2561 2001 2616 ἐπαινεῖν
2040 2561 2249 2627 ἀνάγκη
2287 2565 2374 2618 καὶ

400 2657 590 2712 ποιεῖν,
633 2647 724 2718 qui
764 2653 936 2700 totum
977 2647 1151 2702 locum
1195 2649 1480 2718 diligenter
1530 2646 1870 2718 perpenderit
1906 2654 1958 2702 et
1999 2649 2124 2719 quid
2167 2653 2376 2721 potissi-

404 2754 552 2791 mum
610 2742 731 2807 agat
784 2734 976 2789 Orator
1030 2737 1188 2808 probe
1240 2737 1569 2808 perspexerit
1627 2735 1851 2789 fortasse
1901 2752 2112 2790 mecum
2160 2747 2380 2810 reponet

404 2828 556 2882 ταῦτ’
599 2824 805 2888 ἀνάγκη
840 2823 925 2877 καὶ
967 2825 1223 2886 ἐπαινεῖν,
1265 2831 1327 2878 ut
1358 2823 1617 2894 hodieque
1652 2822 1809 2876 multi
1850 2823 1905 2876 in
1946 2825 2106 2878 simili
2150 2843 2207 2880 re
2245 2843 2380 2898 quae

405 2912 747 2967 vehementer
786 2911 1090 2983 improbant
1131 2919 1309 2967 tamen
1357 2912 1526 2965 coacti
1566 2912 1891 2974 ἐπαινοῦσιν,
1938 2915 1992 2965 οὐ
2040 2914 2141 2978 μην
2184 2918 2382 2971 ποιοῦσί

407 3022 492 3068 γε.
577 2999 837 3053 Similiter
876 3017 924 3070 p.
965 3003 1089 3054 597.
1144 3003 1270 3055 ἀλλ’
1318 2999 1354 3055 ἃ
1411 3000 1605 3060 πάντες
1652 2999 1898 3066 ἑοράκατε
1945 2999 2040 3053 ἴσθ’
2092 2999 2170 3056 ὅτι
2215 3004 2382 3071 πρῴην

405 3089 689 3154 Εὐβοεῦσιν
725 3088 1040 3152 ἐβοηθήσατε
1089 3105 1284 3160 repone
1323 3090 1473 3145 ἀλλα,
1514 3088 1707 3148 πάντες
1755 3093 1806 3141 et
1850 3087 2096 3154 ἑοράκατε
2134 3090 2374 3156 excidet,

410 3194 513 3248 quo
553 3175 692 3229 facto
745 3175 891 3228 locus
931 3193 1093 3231 sanus
1127 3178 1261 3231 erit:
1304 3176 1475 3229 obiter
1513 3192 1630 3246 pag.
1663 3177 1788 3228 606.
1830 3190 1924 3244 pro
1964 3175 2060 3229 κᾶν
2098 3177 2194 3240 μὲν
2234 3179 2379 3232 ἐναν-

407 3266 497 3320 τία
535 3265 709 3333 λέγειν
743 3267 825 3331 φῇ
859 3265 1139 3333 expunctis
1179 3263 1385 3319 duabus
1435 3262 1689 3316 litterulis
1730 3262 1866 3315 male
1907 3265 2148 3332 repetitis
2187 3267 2378 3320 emica-

410 3354 486 3407 hit
524 3369 648 3406 vera
702 3350 858 3404 lectio
902 3350 998 3404 κᾶν
1046 3354 1141 3417 μὲν
1194 3352 1484 3416 ἀντιλέγειν
1535 3355 1631 3419 φῇ.
1688 3356 1741 3402 et
1795 3365 1911 3420 pag.
1954 3354 2112 3404 1046.
2166 3355 2282 3413 τοὺς
2324 3355 2375 3408 δὲ

408 3440 702 3508 νομίζοντας
753 3439 1035 3492 ἀπολλύειν
1075 3440 1195 3494 ὅταν
1236 3443 1306 3501 εἷς
1347 3441 1404 3494 τὸ
1449 3438 1602 3495 κοινόν
1653 3459 1700 3491 τι
1755 3438 2112 3500 δαπανήσωσιν
2152 3441 2374 3496 emenda

405 3528 434 3582 δ’
467 3549 518 3582 τι
558 3527 622 3582 ἄν
673 3533 726 3582 et
765 3547 815 3580 τι
870 3525 1039 3580 alieno
1088 3528 1200 3583 loco
1244 3529 1475 3600 positum
1525 3524 1800 3580 delebitur.
1880 3525 2050 3580 Foede
2090 3536 2374 3599 corruptus

405 3615 552 3674 locus
601 3621 679 3670 est
729 3631 848 3685 pag.
889 3619 1045 3669 1145.
1103 3620 1221 3684 πρὸς
1271 3619 1322 3672 δὲ
1380 3617 1572 3678 τούτοις
1630 3614 1728 3669 οὐδ’
1766 3616 1814 3667 ἐν
1863 3615 1932 3681 τῷ
1982 3623 2209 3683 Πειραιεῖ
2252 3617 2371 3673 ὄντα
