2436 4068
1073 170 1173 220 591

121 336 174 372 ιι.
219 320 306 370 43.
365 331 460 385 pro
513 315 889 380 προσνέμωσιν,
944 315 1160 379 μήκιςον
1206 313 1293 368 [V.
1335 331 1381 367 v.
1440 317 1530 368 28.
1592 331 1686 386 pro
1736 315 2101 384 μακρότατον,

119 407 176 459 αἱ
211 403 377 468 δμωαί
417 401 477 454 V.
513 419 547 456 1.
590 406 641 455 6.
683 419 779 472 pro
819 403 996 456 δοῦλαι
1039 401 1119 456 vel
1159 399 1498 468 θεράπαιναι,
1537 400 1673 471 ἄχος
1715 403 1776 457 V.
1818 421 1866 458 v.
1910 409 1962 459 6.
2004 422 2100 477 pro

116 493 295 554 λύπη,
351 491 496 543 τίνων
555 489 731 551 ποινάς
774 489 865 547 VI.
905 506 939 543 1.
991 495 1076 543 11.
1137 506 1232 559 pro
1286 490 1427 552 δίκην
1483 490 1680 556 διδούς,
1736 490 2098 560 διαχάσασθαι

121 578 234 632 Vll.
274 595 309 631 1.
352 582 441 630 51.
496 594 592 648 pro
629 578 894 641 διαςῆναι,
945 576 1262 644 ἀνεχάζοντο
1304 578 1418 631 VII.
1459 596 1493 632 1.
1537 582 1628 633 54.
1678 597 1776 651 pro
1832 581 2099 649 ὑπανεχώ-

119 687 264 735 ρουν,
320 665 472 730 βιοτή
513 664 625 719 Vll.
667 682 723 718 11.
781 668 870 719 27.
923 680 1019 736 pro
1066 665 1218 730 βίος,
1275 665 1552 728 ἀνάλκιδες
1605 667 1719 722 Vll.
1761 685 1810 722 v.
1852 672 1941 723 62.
2002 687 2100 742 pro

117 754 307 818 δειλοί,
345 752 575 813 ἱππότας
616 751 759 808 VIII.
800 769 910 805 vm.
954 755 1045 806 20.
1083 769 1180 823 pro
1219 753 1451 818 ἱππέας,
1505 762 1560 809 et
1618 773 1788 827 pauca
1835 757 2099 829 quaedam

115 841 237 897 alia.
319 842 419 895 Pro
456 840 741 894 ἀποκτείνω
799 840 1104 894 Atticorum
1159 839 1406 895 lubenter
1445 842 1740 916 Xenophon
1797 848 2097 902 κατακαίνω

114 927 332 993 scribit,
371 935 426 984 et
463 928 747 983 κατέκανον
769 943 865 999 pro
884 928 1200 993 άπέκτεινα,
1241 936 1295 983 et
1333 931 1659 986 κατακέκονα
1682 949 1778 1004 pro
1813 934 2096 990 άπέκτονα.

115 1017 289 1073 Semel
328 1024 382 1072 et
420 1017 619 1071 iterum
654 1016 953 1071 κατακαίνω
996 1032 1027 1070 a
1063 1015 1257 1071 scribis
1298 1017 1352 1070 in
1384 1020 1707 1075 κατακτείνω
1743 1019 2095 1093 depravatum

114 1114 232 1171 est,
272 1104 437 1160 veluti
487 1106 544 1158 in
597 1103 889 1179 Cyropaed.
929 1103 1022 1158 111.
1065 1121 1099 1157 1.
1143 1108 1232 1159 59.
1296 1112 1351 1160 et
1390 1106 1672 1162 κατέκανον
1728 1109 1783 1162 in
1831 1111 2098 1166 κατέκτα-

114 1215 228 1259 νον,
280 1209 418 1266 quae
466 1192 670 1247 formae
719 1193 893 1264 poetis
948 1192 1192 1263 Tragicis
1249 1200 1377 1248 sunt
1436 1184 1836 1267 relinquendae.
1915 1198 2095 1254 Etiam

115 1280 342 1355 simplex
390 1280 565 1336 ἔκανον
616 1282 671 1335 in
728 1280 937 1335 ἔκτανον
977 1280 1329 1351 depravatum
1370 1299 1779 1356 nonnumquam
1832 1283 1981 1348 vidi,
2038 1294 2101 1341 ut

116 1373 173 1427 in
209 1369 472 1427 celebrato
512 1369 926 1426 Atheniensium
967 1367 1163 1432 scolio,
1207 1369 1299 1424 nbi
1333 1370 1619 1443 legendum
1661 1388 1812 1427 esse:

640 1456 725 1513 ὅτε
764 1459 851 1513 τὸν
889 1457 1129 1525 τύραννον
1172 1457 1391 1520 κανέτην
1412 1500 1429 1524 ,

113 1565 218 1603 non
255 1545 507 1608 κτανέτην
539 1546 884 1602 scribendum
922 1562 1039 1602 esse
1074 1546 1182 1600 iam
1218 1553 1378 1602 antea
1409 1547 1737 1602 monuimus.
1816 1548 2098 1606 Manifesta

108 1635 359 1691 omnibus
408 1633 595 1690 eadem
634 1633 784 1689 fraus
822 1640 905 1689 est
945 1635 1000 1688 in
1039 1634 1255 1706 Tragici
1305 1634 1422 1690 loco
1461 1633 1604 1707 apud
1655 1635 1997 1694 Aristotelem
2037 1640 2093 1694 in

108 1723 328 1781 Rhetor.
367 1723 435 1779 11.
478 1725 570 1778 25.

412 1814 515 1880 οὐχ
554 1811 639 1867 ἵνα
675 1809 899 1866 κτάνωσι
941 1813 1076 1879 θῆρ’,
1115 1807 1249 1871 ὅπως
1289 1812 1342 1867 δὲ
1380 1810 1644 1880 μάρτυρες

409 1902 597 1968 ἀρετῆς
633 1898 885 1965 γένωνται
923 1898 1218 1968 Μελεάγρῳ
1257 1901 1381 1968 πρὸς
1416 1899 1658 1956 Ἑλλάδα
1679 1942 1696 1965 ,

110 2005 343 2060 namque
381 1988 455 2043 ibi
494 1987 583 2042 καὶ
620 1988 808 2057 τυφλῷ
859 1987 1010 2050 δῆλον
1060 1985 1349 2058 legendum
1388 2005 1506 2044 esse
1557 1988 1780 2054 κάνωσι,
1833 2005 1902 2045 ne
1942 2007 2092 2047 sena·

109 2078 228 2132 rius
269 2078 323 2130 in
366 2076 542 2147 prima
587 2074 713 2130 sede
753 2073 947 2129 haheat
985 2077 1268 2130 creticum.

181 2163 438 2220 Eiusdem
475 2164 645 2234 igitur
685 2170 840 2218 notae
894 2169 1023 2217 sunt
1074 2170 1368 2231 γνωςῆρες,
1410 2162 1552 2235 quod
1590 2162 1909 2219 vocabulum
1951 2166 2094 2221 Ioni-

107 2270 202 2309 cae
238 2252 463 2308 Dialecti
520 2267 678 2306 usum
722 2258 775 2307 et
830 2250 963 2305 fines
1021 2268 1126 2305 non
1183 2250 1432 2314 excedit,
1489 2258 1549 2306 ut
1590 2251 1842 2324 pleraque
1890 2252 1995 2308 alia
2036 2255 2092 2309 in

106 2343 245 2410 -τιὶρ
283 2341 554 2396 exeuntia.
634 2340 724 2395 Sic
765 2340 819 2394 in
871 2339 1166 2394 Democriti
1223 2339 1338 2395 loco
1396 2338 1538 2411 apud
1593 2339 1921 2396 Clementem
1974 2341 2092 2398 Ale-

103 2428 294 2486 xandr.
348 2428 604 2485 stromat.
644 2428 688 2484 Ι.
740 2446 794 2501 p.
832 2430 942 2482 279
983 2428 1044 2482 D.
1098 2426 1353 2492 λεξειδίων
1407 2427 1802 2497 θηράτορες,
1860 2429 2090 2498 ζηλωταὶ

103 2517 445 2587 τεχνυδρίων,
503 2517 784 2585 ἐριδαντέες
831 2516 919 2571 καὶ
961 2516 1354 2582 ἱμαντελικτέες
1378 2557 1393 2581 ,
1445 2532 1511 2571 ex
1552 2532 1656 2571 uno
1709 2516 1900 2574 Codice
1956 2520 2090 2575 reci-

106 2604 361 2679 piendum
420 2611 503 2660 est
555 2607 840 2674 θηρητῆρες.
930 2604 1065 2660 Male
1124 2604 1384 2660 mulcavit
1434 2604 1699 2676 Bergkius
1759 2604 2089 2680 Theognidis

104 2710 321 2751 versum
352 2697 489 2748 555:

405 2781 571 2848 Χαίρω
611 2781 670 2844 δὴ
711 2781 866 2836 πίνων
905 2782 992 2837 καὶ
1034 2781 1117 2836 ὄπ’
1158 2783 1445 2850 αὐλητῆρος
1483 2780 1716 2848 άκούων,

475 2870 642 2936 χαίρω
683 2870 727 2924 δ’
767 2868 1061 2939 εὕφθογγον
1096 2869 1247 2939 χερσὶ
1293 2869 1448 2948 λύρην
1486 2869 1667 2937 ὀχέων.

101 2957 197 3015 ὅτ’
253 2958 536 3024 αὖλητῆρος
578 2957 805 3029 Bergk50
856 2956 1114 3015 debetur:
1171 2959 1227 3012 in
1281 2956 1435 3012 libris
1487 2964 1570 3013 est
1622 2959 1710 3014 ὑπ’
1760 2959 2082 3028 αὐλητῆρος,

100 3044 242 3119 quod
294 3047 642 3102 sanissimum
691 3053 802 3101 est:
859 3047 982 3118 quis
1040 3054 1259 3111 autem,
1315 3061 1548 3118 quaem,
1603 3045 1851 3103 lubenter
1899 3046 2085 3103 audiat

101 3136 329 3198 αὐλητοῦ
388 3134 647 3203 <pc-ausin?
710 3131 981 3190 Suadente
1020 3135 1134 3208 ipsa
1192 3134 1293 3191 loci
1332 3134 1599 3190 sententia
1641 3141 1695 3190 et
1744 3136 1859 3208 ipso
1912 3135 2081 3190 Theo·

102 3221 264 3295 gnide
302 3221 589 3278 adiuvante
628 3240 707 3278 vs,
742 3226 878 3278 925:

324 3317 438 3372 Πῶς
475 3313 593 3378 ὑμῖν
630 3311 880 3374 τέτληκεν
919 3312 1006 3367 ὑπ’
1045 3314 1330 3380 αὐλητῆρος
1368 3310 1555 3367 άείδειν
1591 3310 1604 3386 Ι
1635 3311 1827 3378 θυμόςς

103 3397 495 3455 emendandum
534 3407 643 3456 est:

329 3489 493 3555 Χαίρω
532 3488 591 3551 33,
630 3489 783 3544 πίνων
823 3489 909 3543 καὶ
949 3489 1036 3543 ὑπ’
1075 3491 1359 3557 αὖλητῆρος
1401 3488 1544 3543 άείδ
1559 3509 1652 3541 ων.

178 3572 339 3629 Multa
382 3575 634 3632 vocabula
675 3575 913 3634 ciusdem
967 3575 1168 3634 l‘ormac
1209 3578 1263 3632 in
1308 3575 1540 3647 quolibet
1593 3575 1851 3647 scriptore
1892 3571 2077 3632 lonico
