2436 4068
1330 216 1439 265 450

379 367 616 434 ςρέφοιο,
659 370 764 416 tam
812 360 1173 413 necessarium
1217 365 1300 411 est
1341 357 1406 411 ἂν
1449 358 1753 426 οἰναςρέφοιο
1801 378 1961 431 quam
2012 363 2358 433 perspicuum

377 451 638 525 quomodo
679 450 742 504 ἄν
778 447 1052 503 exciderit.
1135 445 1238 512 Qui
1271 446 1561 516 opinantur
1598 463 1660 500 ex
1700 449 2138 503 antecedentibus
2178 453 2220 504 εἰ
2263 453 2356 516 μὲν

377 541 584 609 βούλοιό
619 560 687 607 τῳ
729 537 883 606 φίλος
924 533 1052 589 εἶναι
1076 577 1090 598 ,
1129 537 1194 594 ὡς
1234 534 1450 599 μέγιςος
1501 533 1563 588 ἂν
1607 534 1710 596 εἴης
1749 537 2030 606 cogitando
2083 537 2148 590 ἄν
2188 541 2359 609 repeti

374 645 557 702 posse,
612 627 753 679 locos
810 623 1007 678 diversi
1055 622 1270 692 generis
1321 638 1416 692 per
1467 643 1525 675 τε
1567 653 1641 662 —-
1681 624 1800 685 καί,
1851 623 1935 677 καὶ
1979 656 2052 664 ——
2093 627 2217 690 καί,
2278 626 2359 680 vel

370 719 488 789 οὔτε
528 745 604 755 -
638 714 755 767 οὔτε
797 711 1120 782 compositos
1156 711 1484 781 permiscent
1527 726 1652 762 cum
1701 710 1835 774 illis,
1882 711 1973 765 ubi
2003 713 2200 783 duplex
2241 730 2357 784 pro·

373 805 508 859 lasis
550 818 642 873 per
694 801 790 866 μέν
833 806 886 854 et
937 799 989 852 δέ
1038 798 1276 869 opposita
1335 798 1385 850 in
1450 804 1677 868 utraque
1729 797 1943 868 apodosi
1995 800 2239 854 additum
2294 799 2358 855 ἄν
2429 842 2436 854 ..

374 891 623 962 requirit.
2433 872 2436 874 ’

449 979 562 1033 Non
606 984 685 1031 est
725 976 890 1030 Attici
933 975 1125 1029 nitoris
1166 974 1219 1026 in
1265 977 1293 1044 §
1337 978 1421 1027 15.
1477 974 1554 1033 τίς
1595 975 1699 1030 ἐςιν
1737 972 1862 1028 οὕτω
1904 975 2058 1036 δεινὸς
2101 977 2358 1048 [λέγειν],

372 1068 468 1126 ἰός-ε
511 1088 567 1121 σε
609 1073 786 1120 πεῖσαι
824 1063 1021 1127 λέγων,
1061 1069 1169 1115 tam
1213 1062 1496 1114 invenuste
1529 1061 1704 1126 λέγειν
1741 1069 1796 1115 et
1830 1063 1998 1128 λέγων
2035 1066 2355 1119 consociare.
2434 1044 2436 1046 .

375 1156 631 1212 Additum
686 1153 855 1218 λέγων
899 1150 1026 1204 facit
1080 1158 1138 1203 ut
1178 1150 1352 1214 λέγειν
1402 1149 1474 1202 sit
1525 1150 1755 1203 otiosum
1808 1157 1862 1204 et
1907 1151 2216 1222 inelegans,
2270 1170 2357 1224 po·
2433 1136 2436 1139 ’

375 1247 589 1315 tuitque
629 1240 884 1295 facillime
922 1256 953 1294 a
993 1238 1157 1293 sciolo
1198 1237 1466 1302 adscribi,
1519 1238 1611 1307 qui
1649 1238 1803 1298 δεινός
1845 1239 2015 1293 solum
2063 1257 2163 1294 non
2206 1249 2359 1311 puta·
2433 1238 2436 1239 ⁷

375 1333 514 1387 verit
549 1347 666 1385 esse
707 1329 855 1382 satis,

452 1421 519 1474 Ut
560 1417 715 1471 modo
755 1415 819 1470 ἄν
852 1415 1218 1469 necessarium
1259 1414 1630 1468 revocavimus
1665 1414 1742 1468 sic
1775 1414 1915 1469 male
1957 1415 2236 1470 abundans
2274 1433 2359 1470 ex·

378 1506 680 1580 pellendum
724 1511 804 1559 est
844 1503 910 1557 II.
953 1520 1002 1555 v,
1048 1505 1132 1555 18.
1189 1501 1339 1556 ἄλλα
1378 1502 1575 1570 χωρίων
1627 1503 1922 1564 ἐπιτηδείων
1981 1505 2102 1569 ὑμῖν
2143 1505 2361 1559 ἐπιτίθε-
2427 1473 2436 1570 Ξ

375 1598 491 1650 σθαι
531 1596 735 1661 ἀπορεῖν
777 1590 890 1663 [ἄν]
935 1610 1009 1644 σοι
1051 1591 1323 1655 δοκοῦμεν;
1382 1589 1572 1644 Nullus
1620 1598 1703 1644 est
1739 1590 1827 1645 hic
1861 1591 2159 1662 particulae
2193 1591 2358 1646 locus,
2425 1575 2436 1656 5

373 1685 486 1739 Non
529 1682 697 1736 sumit
752 1680 852 1734 hoc
905 1677 1290 1749 Tissaphernes
1343 1685 1438 1731 aut
1486 1677 1770 1748 cogitando
1804 1678 1959 1750 fingit
1998 1681 2088 1734 οὐκ
2129 1680 2193 1734 ἂν
2234 1684 2359 1735 αἰπο-
2431 1656 2436 1689 ³

377 1775 612 1841 ροίημεν,
670 1767 761 1823 sed
803 1767 857 1822 id
899 1765 1039 1838 quod
1089 1782 1174 1820 res
1227 1772 1307 1819 est
1358 1765 1527 1828 dicit,
1581 1766 1638 1819 οὔ
1677 1771 1835 1833 φησιν
1875 1769 2112 1835 ἀπορεῖν,
2153 1775 2205 1822 et
2246 1769 2362 1823 eius
2424 1828 2426 1830 ,

375 1863 456 1916 rei
497 1859 703 1930 copiam
754 1863 806 1911 et
853 1854 1163 1909 facultatem
1208 1870 1310 1907 non
1354 1871 1463 1906 esse
1510 1871 1663 1923 posse
1702 1862 2087 1909 commemorat
2127 1855 2229 1909 sihi
2269 1862 2362 1909 aut

375 1953 524 2023 sore,
565 1945 658 2001 sed
698 1962 806 1999 esse
845 1942 1094 1997 affirmat.
2416 1876 2436 2049 Ι

452 2037 509 2091 ln
555 2039 583 2107 ξ
623 2038 713 2088 27.
759 2030 891 2086 mihi
931 2044 1143 2102 quoque
1182 2027 1525 2082 vehementer
1564 2027 1736 2100 placet
1777 2029 2047 2085 Schael'eri
2090 2031 2361 2086 coniectu·

378 2144 434 2181 ra
494 2126 642 2185 δῆλος
683 2119 738 2183 ἦν
778 2118 915 2174 πάνυ
955 2119 1176 2185 φιλικῶς
1217 2116 1437 2183 οἰόμενος
1488 2116 1772 2172 διακεῖσθαι
1822 2120 1962 2187 αὐτῷ
1999 2119 2362 2188 Τισσαφέρνην
2430 2127 2436 2169 l

376 2229 472 2287 pro
511 2211 794 2268 διακεῖσθαι
834 2208 904 2275 τῷ
950 2205 1336 2274 Τισσαφέρνει,
1378 2221 1514 2276 quae
1554 2204 1713 2260 lectio
1754 2207 1921 2261 risum
1961 2215 2169 2269 movet,
2213 2223 2361 2261 nam·
2426 2176 2436 2275 5

376 2319 482 2374 que
522 2302 739 2369 φιλικῶς
779 2294 1036 2350 διάκειται
1078 2309 1181 2346 non
1229 2292 1322 2364 qui
1376 2292 1654 2364 diliqitur,
1706 2293 1798 2348 sed
1836 2296 1928 2365 qui
1969 2295 2199 2350 alterum
2241 2296 2359 2350 dili·
2421 2275 2436 2410 ἑ

375 2391 474 2462 qil,
531 2382 980 2459 quemadmodum
1036 2382 1225 2448 ἐχθρῶς
1268 2387 1322 2435 et
1373 2382 1653 2449 ἀλλοτρίως
1702 2383 2024 2448 διακεῖσθαι,
2084 2401 2186 2438 non
2246 2385 2360 2438 odio
2420 2407 2433 2451 j

369 2496 487 2534 esse
535 2475 626 2531 sed
682 2473 848 2528 odisse
888 2468 1174 2540 significat.
1256 2467 1344 2522 Sic
1403 2469 1591 2531 οἰκείως
1648 2471 1934 2526 διακεῖσθαι
1995 2473 2213 2543 ponitur
2264 2488 2361 2543 pro
2420 2470 2426 2506 ⁴⁷

374 2574 550 2637 φιλεῖν
583 2607 597 2627 ,
647 2579 752 2617 non
804 2576 899 2631 pro
957 2558 1263 2627 φιλεῖσθαι,
1317 2555 1408 2611 sed
1463 2557 1651 2618 οἰκείως
1707 2558 1848 2627 ἔχειν
1907 2559 2359 2630 quemadmodum

377 2657 531 2726 φίλον
590 2649 717 2706 εἶναι
778 2646 1084 2720 promiscue
1139 2644 1341 2699 dicitur
1398 2645 1487 2699 ἐπί
1530 2667 1588 2699 τε
1649 2651 1738 2700 τοῦ
1798 2651 2070 2716 φιλοῦντος
2129 2649 2216 2703 καὶ
2271 2653 2359 2703 τοῦ
2415 2652 2426 2699 f

375 2740 708 2814 φιλουμένου.
789 2736 1005 2790 Passive
1060 2732 1200 2805 apud
1255 2732 1667 2788 Demosthenem
1717 2732 1861 2789 Orat.
1899 2736 1967 2790 X.
2014 2739 2102 2791 52.
2189 2735 2362 2800 Olim,

377 2831 592 2902 inquit,
633 2826 920 2880 Persarum
958 2840 1136 2894 reqem
1177 2822 1358 2876 Graeci
1393 2838 1567 2875 omnes
1607 2822 1859 2876 oderant:
1900 2829 1983 2877 νῦν
2023 2825 2166 2878 δὲ-
2190 2822 2360 2879 ἅπασι

378 2927 483 2979 τοῖς
521 2918 774 2976 Ἕλλησιν
815 2911 1002 2970 οἰκείως
1044 2910 1175 2978 ἔχει.
1256 2910 1394 2964 Hinc
1431 2907 1785 2980 Theophrasti
1819 2910 1969 2965 locus
2020 2912 2235 2966 restitui
2273 2929 2360 2984 po·
2431 2893 2435 2983 5

377 3007 508 3061 terit
547 3005 602 3058 in
645 3001 914 3055 Charactt.
959 2999 1165 3063 XXIV,
1222 2997 1312 3052 ubi
1359 2998 1412 3051 in
1470 2998 1671 3068 optimo
1726 2998 1965 3052 Palatino
2019 2998 2209 3054 Codice
2249 3007 2358 3054 est:
2402 2986 2436 3063 5

373 3094 532 3153 δεινὸς
573 3091 747 3155 λέγειν
800 3089 862 3147 ὡς
910 3107 1085 3152 μετα
1145 3085 1470 3152 εὐάνδρου
1526 3086 1648 3159 (sic)
1710 3087 2058 3153 ε’ςρατεύσατο
2113 3089 2225 3142 καὶ
2280 3092 2357 3149 ὡς
2400 3065 2436 3155 {⁴

377 3183 518 3249 αὐτῷ’
558 3176 732 3246 εἶχεν,
791 3173 884 3228 sed
939 3173 1217 3244 scripsisse
1278 3173 1706 3245 Theophrastum
1758 3176 2033 3245 suspicor:
2089 3178 2152 3236 ὡς
2210 3178 2354 3241 μετ’
2399 3177 2403 3180 ’

378 3266 831 3331 Ἀλεξάνδρου
870 3262 1219 3329 ἐςρατεύσατο
1260 3261 1345 3314 καὶ
1387 3264 1650 3321 οἰκείως
1693 3264 1832 3329 αὐτῷ
1874 3259 2036 3329 εἶχεν.

454 3359 516 3412 ln
556 3351 723 3409 Anah.
763 3350 829 3404 lI.
872 3367 918 3402 v.
964 3354 1052 3403 55.
1114 3365 1208 3419 pro
1249 3349 1566 3416 ἠμφιγνόουν
1607 3349 2012 3404 rescribendum
2068 3358 2148 3405 est
2189 3355 2356 3420 ἠμφε·
2422 3366 2425 3390 ÷

375 3445 582 3513 yvo'ovv‚
623 3441 701 3495 sic
733 3439 905 3501 enim,
945 3437 1107 3491 sicuti
1147 3442 1200 3490 et
1225 3438 1628 3504 ἠμφεσβήτουν,
1663 3444 1972 3492 constanter
2001 3439 2353 3494 Athenienses

378 3532 617 3587 solebant
675 3527 890 3590 dicere,
944 3523 1036 3579 sed
1092 3522 1298 3578 scribae
1358 3524 1411 3576 in
1470 3524 1574 3578 illis
1631 3525 1957 3595 refingendis
2006 3529 2354 3599 conspiranh‘

378 3614 828 3691 quemadmodum
878 3620 930 3668 et
978 3614 1031 3665 in
1094 3612 1412 3676 ἠντεδίκουν,
1473 3612 1610 3683 quod
1669 3614 1722 3667 in
1766 3615 2038 3675 ἠντιδίκουν
2092 3615 2157 3669 de
2211 3630 2354 3669 more
2418 3591 2419 3596 ἵ
