2436 4068
1018 168 1124 219 795

78 326 176 373 est.
257 319 315 372 In
358 315 705 388 Xenophonte
741 314 918 368 rarius
956 313 1034 366 sic
1074 317 1357 384 peccatur,
1399 325 1504 381 quo
1546 307 1756 364 facilius
1798 311 2051 366 mendum

19 395 22 398 ’
80 408 126 461 si
166 406 306 477 quod
346 405 583 460 occurrit
616 403 786 458 'eximi
829 407 1016 474 potest.

155 494 237 548 Ex
282 494 524 564 margine
584 493 801 562 irrepsit
854 489 1295 544 annotatiuncula
1328 488 1418 542 IX.
1461 491 1521 542 4:
1586 487 1796 560 [εἰδέναι
1850 489 1902 543 δὲ
1954 492 2056 557 χρὴ

80 581 159 637 ἔτι
194 584 244 636 ἐν
276 581 415 651 ἵππῳ
449 581 520 635 ταὶ
558 580 838 643 ἐξαπιναῖα
877 578 1110 646 τάραχον
1147 577 1472 650 ἐργάζεται]
1514 575 1714 649 Nempe
1746 576 1846 631 hoo
1880 578 2059 648 ipsum

84 670 373 742 Xenophon
434 668 643 723 dixerat
702 667 793 722 sed
853 667 1126 738 aliquanto
1183 665 1406 720 melius:
1467 663 1621 719 ἵππον
1677 665 1926 734 ταράττει
1987 667 2060 721 τά

19 783 21 793 ’
78 758 361 822 ἐξαπιναῑα
419 758 506 812 καὶ
562 754 805 823 ὁράματα
865 754 951 809 καὶ
1013 755 1328 818 ἀκούσματα
1382 754 1468 807 καὶ
1529 754 1858 820 παθήματα,
1918 754 2060 826 quod

80 846 244 901 sciolo
284 842 626 900 memorabile
668 844 841 897 visum
893 850 1010 904 est,
1062 842 1243 912 itaque
1284 842 1337 894 in
1389 857 1482 895 ora
1535 841 1661 895 libri
1717 841 1892 897 verbis
1946 843 2062 896 suis

15 931 18 940 '
82 934 379 989 annotavit.

16 1008 19 1017 ’
159 1022 333 1077 Sensu
383 1036 614 1075 vacuum
671 1024 753 1073 est
804 1017 945 1090 quod
1005 1016 1185 1072 editur
1219 1015 1284 1070 X.
1329 1019 1389 1071 2:
1450 1015 1522 1071 τά
1573 1038 1633 1072 τε
1678 1017 1784 1086 γὰρ
1844 1019 2058 1085 ςόματα

79 1109 318 1171 ἕλκοντες
361 1108 462 1163 ἂνω
509 1106 663 1163 άντὶ
710 1111 824 1161 τοῦ
866 1108 1157 1174 προορᾶν
1210 1105 1529 1173 ἐκτυφλοῦσι
1568 1105 1685 1166 τοὺς
1735 1103 1922 1167 ἵππους
1969 1106 2058 1161 καὶ

14 1190 26 1195 ⁴⁷
82 1198 430 1267 μυωπίζοντες
470 1196 556 1252 καὶ
597 1195 837 1255 παίοντες
890 1195 1283 1256 ἐκπλήττουσιν.
1364 1192 1534 1247 Unius
1589 1192 1864 1248 litterulae
1903 1195 2061 1248 omis-

86 1288 237 1343 sione
277 1287 363 1341 hic
400 1301 611 1358 quoque
649 1283 797 1338 locus
838 1282 1255 1351 ἐκτετύφλωται.
1333 1279 1575 1335 Emenda
1625 1281 1742 1336 ἀντὶ
1791 1286 1882 1336 τοῦ
1929 1303 2062 1349 προ-

6 1382 12 1390 ’
84 1380 283 1443 ορμᾶν
330 1382 383 1430 et
419 1374 519 1428 loci
556 1371 821 1427 sententia

8 1461 12 1470 ’
386 1460 771 1528 ἐξωμμάτωται
810 1459 897 1513 καὶ
936 1456 1335 1525 λελάμπρυνται
1376 1457 1546 1526 κόρας.

8 1623 10 1626 ⁸
164 1551 485 1624 Saepissime
536 1548 663 1604 alibi
726 1554 1001 1602 correctus
1054 1562 1206 1600 error
1258 1546 1440 1599 etiam.
1486 1545 1543 1599 X.
1602 1550 1652 1600 5.
1713 1547 2064 1619 corrigendus

8 1696 11 1699 .
83 1647 170 1695 est.
209 1640 261 1693 in
303 1639 514 1694 verbis:
554 1635 677 1692 ὅταν
716 1658 794 1697 τις
833 1636 988 1690 αὐτὸν
1027 1636 1098 1696 εἰς
1139 1638 1315 1688 ταῦτα
1359 1631 1562 1701 προάγῃ
1600 1664 1674 1674 —-
1714 1636 2064 1703 περίβλεπτον

8 1723 12 1726 ’
83 1729 467 1796 ἀποφαίνει
510 1726 597 1780 τὸν
638 1724 811 1780 ἵππον.
891 1724 1022 1791 Quis
1064 1739 1165 1776 non
1209 1720 1463 1792 intelligit
1518 1723 1789 1791 άποφανεῖ
1819 1723 2063 1794 requiri?

161 1817 276 1871 Non
318 1814 628 1887 infrequens
665 1813 855 1866 vitium
902 1829 965 1866 ex
1006 1811 1314 1882 sequiorum
1365 1809 1692 1880 negligentia
1736 1817 1926 1865 natum
1971 1810 2067 1865 du-

87 1904 219 1960 dum
276 1903 548 1958 sublatum
605 1901 842 1973 oportuit
892 1916 956 1954 ex
1001 1900 1089 1953 XI.
1133 1901 1195 1952 6:
1248 1896 1298 1951 εἴ
1351 1918 1430 1958 τις
1487 1900 1708 1966 ὅρχηςην
1763 1900 2062 1968 μαςιγῴη

85 1995 172 2048 καὶ
215 1992 470 2060 κεντρίζοι.
551 1989 663 2044 Non
705 1995 787 2043 est
814 1987 1079 2043 Graecum
1118 1985 1391 2054 μαςιγῴην
1427 1985 1516 2040 sed
1554 1988 1849 2052 μαςιγοίην.
1904 1987 2062 2044 Grae·

83 2080 196 2137 culi
250 2096 407 2152 saepe
463 2078 640 2147 άλῴη,
691 2077 822 2146 δῴη,
881 2076 1017 2144 γνῴη
1077 2082 1131 2130 et
1183 2076 1306 2129 sim.
1369 2074 1558 2129 vitiose
1617 2074 1914 2131 scribentes
1968 2093 2064 2148 pro

86 2171 264 2231 άλοΙη,
305 2169 445 2231 δοίη,
498 2167 640 2233 γνοίη
692 2164 994 2221 istiusmodi
1048 2160 1230 2217 sordes
1279 2161 1533 2215 Veterum
1585 2165 1949 2218 monumentis
1989 2164 2063 2219 af·

83 2258 400 2313 fricuerunt.

11 2341 15 2347 ’
161 2343 390 2400 Mirabili
427 2342 656 2414 quodam
698 2358 879 2397 errore
918 2340 1142 2396 affectus
1180 2343 1261 2393 est
1300 2337 1449 2392 locus
1484 2339 1572 2393 XI.
1616 2343 1671 2394 9:
1713 2337 1841 2395 οὕτω
1883 2342 1933 2394 δὲ
1975 2343 2062 2396 καὶ

89 2436 192 2494 ἔςιν
229 2435 252 2488 ὁ
291 2432 603 2500 μετεωρίζων
648 2432 830 2485 ἑαυτὸν
870 2428 1024 2491 ἵππος
1080 2428 1278 2495 σφόδρα
1332 2426 1360 2489 ἢ
1415 2429 1608 2482 καλὸν
1664 2430 1692 2492 ἢ
1741 2430 2064 2494 θαυμαςὸν

88 2527 117 2589 ἣ
158 2522 423 2588 άγαςὸν
471 2522 535 2581 ὦς
576 2517 784 2573 πάντων
823 2521 920 2573 τῶν
973 2517 1190 2585 ὁρώντων
1238 2514 1324 2570 καὶ
1366 2514 1484 2569 νέων
1523 2516 1610 2570 καὶ
1647 2516 1950 2583 γεραιτέρων
1991 2518 2062 2572 τοὶ

85 2611 308 2679 ὄμματα
340 2609 576 2676 κατέχει.
658 2606 832 2673 Quae,
873 2623 1097 2678 quaem,
1138 2611 1219 2660 est
1260 2601 1350 2656 illa
1388 2601 1703 2658 distinctio?
1747 2605 1904 2675 quasi
1936 2621 2061 2660 vero

87 2699 273 2756 eadem
316 2715 401 2753 res
440 2683 545 2751 non
586 2694 748 2749 simul
778 2693 1004 2766 pulchra
1034 2700 1087 2748 et
1118 2693 1446 2749 admirabilis
1477 2709 1592 2747 esse
1627 2698 1821 2764 posset.
1904 2693 2063 2748 Prae-

88 2794 235 2843 terea
286 2786 501 2853 ἄγαμαι
553 2790 608 2838 et
661 2781 945 2850 θαυμάζω,
999 2781 1202 2846 άγαςός
1237 2789 1291 2838 et
1343 2781 1607 2848 θαυμαςός
1658 2779 1798 2836 idem
1841 2787 1958 2844 est,
2003 2789 2064 2836 ut

87 2893 148 2930 ea
204 2892 269 2929 ne
317 2873 571 2943 coniungi
627 2870 844 2943 quidem
900 2870 1138 2942 possint,
1195 2869 1391 2925 nedum
1448 2868 1704 2940 disiungi.
1801 2868 1952 2936 Quod
2009 2872 2062 2924 in

86 2963 246 3020 Codd.
297 2970 377 3019 est
434 2958 633 3025 ἀγαθόν
689 2975 782 3031 pro
829 2956 1033 3023 άγαςόν
1088 2956 1239 3013 ducit
1292 2958 1359 3013 ad
1417 2974 1606 3013 verum
1659 2956 2058 3013 inveniendum.

87 3053 268 3122 Quum
307 3050 450 3106 enim
487 3046 727 3114 ὠγαςόν,
771 3052 828 3100 ut
882 3062 1037 3118 saepe
1085 3044 1250 3111 alibi,
1292 3047 1346 3100 in
1387 3045 1584 3111 ἀγαθόν
1626 3051 1941 3115 corruptum
1982 3062 2060 3099 es-

89 3148 172 3197 set
210 3147 263 3195 et
303 3138 452 3193 locus
503 3137 581 3190 sic
622 3137 859 3206 scriptus
895 3150 996 3188 non
1040 3140 1217 3206 posset
1251 3134 1511 3207 intelligi,
1552 3131 1839 3203 adscripsit
1882 3134 2061 3187 nescio

88 3230 212 3302 quis
246 3228 300 3281 in
341 3242 435 3280 ora
474 3223 599 3279 libri
637 3223 1001 3278 coniecturam
1055 3221 1357 3294 duplicem:
1401 3225 1429 3287 ἢ
1480 3222 1685 3276 καλὸν
1726 3220 1754 3283 ἢ
1809 3220 2061 3286 θαυμα-

86 3318 236 3377 ςόν,
277 3313 479 3370 scilieet
517 3312 840 3367 alterutrum
884 3309 1160 3365 commode
1197 3328 1291 3383 pro
1328 3311 1506 3382 inepto
1551 3306 1749 3374 ἀγαθόν
1802 3306 2059 3364 substitui

89 3420 239 3478 posse
277 3401 583 3457 admonens,
665 3398 864 3455 Deinde
906 3399 998 3471 qui
1038 3399 1135 3453 ista
1180 3415 1458 3471 perperam
1501 3397 1551 3451 in
1597 3402 1802 3451 textum
1857 3399 2059 3469 recepit

89 3493 308 3548 tertium
351 3492 378 3551 ἥ
421 3488 485 3544 de
516 3505 612 3543 suo
646 3488 891 3544 inseruit.
972 3488 1199 3560 Reperta
1241 3485 1403 3542 semel
1446 3502 1569 3541 vera
1608 3485 1876 3557 scriptura
1915 3488 2058 3551 027oe-

87 3582 171 3642 ςόν
215 3582 339 3652 (quo
376 3577 635 3634 adiectivo
674 3576 1042 3634 lubentissime
1086 3575 1372 3648 Xenophon
1418 3574 1590 3630 utitur
1626 3589 1720 3646 pro
1770 3575 2053 3647 θαυμαςόν)

1662 3666 1707 3697 80
