2436 4068
1020 187 1125 238 245

97 335 318 391 nichum
358 332 634 387 Comicum
674 336 757 384 εει
793 331 847 384 in
877 330 1052 386 Schol.
1093 330 1364 402 Aristoph.
1406 329 1474 384 ad
1510 330 1663 402 Vesp.
1696 334 1820 386 500.

460 419 771 487 τριώβολον,
808 451 883 460 --
921 417 1132 487 ὅσουπερ
1163 419 1461 487 ἦλιάζομαι.

171 507 398 564 Persecti
437 505 685 562 futurum
726 506 1110 573 άπηλλάξομαι
1161 507 1370 562 duobus
1410 506 1542 561 locis
1584 507 1727 578 apud
1773 508 2081 566 Demosthe-

95 614 218 654 nem
262 594 660 651 restituendum
702 612 820 650 esse
856 612 1083 660 censeo,
1127 596 1219 650 ubi
1255 612 1400 650 nunc
1440 595 1494 649 in
1534 595 1651 650 eius
1683 595 1860 651 locum
1898 601 2082 653 οἷοι-αλ·

14 692 38 753 ς
96 683 324 750 λέξομαι
376 684 612 755 irrepsit.
693 683 844 738 Alter
875 690 957 737 est
996 683 1051 736 in
1093 682 1349 755 Leptinea
1389 701 1438 754 p.
1479 686 1604 739 465.
1645 685 1764 740 τίνα
1797 683 1879 748 οὖν,
1926 690 2083 758 ῥαςώ·

30 766 35 820 ἶ
95 794 180 838 νην
218 780 326 834 τοῖς
376 779 590 832 πολλοῖς
642 772 666 825 ὂ
712 773 798 832 σὸς
839 778 978 826 ποιεῖ
1013 770 1198 836 νόμος,
1256 772 1299 825 εἰ
1346 774 1474 837 μιᾶς
1515 772 1543 835 ἢ
1581 774 1712 835 δυοῖν
1754 778 1954 843 φυλαῖν
1992 775 2082 832 ἕνα

28 874 36 880 ·
94 863 319 932 χορηγὸν
358 861 654 924 καθίςησιν,
693 856 746 920 ὃς
785 891 861 899 ——
899 859 1034 914 τοῦθ’
1068 856 1222 922 ἅπαξ
1255 861 1473 923 ποιήσοις
1507 861 1924 928 ἀπαλλάξεταις
1967 882 2084 920 sen-

96 954 237 1006 tisne
271 949 479 1020 requiri
514 948 931 1014 ἀπηλλαγμένος
971 947 1086 1005 ἔςαι
1128 947 1183 1001 id
1223 954 1305 1002 est
1341 947 1754 1012 ἀπηλλάξεταιὲ
1832 952 1982 1008 Alter
2030 955 2085 1009 in

99 1038 434 1093 Timocraten
494 1053 547 1108 p.
593 1040 719 1092 727.
776 1037 856 1097 τίς
902 1035 1009 1103 γὰρ
1059 1038 1114 1090 οὐ
1168 1044 1419 1105 ποριεῖται
1471 1037 1710 1106 φαύλους
1765 1042 2085 1108 ἀνθρώπους,

95 1123 180 1188 οὓς
225 1122 351 1181 ὅταν
409 1127 559 1192 ὑμεῖς
606 1126 1102 1194 ἀποχειροτονήσητε
1150 1124 1563 1189 ἀπαλλάξεται,
1607 1126 1700 1180 sed
1749 1145 1855 1182 non
1901 1132 2086 1186 ἀπαλ-

97 1212 352 1279 λάξεται,
391 1213 449 1268 id
488 1221 569 1269 εει
604 1214 849 1278 ἄπεισιν,
897 1213 1061 1267 abibit
1086 1255 1100 1279 ,
1156 1214 1422 1268 sententia
1463 1214 1731 1286 postulat,
1772 1216 1865 1271 sed
1901 1218 2087 1273 libera-

99 1311 183 1359 tus
221 1302 319 1356 en't
357 1300 414 1356 id
453 1309 535 1357 εει
572 1301 970 1367 ἀπηλλάξεται.
1048 1300 1250 1357 Eadem
1285 1301 1553 1356 medicina
1591 1302 1645 1356 in
1682 1303 1917 1360 Platonis
1957 1307 2086 1380 Rep.

50 1427 51 1430 =
100 1389 363 1448 utendum
398 1389 462 1444 V.
503 1406 553 1462 p.
593 1393 700 1446 465
741 1392 806 1448 D.
860 1390 1067 1446 πάντων
1106 1412 1168 1445 τε
1214 1392 1272 1454 δὴ
1321 1391 1511 1446 τούτων
1563 1392 1968 1458 ἀπαλλάξονται
2025 1397 2089 1471 (οἱ

96 1478 396 1551 φύλακες);
438 1494 543 1533 non
585 1480 728 1534 enim
765 1479 1124 1534 liberabuntur
1162 1478 1248 1533 his
1281 1479 1578 1542 molestiiS‚
1621 1497 1755 1551 quas
1790 1499 2089 1556 numquam
2147 1528 2149 1531 -

101 1574 426 1632 senserunt,
479 1566 572 1622 sed
624 1568 905 1632 vacabunt,
959 1566 1380 1631 ἀπηλλάξονται.
1472 1567 1660 1640 Itaque
1708 1571 2091 1640 ἀπηλλάξομαι

99 1656 302 1729 optime
350 1655 613 1711 Graecum
669 1673 786 1711 esse
839 1664 1062 1728 apparet
1112 1664 1166 1711 ει
1217 1655 1393 1710 tribus
1444 1654 1632 1712 formis
1683 1658 1888 1715 dudum
1948 1663 2090 1718 notis

99 1745 350 1813 ᾖρήσομαι
374 1786 390 1808 ,
442 1746 768 1811 ἦτιμώσομαι
817 1751 871 1799 ει
921 1743 1209 1813 ἀνεῴξομαι
1263 1743 1567 1799 addendum
1587 1750 1640 1810 ²,
1698 1763 1929 1818 quarum
1987 1758 2090 1806 ter-

24 1824 34 1839 ”
99 1833 234 1888 tiam
269 1831 580 1887 Dindorfius
619 1832 942 1898 vindicavit,
996 1832 1131 1888 duas
1169 1834 1376 1905 priores
1429 1833 1830 1903 ButtmannuS,
1886 1839 1979 1909 qui
2026 1840 2092 1896 de

21 1900 34 1989 'f
99 1919 187 1976 his
239 1919 428 1976 formis
479 1919 749 1976 disserens
793 1920 1125 1990 τετράψομαι
1174 1923 1250 1976 ita
1300 1924 1741 1977 commemoravit
1781 1931 1842 1979 ut
1882 1929 2092 1985 nescire

24 2014 34 2055 2
98 2026 157 2065 se
199 2008 347 2064 dicat
394 2015 580 2064 utrum
623 2025 685 2064 ea
727 2008 898 2064 forma
937 2009 1134 2064 alicubi
1174 2016 1347 2064 exstet
1390 2026 1576 2064 necne.
1660 2010 1833 2067 Semel
1874 2021 2088 2074 tantum

97 2096 232 2152 mihi
267 2097 407 2153 lecta
452 2104 569 2162 est,
615 2114 807 2169 nempe
842 2097 983 2170 apud
1026 2096 1356 2171 Hesychium
1394 2097 1774 2166 Τετράψομαι;
1815 2103 1887 2164 εἰς
1929 2105 2087 2161 ἐκεῖνο

96 2186 429 2252 τραπήσομαι
452 2227 467 2251 ,
523 2186 616 2257 qui
663 2186 923 2254 τρέψομαι
963 2185 1221 2241 debuerat
1280 2185 1495 2251 dicere,
1555 2186 1645 2242 sed
1705 2188 1952 2246 Graeculi
1993 2211 2091 2266 pro

96 2272 396 2342 ἕτραπόμην
436 2280 491 2328 et
540 2274 799 2342 τρέψομαι
840 2275 1030 2330 vitiose
1083 2273 1320 2330 solebant
1364 2274 1592 2344 ε’τράπην
1645 2284 1698 2331 ει
1751 2282 2087 2350 τραπησομαι

50 2395 68 2412 .
95 2361 292 2417 dicere.
391 2363 496 2434 Qui
547 2379 609 2417 eo
661 2379 824 2417 sensu
884 2362 1216 2432 τετράψομαι
1270 2365 1449 2436 posuit
1506 2365 1735 2438 Lyricus
1784 2375 1941 2439 poeta
1996 2379 2092 2426 aut

99 2449 363 2522 Tragicus
402 2449 506 2506 snit
530 2493 543 2516 ,
587 2450 784 2522 quibus
819 2450 1056 2507 solemne
1096 2458 1175 2507 εει
1217 2455 1538 2520 κεκλήσομαι
1580 2453 1760 2510 dicere
1793 2464 1846 2512 ει
1884 2459 2089 2526 βεβλή-

97 2557 256 2604 σομαι
277 2581 294 2602 ,
333 2538 632 2607 τεθάψομαι
655 2581 670 2603 ,
709 2538 1001 2605 τετάξομαι
1026 2581 1040 2605 ,
1095 2539 1377 2607 λελέξομαι
1401 2585 1416 2605 ,
1469 2543 1850 2611 πεπαύσομαι,
1891 2551 1921 2611 ἡ
1961 2550 2086 2618 θύρα

95 2628 411 2695 κεκλῄσεται
451 2634 506 2692 ει
543 2627 743 2683 similia
782 2644 877 2700 pro
908 2630 1230 2695 κληθήσομαι
1266 2635 1372 2687 ειε.
1452 2630 1688 2687 Caeteris
1721 2635 1971 2692 omnibus
2006 2659 2088 2693 κε-

94 2716 357 2782 κλήσομαι
395 2723 478 2772 est
517 2716 827 2783 κεκλημένος
882 2716 1066 2784 ἔσομαι
1106 2724 1208 2773 etc.
1264 2724 1325 2773 ut
1364 2718 1420 2773 in
1471 2720 1762 2792 Equitibus
1811 2731 1935 2780 noto
1974 2725 2089 2782 loco

94 2818 174 2860 vs.
219 2809 380 2860 1570.

164 3077 204 3143 ²)
252 3089 456 3142 Quintum
489 3089 726 3144 exemplum
760 3089 891 3131 latero
926 3088 1094 3131 videtur
1137 3091 1248 3145 apud
1283 3091 1449 3131 Suidam
1495 3104 1534 3132 v.
1583 3086 1888 3146 ’Ώρυσσον
1935 3093 2018 3135 καὶ
2063 3093 2087 3133 ό

99 3149 205 3205 μοι·
240 3147 408 3210 ὀλίγον
436 3147 627 3206 μέλλων
666 3147 1018 3210 ὀρύξομαι,
1063 3156 1136 3197 uhi
1174 3148 1482 3212 ὀρωρύξομαι
1516 3158 1777 3214 legendum,
1809 3175 1919 3215 quac
1953 3164 2082 3205 forma

100 3216 174 3259 nbi
207 3218 429 3262 deliteseat
462 3221 649 3262 nondum
683 3220 785 3261 mihi
821 3222 1000 3276 contigit
1034 3225 1232 3279 reperire.

167 3283 391 3327 Verissime
437 3289 646 3329 Porsonus
695 3289 867 3329 formam
902 3278 1197 3344 ἒςορήσομαι
1244 3290 1431 3345 Euripidi
1467 3293 1648 3334 reddidit
1690 3293 1733 3334 in
1771 3295 1906 3350 Iphig.
1944 3296 2080 3336 Aulid.

111 3350 250 3393 1202.

855 3417 940 3459 νῦν
972 3413 1017 3458 δ’
1054 3413 1144 3476 ἐγὼ
1177 3413 1264 3475 μὲν
1300 3417 1325 3474 ἡ
1359 3417 1413 3463 τὸ
1445 3418 1533 3466 σὸν

28 3522 29 3530 ¹
480 3475 698 3529 σώζουσα
734 3474 931 3537 λέκτρον
964 3477 1140 3531 παιδὸς
1175 3479 1492 3542 ίνςερήσομαι.

4 3559 17 3597 fl
105 3543 322 3583 barbarum
358 3551 421 3584 ost
461 3539 786 3602 ι’·ςσρήσομαιε
835 3550 946 3603 quod
983 3553 1192 3593 sententia
1232 3555 1405 3606 inquirit
1442 3546 1702 3609 ἑςερημὲνη
1739 3548 1909 3606 ι’συμαι
1947 3557 2073 3598 Attice

102 3611 318 3652 dicebatur
353 3601 656 3664 ἆςορήσομαι.
