2436 4068
1069 244 1136 294 85

96 393 411 459 corruptum
458 392 540 440 cst
581 386 634 439 in
671 385 788 440 εἴσω
827 388 904 450 δή.
987 387 1151 443 Nemo
1198 386 1493 458 quidquam
1538 385 1747 441 extudit
1789 386 1930 458 quod
1978 405 2094 443 sen·

98 475 323 529 tentiam
364 473 674 531 adiuvaret:
717 474 847 545 quid
887 475 1031 529 enim
1074 474 1289 546 prodest
1333 474 1509 546 legere
1541 475 1614 535 εἰς
1656 471 1822 539 ὃδεῖ,
1863 482 1953 530 aut
1995 478 2095 531 εἶσ-

97 563 233 632 βολῇ
271 568 364 616 aut
400 559 472 623 εἷς
505 563 609 624 ὁδί,
653 579 790 634 quae
838 578 942 615 non
980 563 1160 616 miuus
1204 579 1367 617 sensu
1412 579 1581 617 vacua
1615 569 1744 616 sunt
1778 569 1939 634 atque
1977 563 2095 619 εἵσω

96 650 174 712 δή.
253 649 367 704 Nou
423 650 575 704 video
626 649 757 720 quid
795 648 943 703 aliud
991 651 1316 705 sententiam
1360 650 1574 723 explere
1616 651 1782 721 possit
1827 667 2024 723 quam:
2074 653 2098 706 ὃ

98 739 323 803 πληγεὶς
374 740 418 793 δ’
469 738 655 792 ἔνδοθεν
705 738 1079 805 τιτρώσκεται,
1138 738 1280 808 quod
1326 738 1534 793 dictum
1589 745 1671 793 est
1723 746 1782 794 ut
1832 739 1937 794 alio
1982 739 2098 795 loco

98 825 239 897 apud
269 824 620 880 Menandrum
657 824 732 898 (in
774 823 988 879 Stohaei
1023 824 1204 879 Floril.
1229 825 1517 880 XXXVIII.
1556 826 1647 900 29)
1680 829 1787 882 πᾶν
1816 828 1874 882 τὸ
1906 841 2098 895 λυμαι-

97 912 302 979 νόμενόν
341 915 446 970 ἐςιν
487 911 693 967 ἔνδοθεν.
772 913 1000 967 Miretur
1038 912 1235 983 aliquis
1265 914 1530 983 quomodo
1569 915 1759 970 ἔνδοθεν
1798 916 1852 970 in
1883 914 2001 972 εἵσω
2036 918 2096 981 δή

100 1000 248 1056 abire
281 1001 550 1073 potuerit:
592 1000 799 1055 desinet
831 1001 1022 1056 mirari
1056 1000 1150 1073 qui
1187 999 1400 1054 Stohaei
1433 1001 1781 1074 Florilegium
1813 1004 2100 1077 diligenter

99 1087 167 1144 ad
213 1087 468 1142 Codicum
521 1088 778 1144 lectiones
824 1090 1092 1160 exegerit,
1144 1105 1267 1143 nam
1309 1089 1511 1161 passim
1553 1090 1757 1145 videbit
1799 1093 2100 1164 scripturas

98 1192 357 1249 apparere
397 1191 429 1230 a
462 1176 867 1232 Correctoribus
901 1177 966 1231 de
1005 1193 1104 1231 suo
1152 1176 1531 1249 interpolataS,
1569 1177 1767 1250 quibus
1817 1180 2099 1253 archetypi

100 1263 311 1319 Codicis
341 1253 563 1319 lacunas
594 1271 796 1320 temere
830 1272 881 1319 et
921 1264 1224 1320 inconsulto
1250 1265 1586 1337 supplerent:
1629 1266 1708 1320 sic
1741 1266 1857 1321 εἴσω
1895 1268 1953 1332 δή
1995 1284 2100 1321 non

100 1369 166 1408 ex
199 1353 386 1409 ἔνδοθεν
423 1360 612 1408 natum
650 1370 765 1408 esse
807 1352 1076 1418 arbitror,
1116 1353 1208 1408 sed
1243 1353 1494 1408 lacunam
1535 1355 1732 1408 veteris
1774 1354 1900 1409 libri
1941 1354 2101 1410 Grae-

100 1441 346 1496 culorum
399 1458 548 1496 more
591 1441 875 1514 expletam.
957 1441 1222 1508 Quoniam
1277 1459 1338 1497 ea
1383 1459 1470 1496 res
1510 1443 1790 1514 permagni
1840 1443 2100 1497 momenti

99 1535 182 1585 est
216 1528 280 1584 ad
322 1529 713 1584 aestimandam
751 1528 909 1583 fidem
946 1528 1271 1595 lectionum,
1314 1546 1452 1602 quae
1491 1530 1632 1601 apud
1674 1529 1961 1596 Stobaeum
1997 1531 2100 1585 cir-

100 1616 507 1682 cumferuntur,
538 1616 915 1671 demonstrabo
937 1618 1194 1690 exemplis
1219 1617 1603 1690 complusculis
1621 1661 1636 1683 ,
1659 1635 1797 1691 quae
1827 1619 1929 1673 sibi
1955 1620 2101 1691 quis·
2152 1616 2160 1664 ὲ

99 1722 204 1778 que
255 1704 411 1761 facile
460 1722 660 1777 augere
712 1707 939 1778 poterit,
999 1705 1053 1760 id
1098 1706 1240 1778 quod
1291 1705 1522 1761 subinde
1568 1706 1714 1771 dixi,
1768 1708 1823 1762 in
1876 1707 2101 1763 Stobaeo

101 1793 360 1849 audacem
401 1801 760 1850 correctorem
803 1801 1011 1849 veteres
1054 1795 1266 1850 Codicis
1307 1795 1530 1850 lacunas
1570 1802 1772 1850 temere
1805 1795 2101 1868 explevisse

100 1883 167 1938 de
209 1900 342 1945 suo,
401 1883 454 1936 in
493 1898 599 1954 qua
639 1900 700 1938 re
742 1882 1092 1937 manifestum
1135 1890 1384 1938 tenemus
1422 1882 1704 1938 falsarium
1746 1890 1799 1938 et
1841 1885 2097 1956 quoniam

98 1970 333 2026 absurda
386 1978 439 2026 et
481 1970 620 2025 male
658 1970 862 2026 Graeca
901 1971 1150 2043 supplere
1192 1970 1357 2035 solet,
1409 1978 1463 2026 et
1497 1972 1753 2043 quoniam
1793 1989 1855 2027 ea
1895 1980 2100 2028 temere

98 2059 358 2132 explevit,
399 2075 630 2132 quorum
669 2076 792 2115 vera
823 2066 877 2115 et
916 2060 1153 2131 genuina
1196 2060 1468 2131 scriptura
1505 2058 1658 2113 nobis
1692 2059 1910 2116 aliunde
1950 2069 2099 2117 certa

101 2146 204 2203 fide
233 2148 486 2203 innotuit.
567 2145 843 2219 Optimum
875 2146 1022 2203 factu
1051 2155 1132 2202 est
1166 2145 1407 2220 exempla
1431 2152 1579 2201 certa
1604 2163 1888 2220 apponere.
1940 2150 2096 2207 Euri·

94 2235 245 2309 pides
279 2235 520 2291 dixerat:

398 2327 443 2380 οἱ
483 2325 590 2393 γὰρ
630 2324 824 2392 Κύπριν
863 2325 1155 2394 φεύγοντες
1196 2325 1467 2392 ἀνθρώπων
1506 2322 1652 2390 ἄγοιν

402 2413 598 2468 νοσοῦσ’
634 2414 816 2479 ὁμοίως
856 2421 963 2475 τοῖς
1001 2412 1158 2478 ἄγοιν
1189 2412 1485 2482 θηρωμένοις
1506 2454 1519 2467 .

98 2507 323 2556 venuste
361 2500 568 2556 dictum
599 2503 833 2556 servavit
870 2500 1195 2556 Plutarchus
1232 2503 1286 2556 in
1317 2501 1454 2556 libro
1483 2507 1591 2563 τοῖς
1628 2502 1851 2569 ἡγεμόσι
1879 2505 1980 2558 δεῖν
2008 2503 2095 2558 τὸν

95 2588 384 2658 Φιλόσοφον
405 2589 740 2654 διαλέγεσθαι
764 2606 812 2662 p.
837 2592 963 2646 778.
987 2590 1071 2654 B.‚
1106 2589 1195 2645 ubi
1218 2590 1426 2645 scribae
1455 2583 2094 2647 ΑΓΧΘΗΡΩΜΕΝΟΙΣ

99 2675 458 2749 depravarunt
513 2678 566 2731 in
610 2678 772 2743 ἀγάθ’
814 2678 1105 2747 ᾐρημένοιςε
1158 2679 1402 2751 neglecta
1441 2679 1634 2734 lineola
1679 2701 1704 2733 ν
1742 2679 2007 2735 absumsit
2041 2688 2096 2736 et

97 2763 259 2831 dyeia·
307 2765 602 2821 oscitanter
649 2768 1017 2840 scripserunt,
1067 2767 1259 2822 deinde
1301 2766 1443 2839 quod
1489 2774 1770 2840 supererat
1809 2776 2094 2824 ΗΡΩΜΕ-

0 2915 1 2924 ¹
98 2860 276 2909 ΝΟΙΣ
330 2853 384 2907 in
427 2854 735 2909 vocabulum
790 2855 916 2911 bene
967 2856 1222 2911 Graecum
1270 2857 1530 2925 ᾑρημένοις
1573 2863 1889 2911 mutarunt:
1945 2874 2093 2929 egre·

100 2942 215 3014 gie,
257 2948 317 2997 ut
351 2941 526 3006 vides,
581 2942 672 2998 sed
707 2960 769 2999 ea
809 2944 955 3000 labes
991 2951 1138 3000 certo
1177 2945 1413 3000 remedio
1453 2945 1634 3000 sanari
1677 2945 1868 3017 potuit.
1950 2946 2089 3014 Quin

103 3030 308 3084 utimur
328 3029 512 3085 eodem
544 3032 597 3085 in
620 3032 894 3103 praeclara
916 3033 1184 3088 sententia
1206 3033 1484 3106 Euripidis
1507 3033 1561 3088 in
1583 3032 1764 3089 Floril.
1794 3032 1975 3090 XLIII.
2001 3038 2090 3091 20.

402 3117 439 3173 οἳ
479 3121 553 3185 μη
594 3119 700 3188 γάρ
740 3121 816 3177 ἐςι
855 3123 925 3189 τῷ
966 3121 1137 3184 πένηθ’
1179 3123 1202 3176 o‘
1242 3123 1484 3185 πλούσιος

402 3207 586 3262 δίδωσῖ
626 3205 662 3263 ἃ
703 3210 746 3263 δ’
786 3210 829 3263 οἱ
870 3213 1213 3271 πλουτοῦντες
1254 3213 1309 3266 οὐ
1348 3211 1646 3277 κεκτήμεθα

403 3304 563 3351 τοῖσιν
602 3297 780 3359 πένησι
821 3299 1074 3366 χρώμενοι
1110 3301 1412 3366 τιμώμεθοο,

100 3383 189 3439 alii
237 3385 557 3449 πειθώμεθοοε
608 3383 833 3440 emenda
872 3387 1131 3455 θηρώμεθοο
1180 3394 1232 3443 et
1273 3391 1343 3456 τῷ
1386 3388 1563 3450 πένητι
1614 3388 1853 3449 πλούσιος
1903 3386 2084 3442 δίδωσ’.

105 3470 236 3527 Vide
277 3489 419 3527 nunc
454 3472 583 3544 quid
616 3473 826 3544 legatur
865 3475 918 3529 in
962 3475 1140 3530 Floril.
1185 3476 1366 3530 LXIII.
1407 3480 1456 3531 5.

405 3562 446 3615 οἱ
482 3561 587 3628 γὰρ
628 3562 819 3630 Κύπριν
860 3563 1149 3631 Φεύγοντες
1191 3564 1456 3632 ἀνθρώπων
1492 3563 1635 3630 ἄγαν

405 3654 596 3705 νοσοῦσ’
632 3651 811 3715 ὁμοίως
853 3658 957 3714 τοῖς
999 3654 1252 3708 διώκουσιν
1299 3651 1443 3718 ἄγαν
