2436 4068
1068 201 1167 251 0271

129 347 320 401 tonicis
377 343 600 414 dialogis
639 343 1055 408 circunisertin·‚
1111 362 1160 415 p.
1204 348 1323 398 146.
1366 347 1420 398 C.
1473 347 1661 401 vitiose
1716 347 1945 418 legitur:
1999 351 2103 404 ὀλι-

119 435 276 499 γάκις
312 434 406 498 μὲν
457 436 705 500 ὠφελεῖν,
756 430 1023 498 βλάπτειν
1062 433 1114 486 δὲ
1147 432 1218 486 τα
1259 433 1421 486 πλείω
1444 475 1459 497 ,
1499 450 1594 505 pro
1632 434 1792 500 ὀλίγα
1833 439 1930 501 μὲν
1969 440 2102 506 ὠφε-

119 528 264 583 λεῖν,
322 520 462 590 quod
522 528 582 574 tu
622 537 833 591 repone.
913 519 1231 574 Huiusmodi
1288 522 1416 575 vitia
1470 521 1639 576 multa
1700 525 1898 595 passim
1961 526 2104 579 inter

116 606 401 679 legendum
443 614 740 662 occurrunt
780 604 962 661 eodem
998 624 1178 662 errore
1218 617 1465 681 suscepta
1515 609 1698 666 eodem
1740 612 1978 667 remedio
2018 629 2101 667 sa-

115 695 476 838 naltlllijtllicibus
516 782 571 835 in
620 781 714 835 tali
754 797 814 836 re
854 781 987 836 nihil
1028 799 1143 836 csse
1182 783 1508 838 credendum
1551 785 1632 840 vel
1688 787 1926 859 ipsorum
1983 806 2100 860 per-

115 877 308 943 petuae
347 871 706 925 dissensiones
758 869 948 925 docere
989 878 1231 942 possent:
1277 872 1399 942 quis
1438 873 1491 925 in
1534 874 1906 945 Aristophanis
1945 876 2100 931 Pluto

22 979 28 986 ·
111 977 190 1014 VS.
234 964 358 1015 129.
420 957 663 1031 probabit
706 958 864 1025 μείζω
916 957 1228 1023 δυνάμενον,
1286 960 1535 1028 quoniam
1586 962 1640 1014 in
1690 963 1999 1019 Ravennate
2038 966 2098 1019 li·

108 1048 207 1103 bro
252 1049 332 1103 sic
384 1045 624 1117 legitur?
704 1045 854 1101 Addo
906 1046 1187 1101 Aeschinis
1246 1044 1459 1110 locum,
1514 1048 1639 1118 quia
1680 1050 1853 1105 obiter
1906 1053 2098 1107 mendo

109 1136 328 1191 liberari
376 1135 607 1207 poterit;
658 1133 858 1205 legitur
910 1135 964 1188 in
1009 1132 1385 1205 Ctesiphontea
1435 1135 1462 1206 ᾖ
1504 1139 1631 1189 255.
1677 1139 1836 1198 οὐδεὶς
1889 1140 2097 1195 πώποτε

111 1226 322 1280 ἐπέθετο
366 1223 601 1291 πρότερον
641 1224 801 1288 δήμου
839 1224 1130 1278 καταλύσει
1177 1223 1290 1290 πρὶν
1331 1222 1396 1277 ἂν
1436 1223 1611 1292 μεῖζον
1662 1231 1759 1279 τῶν
1800 1227 2097 1294 δικαςηρίων

105 1314 317 1380 ἰσχύσῃ.
380 1310 620 1383 plerique
667 1310 887 1366 Codices
937 1310 1094 1378 μείζω
1147 1309 1376 1375 habent,
1435 1312 1658 1367 vitiose:
1718 1313 1812 1367 sed
1859 1316 1975 1383 πρὶν
2031 1315 2096 1371 ἂν

106 1402 303 1470 ἰσχύσῃ
334 1417 458 1455 cum
498 1399 706 1454 ἐπέθετο
742 1417 845 1453 non
880 1398 1014 1454 bene
1054 1400 1317 1470 iungitur.
1397 1399 1616 1456 Codices
1654 1402 1898 1469 ἰσχύσοι,
1942 1405 2092 1473 ἰσχύ-

100 1510 183 1544 σει
210 1531 225 1555 ,
265 1489 520 1556 ἰσχύσειν.
597 1488 843 1559 Corrige:
884 1488 999 1556 πρὶν
1037 1486 1212 1555 μεῖζον
1251 1492 1350 1542 τῶν
1388 1489 1686 1557 δικαςηρίων
1725 1492 1964 1558 ἰσχῦσαι.

182 1576 333 1644 Quod
372 1576 556 1632 editur
595 1577 648 1629 in
690 1575 990 1631 Heraclidis
1029 1593 1104 1629 vS.
1137 1579 1266 1630 978.

404 1666 528 1732 πρὸς
567 1669 744 1720 ταῦτα
781 1668 873 1728 τὴν
914 1667 1155 1732 θρασεῖαν
1193 1662 1299 1726 ὅςις
1338 1659 1404 1719 ἂν
1444 1665 1563 1735 θέλῃ

402 1754 493 1807 καὶ
532 1755 624 1816 τὴν
661 1758 946 1823 Φρονοῦσαν
985 1752 1159 1820 μεῖζον
1200 1753 1229 1816 ἢ
1269 1759 1499 1818 γυναῖκα
1537 1758 1641 1822 χρή

403 1840 558 1904 λέξει.
598 1843 657 1895 τὸ
697 1842 741 1895 δ’
780 1841 925 1909 ἔργον
963 1846 1107 1895 τοῦτ’
1147 1842 1258 1907 ἐμοὶ
1300 1841 1624 1909 πεπράξεται
1648 1885 1662 1908 ,

101 1931 146 1982 si
184 1931 307 2001 quis
359 1929 647 2001 diligenter
686 1930 1028 2002 perpenderit
1066 1938 1120 1984 et
1155 1929 1223 1984 ad
1261 1929 1585 1986 Graecitatis
1642 1948 1799 1987 usum
1848 1936 2088 2007 exegerit

100 2019 288 2072 vitiose
327 2017 533 2073 dictum
573 2035 690 2073 esse
739 2019 1032 2090 comperiet
1079 2025 1133 2072 et
1190 2034 1354 2073 sensu
1395 2017 1583 2074 idoneo
1622 2037 1871 2076 vacuum.
1950 2026 2082 2092 Πρὸς

95 2110 275 2161 ταῦτα
350 2122 456 2178 qno
509 2122 672 2161 sensu
731 2114 784 2161 et
840 2122 946 2178 quo
1003 2107 1184 2160 animo
1242 2105 1348 2160 dici
1410 2106 1576 2161 soleat
1631 2117 1842 2164 constat
1896 2112 2085 2167 multis

98 2194 392 2249 multorum
438 2194 712 2266 exemplis
791 2193 1172 2249 Luculentiora
1225 2202 1354 2249 sunt
1409 2195 1462 2249 in
1506 2196 1782 2270 Aeschyli·
1811 2198 2080 2255 Prometh.

96 2286 227 2339 992.
267 2290 322 2339 et
365 2287 526 2338 1045.
582 2284 636 2336 in
682 2281 956 2355 Sophoclis
1011 2283 1172 2338 Aiace
1211 2287 1343 2340 971.
1398 2285 1452 2337 in
1503 2282 1630 2339 Oed.
1682 2284 1808 2359 Tyr.
1852 2290 1980 2341 426.
2025 2289 2079 2342 in

95 2370 223 2427 Oed.
263 2370 440 2426 Coton.
478 2375 606 2427 455.
658 2371 712 2425 in
754 2371 968 2426 Electra
1008 2374 1153 2436 820,
1193 2372 1249 2426 in
1290 2372 1556 2445 Antigone
1593 2377 1732 2439 658,
1776 2373 1829 2428 in
1867 2375 2082 2448 Euripi-

94 2458 180 2515 dis
220 2459 415 2515 Phoen.
455 2462 580 2514 521.
631 2466 684 2514 et
723 2459 905 2515 Medea
943 2461 1116 2524 1558,
1159 2460 1212 2513 in
1267 2460 1642 2533 Aristophanis
1681 2461 1915 2519 Acharn.
1950 2468 2078 2520 659.

91 2555 148 2604 et
186 2548 375 2620 Vespis
413 2550 573 2603 1586.
655 2547 822 2621 Saepe
863 2547 931 2603 ab
980 2564 1042 2603 eo
1098 2556 1396 2621 usurpatur
1434 2551 1529 2622 qui
1570 2550 1851 2607 obfirmato
1897 2554 2078 2608 animo

0 2678 2 2681 .
88 2635 306 2709 quidvis
345 2653 403 2691 se
452 2637 655 2709 perpeti
696 2635 856 2692 malle
905 2635 1039 2691 dicit
1079 2653 1243 2708 quam
1281 2654 1312 2692 a
1352 2640 1623 2711 proposito
1662 2638 1958 2707 desistere,
2018 2649 2077 2698 ut

91 2727 149 2780 in
191 2724 537 2781 Prometheo:

23 2867 26 2877 ,
392 2817 514 2881 πρὸς
553 2819 731 2868 ταῦτα
770 2813 1016 2882 ῥιπτέσθω
1057 2816 1154 2879 μὲν
1194 2816 1517 2869 αἰθαλοῦσσα
1555 2817 1700 2885 φλόξ
1737 2850 1811 2859 ——-

0 2888 34 2973 ’ᾗ
388 2902 627 2970 γνάμψει
668 2903 773 2968 γαρ
812 2903 952 2956 οὐδὲν
991 2903 1143 2957 τῶνδέ
1181 2923 1270 2968 με.

0 3005 26 3060 ‚y
91 2997 145 3046 et
186 2991 239 3044 in
276 2990 613 3046 Phoenissis:

385 3081 506 3146 πρὸς
546 3082 700 3133 ταῦτ’
740 3079 830 3133 ἴτω
869 3080 965 3144 μὲν
1005 3083 1140 3147 πῦρ,
1181 3079 1270 3134 ἴτω
1310 3081 1362 3134 δὲ
1401 3081 1667 3150 φάσγανα
1706 3115 1779 3123 —-—

391 3171 455 3228 ὡς
496 3170 550 3222 οὐ
596 3168 805 3233 παρήσω
845 3168 961 3235 τῷδ’
1001 3168 1128 3232 ἐμὴν
1167 3171 1455 3236 τυραννίδα.

98 3253 183 3309 nbi
227 3254 343 3311 vide
387 3256 826 3311 Valckenacrium
850 3296 864 3318 ‚
903 3262 957 3309 et
997 3256 1051 3308 in
1093 3255 1558 3313 Acharnensibus:

390 3347 512 3411 πρὸς
550 3349 727 3398 ταῦτα
766 3342 938 3398 Κλέων
974 3343 1060 3397 καὶ
1103 3346 1438 3410 παλαμάσθω

392 3433 477 3486 καὶ
521 3436 626 3486 πᾶν
667 3434 748 3486 ἐπ’
789 3431 898 3497 ἐμοὶ
939 3433 1293 3487 τεκταινέσθω.

92 3525 143 3570 et
186 3519 401 3571 omnino
440 3521 604 3573 animi
647 3520 994 3592 pertinaciam
1037 3529 1090 3574 et
1129 3521 1540 3578 obstinationem
1592 3523 1771 3592 arguit
1814 3521 2064 3576 ferocien-

92 3607 161 3659 tis
202 3613 251 3659 ct
294 3605 423 3659 alios
463 3609 877 3671 contemnenti&
919 3616 973 3661 ut
1020 3609 1070 3662 in
1114 3609 1386 3679 Sophoclis
1429 3611 1584 3679 Aiace
1627 3613 1765 3662 1115
1802 3616 1851 3662 ct
1893 3613 2062 3671 1513,
