2436 4068
975 235 1086 286 499

38 401 103 440 ex
143 381 318 437 tribus
358 387 567 435 tantum
612 378 704 434 sed
740 380 959 452 optimis
996 378 1151 432 libris
1186 377 1562 446 παγχαλέπως
1605 386 1880 433 servatum
1920 386 2019 435 est.

41 472 240 541 Nempe
269 470 323 523 in
357 470 583 524 vetustis
606 468 759 522 libris
790 474 1303 531 ΠΑΝΧΑΛΕΠΩΣ
1331 466 1494 520 scribi
1526 465 1685 531 solet,
1715 466 1857 522 unde
1885 466 2024 522 πάνυ

40 560 294 629 χαλεπῶς
349 557 586 628 imperiti
627 563 959 611 correctores
997 554 1279 609 dederunt.
1358 553 1729 622 Παιγχοὶλεπον
1775 556 1831 609 in
1877 555 2027 610 Thu-

42 646 236 721 cydide
291 643 638 716 reprehendit
685 642 1027 698 Marcellinus
1083 643 1138 695 in
1181 644 1291 698 vita
1347 642 1590 715 Thucyd.
1654 642 1683 714 S
1725 646 1834 707 52,
1889 659 2030 715 quae

44 735 216 791 forma
276 733 453 787 adbuc
519 733 573 784 in
643 730 824 802 aliqua
881 730 1187 801 corruptela
1245 730 1531 787 delitescit.
1622 730 1684 784 In
1744 730 1911 785 Anab.
1964 730 2028 784 V.

42 841 99 879 11.
142 826 214 877 20
274 819 632 875 revocandum
683 826 764 873 est
828 817 1005 879 ἄλλως
1058 819 1110 872 δὲ
1173 819 1637 886 παγχάλεπον
1684 818 1842 874 ἐδόκει
1897 815 2028 874 εἶναι

42 912 288 967 ἀπελθεῖν
344 925 440 980 pro
477 907 616 961 πάνυ
655 907 916 975 χαλεπόν.
997 905 1262 960 Diflerunt
1319 906 1448 960 haec
1490 914 1549 960 ut
1607 906 1921 976 πάγχρηςον
1979 914 2035 963 et

42 1000 181 1055 πάνυ
227 998 456 1065 xpus-0¹11,
515 996 777 1051 πάνδεινον
827 1003 881 1050 et
932 994 1070 1049 πάνυ
1123 995 1308 1057 δεινόν,
1358 995 1682 1067 similiaque.
1764 997 2035 1051 Tenemus

1 1143 10 1150 ,
44 1086 235 1142 sciolos
279 1086 333 1139 in
377 1084 491 1139 Vll.
520 1101 570 1138 v,
612 1087 715 1147 16,
765 1083 854 1139 ubi
888 1099 984 1155 pro
1030 1090 1545 1138 ΠΑΝΧΛΛΕΠΩΣ
1586 1082 1653 1138 de
1691 1101 1790 1138 suo
1836 1083 2033 1147 πάντες

41 1179 298 1244 χαλεπῶς
339 1171 757 1227 substituerunt.

7 1272 20 1323 ἴ.
120 1263 200 1318 Ex
241 1279 303 1317 eo
338 1259 606 1316 scribendi
647 1277 826 1324 more,
865 1259 959 1330 qui
997 1259 1048 1312 in
1091 1258 1331 1330 antiquis
1365 1257 1526 1313 Codd.
1564 1266 1618 1312 et
1657 1258 1926 1330 lapidibus
1955 1276 2035 1314 so·

11 1350 237 1407 ·lemnis
279 1357 362 1405 est
406 1357 464 1403 ut
504 1357 555 1404 N
594 1365 690 1420 pro
727 1355 766 1401 Γ
805 1346 1076 1401 scribatur
1109 1354 1162 1400 et
1209 1354 1424 1412 contra,
1464 1346 1624 1401 multi
1671 1363 1888 1428 errores·
1919 1364 2035 1403 sus-

44 1441 184 1512 cepti
234 1446 399 1504 sunt,
453 1436 544 1492 sed
596 1435 777 1491 nullus
818 1434 1022 1489 foedior
1064 1451 1226 1506 quam
1274 1434 1416 1506 apud
1457 1434 1701 1489 Flavium
1743 1435 2038 1508 Josephum

48 1535 234 1584 contra
275 1527 534 1598 Apionem
576 1523 797 1578 Votvl.
840 1540 890 1594 p.
914 1525 1025 1578 210
1056 1523 1312 1590 Bekkeri‚
1356 1522 1447 1577 ubi
1483 1522 1685 1593 legitur
1712 1521 1848 1586 ὅπως
1883 1524 2039 1593 ἔργαέ-

46 1616 205 1686 ζοιντο
238 1615 326 1670 καὶ
361 1619 460 1669 τῶν
491 1611 669 1667 ἄλλων
705 1612 1012 1677 Αἰγυπτίων
1047 1613 1104 1666 οἱ
1146 1610 1747 1680 &zemamo-mnan,
1793 1611 1886 1666 sed
1921 1614 2039 1669 sine

48 1704 413 1762 controversia
449 1718 637 1756 verum
674 1707 756 1755 est
795 1697 930 1754 εἶεν
969 1701 1354 1768 κεχωρισμένοι.
1435 1699 1667 1772 Vulgata
1702 1706 1827 1754 nata
1862 1708 1946 1756 est
1974 1719 2039 1757 ex

46 1796 318 1865 scriptura
352 1789 886 1858 ΕΙΘΓΚεχωρισμένοι.
949 1787 1052 1843 Sed
1092 1788 1197 1843 levi
1237 1789 1455 1843 brachio
1493 1790 1546 1842 in
1591 1787 1775 1843 Flavio
1815 1789 2039 1861 Iosepho

48 1878 478 1951 recognoscendo
530 1876 837 1949 profligavit
890 1877 1167 1948 negotium
1223 1877 1532 1941 BekkeruS,
1591 1877 1647 1930 in
1694 1894 1854 1949 quem
1893 1894 2039 1933 nunc

46 1968 263 2041 quidem
303 1984 364 2022 ea
417 1966 527 2021 lere
560 1965 915 2028 conveniunt,
956 1981 1094 2036 quae
1134 1964 1199 2019 de
1243 1965 1420 2019 Bothii
1456 1965 1736 2038 diliqentia
1777 1974 1825 2020 et
1861 1966 2040 2021 celeri-

45 2066 150 2113 tate
177 2056 397 2127 scripsit
428 2054 832 2125 Peerlkampius
870 2054 926 2107 in
953 2052 1085 2107 Bibl.
1121 2054 1252 2107 Crit.
1291 2053 1437 2109 Nova
1469 2054 1512 2110 Ι.
1543 2071 1598 2126 p.
1626 2058 1752 2109 151.
1814 2053 2040 2110 Summa

46 2162 146 2218 ope
185 2159 479 2217 properans
530 2150 584 2197 et
623 2142 728 2196 alia
766 2141 937 2196 inulta
979 2141 1173 2196 menda
1214 2142 1419 2197 intacta
1461 2142 1679 2214 reliquit
1721 2150 1775 2197 et
1809 2142 1909 2197 vol.
1940 2143 2039 2202 vl.

45 2250 100 2308 p.
125 2237 227 2288 211
276 2231 669 2303 ineptissimam
710 2231 1107 2298 παραδιόρθωσιν
1149 2231 1378 2285 retinuit
1413 2231 1717 2300 χειρίςην
1760 2232 2040 2301 φαίνεσθαι

46 2338 144 2396 pro
180 2321 384 2393 optima
422 2319 651 2375 lectione
690 2319 954 2375 librorum
995 2321 1239 2374 omnium
1272 2319 1516 2388 χρυσὸν
1557 2319 1854 2389 φαίνεσθαι.
1935 2320 2040 2377 Sed

50 2408 204 2484 plura
242 2408 308 2464 de
347 2407 433 2462 his
470 2407 604 2462 alias
640 2425 734 2479 per
769 2409 943 2464 otium
985 2407 1274 2481 proferam.

125 2497 428 2569 Scriptores
482 2497 624 2568 ipsos
672 2514 1118 2570 nonnumquam,
1172 2513 1275 2551 non
1334 2495 1578 2561 scribaS,
1633 2496 1689 2549 in
1743 2495 1944 2551 talibus
1990 2506 2045 2554 N

49 2601 149 2661 pro
188 2595 226 2642 Γ
273 2601 468 2658 ponere
521 2583 761 2640 declarat
800 2585 951 2641 locus
1005 2585 1371 2649 Artemidori,
1411 2585 1503 2656 qui
1558 2584 1614 2638 in
1670 2581 1913 2640 Onirocr.
1949 2586 2044 2643 111.

52 2675 144 2731 ³4.
185 2674 430 2742 ἰσόψηφοι
466 2673 733 2745 quaedam
779 2691 1106 2747 componens
1148 2674 1276 2750 (vid.
1318 2675 1515 2728 Mureti
1555 2673 1680 2727 Var.
1722 2673 1866 2728 Lect.
1903 2675 2043 2731 XIV.

52 2763 146 2837 15)
200 2762 356 2818 docet
409 2770 729 2818 ΛΝΙῈΛΙΛ
770 2770 825 2817 et
882 2763 1068 2818 ἑκατόν
1108 2780 1224 2818 esse
1281 2762 1561 2832 ἰσόψηφαε
1623 2778 1729 2817 11011
1779 2769 1943 2819 erunt
1997 2765 2046 2820 si

48 2851 292 2918 ἀγγελίαι
342 2851 646 2922 scripseris,
724 2852 804 2906 Ex
851 2850 1037 2907 eodem
1078 2849 1277 2906 indicio
1323 2851 1597 2923 colligitur
1638 2852 2043 2909 Artemidorum

51 2940 183 3010 τεζῆ
223 2957 325 2995 non
364 2940 498 3009 πεζῇ
542 2939 780 2996 scribere
803 2982 816 3005 ,
870 2941 998 3012 quia
1046 2940 1230 2996 ἑκατόν
1270 2947 1324 2995 et
1363 2941 1497 3009 πεζῆ
1536 2956 1751 3013 quoque
1799 2941 2044 3013 ἰσόψηφοι

49 3043 168 3087 ene
201 3028 452 3083 affirmat.

130 3117 192 3173 ln
246 3116 359 3172 Vll.
414 3134 480 3171 vt.
521 3120 575 3174 2.
647 3118 795 3183 λέγει
855 3118 927 3187 τῷ
988 3118 1153 3188 Σεύθῃ
1208 3114 1285 3173 ὅτι
1343 3118 1659 3178 adame-ov
1714 3120 2042 3188 γεγένηται,

52 3204 275 3262 emenda
313 3205 568 3264 κάλλιςα.
652 3206 866 3262 Scimus
896 3206 1040 3260 enim
1074 3222 1260 3261 omnes
1302 3207 1433 3279 quid
1468 3208 1540 3262 sit
1577 3207 1690 3266 ἔςαι
1727 3213 1924 3272 καλῶς,
1959 3209 2043 3274 yl-

55 3310 239 3360 yurai
278 3299 451 3355 καλῶς
502 3302 556 3349 et
602 3295 743 3359 sim„
783 3294 875 3350 sed
917 3295 1039 3365 quis
1086 3311 1341 3366 umquam
1390 3297 1550 3352 καλόν
1598 3297 1651 3352 in
1701 3295 1895 3351 talibus
1947 3312 2043 3369 pro

57 3386 227 3441 καλῶς
272 3381 500 3452 positum
537 3381 702 3437 vidit?

136 3468 194 3522 ln
242 3467 407 3522 Anah.
454 3468 564 3524 Vll.
606 3486 676 3526 vt.
723 3474 753 3523 5
814 3469 1028 3525 tandem
1080 3481 1241 3527 καλεῖ
1280 3493 1338 3527 τε
1381 3474 1570 3535 αὐτοὺς
1613 3473 1698 3526 ἐπὶ
1738 3471 1924 3536 ξένια
1964 3489 2044 3528 re·

21 3543 26 3557 ⁸
59 3562 275 3627 ceptum
313 3562 395 3610 est
438 3572 533 3627 pro
571 3558 654 3612 ἐπὶ
693 3556 871 3627 ξενίᾳ,
915 3575 1019 3630 quo
1054 3560 1184 3615 vitio
1224 3561 1357 3615 nihil
1396 3569 1476 3616 cst
1519 3563 1570 3614 in
1604 3560 1756 3614 libris
1799 3559 2047 3634 frequen-

28 3672 30 3688 ·
64 3642 189 3698 tius.
269 3641 348 3698 Ad
388 3641 609 3699 eaiidem
649 3646 910 3702 rationem
950 3664 1135 3704 omnes
1170 3650 1412 3705 omnium
1442 3649 1698 3705 Veterum
1735 3646 1909 3717 locoS,
1956 3648 2045 3706 uhi
