2436 4068
1062 250 1160 300 111

118 400 266 456 πιςὸν
305 397 428 462 ὑπὲρ
474 395 660 462 σαρκὸς
700 395 787 450 καὶ
825 393 1044 461 βέβαιον
1083 396 1172 449 οὐκ
1207 390 1310 451 ἔςιν
1351 393 1402 445 ἐν
1445 398 1599 462 ψυχῇ
1642 397 1751 447 νοῦν
1792 393 1987 464 ἐχούσῃ
2025 415 2113 460 γε-

118 486 286 541 νέσθαι
327 485 454 538 ἀλλ’
494 481 662 552 ὥσπερ
704 483 755 536 ἐν
792 482 1033 552 θαλάσσῃ
1071 483 1192 536 κατ’
1231 480 1502 550 Αἰσχύλον

497 573 647 626 ὠδῖνα
686 570 851 624 τίκτει
892 568 984 632 νὺξ
1021 571 1306 639 κυβερνήτῃ
1344 570 1489 639 σοφῷ

115 659 202 714 καὶ
245 661 470 726 γαλήνη.
553 659 754 714 Versus
789 663 871 712 est
912 674 977 711 ex
1015 656 1268 730 Aeschyli
1309 656 1653 729 Supplicibus
1691 662 1817 714 770.

494 748 547 808 ἐς
587 746 730 801 νύκτ’
767 745 1139 812 άποςείχοντος
1181 745 1323 808 ἡλίου
1362 750 1519 814 φιλεῖ

493 835 644 890 ὠδῖνα
681 833 876 888 τίκτειν
914 830 1008 895 νὺξ
1044 833 1331 901 κυβερνήτῃ
1369 835 1532 902 σοφῷ.

114 923 257 980 unde
296 923 415 978 luce
450 920 652 976 clarius
691 927 775 975 est
808 921 865 975 in
906 919 1271 994 Symposiacis
1313 922 1596 992 scripsisse
1636 921 2012 979 Plutarchum:
2054 925 2108 979 οὐ

111 1013 217 1079 γὰρ
250 1011 399 1077 μόνον

491 1098 643 1153 ὠδῖνα
677 1097 843 1152 τίκτει
879 1094 973 1160 νὺξ
1007 1096 1294 1167 κυβερνήτῃ
1332 1098 1476 1166 σοφῷ

111 1189 253 1245 κατὰ
290 1188 377 1243 τὸν
416 1185 686 1255 Αἰσχύλον
722 1185 870 1240 ἄλλα
912 1184 999 1239 καὶ
1041 1185 1151 1239 κτὲ.

192 1274 683 1349 Quemadmodum,
726 1279 786 1328 ut
827 1274 882 1327 in
920 1271 1203 1344 proverbio
1242 1278 1348 1337 est,
1388 1271 1525 1327 nihil
1566 1273 1621 1328 in
1661 1272 1798 1328 hello
1839 1276 2111 1330 contemni

113 1372 348 1439 oportet,
392 1365 470 1418 sic
506 1379 679 1434 neque
712 1362 768 1415 in
798 1378 858 1416 re
891 1361 1100 1416 critica.
1163 1360 1308 1415 Nihil
1345 1361 1489 1416 enim
1523 1367 1637 1417 tam
1676 1362 1791 1418 leve
1828 1370 1940 1429 est,
1979 1364 2110 1434 quin

112 1453 416 1525 neglectum
468 1451 637 1524 possit
675 1451 730 1504 in
772 1466 1032 1522 magnum
1089 1448 1306 1521 aliquod
1358 1449 1563 1504 malum
1611 1458 1706 1505 aut
1754 1452 1950 1506 vitium
1991 1469 2109 1507 eva-

112 1541 252 1598 dere.
331 1542 602 1596 Accentus
635 1538 973 1611 negligenter
1006 1539 1214 1610 positus
1252 1555 1472 1593 sensum
1507 1538 1794 1594 verborum
1828 1557 1986 1612 saepe
2023 1540 2110 1595 ob·
2168 1545 2171 1548 ⁴

112 1637 320 1692 scatet,
364 1645 522 1700 saepe
562 1627 893 1700 pessumdat.
977 1626 1034 1682 Si
1074 1626 1211 1681 forte
1246 1627 1451 1691 οὔκουν,
1493 1633 1554 1682 ut
1593 1643 1749 1701 saepe
1790 1628 1878 1694 fit,
1919 1629 2111 1684 vitiose

110 1721 282 1775 οὐκοῦν
323 1717 605 1780 scribitur,
645 1722 742 1771 aut
780 1722 992 1780 contra,
1029 1715 1161 1770 solet
1201 1716 1467 1770 sententia
1510 1732 1673 1786 grave
1718 1717 2109 1772 detrimentum

112 1808 371 1879 accipere.
463 1805 523 1860 In
590 1804 869 1877 Eupolidis
927 1802 1251 1873 Ταξιάρχοις
1311 1803 1454 1876 apud
1503 1804 1778 1861 Pollucem
1827 1806 1918 1860 IX.
1978 1807 2107 1866 102.

111 1894 334 1968 legitur:

418 1985 594 2038 οὐκοῦν
633 1981 976 2050 περιγράφεις
1016 1978 1128 2036 ὅσον
1167 1982 1407 2048 ἐναριςοῖν
1445 1981 1661 2045 κύκλονς

115 2071 218 2125 nisi
265 2071 439 2126 οὔκουν
482 2071 823 2142 rescripseris
877 2070 1068 2124 vitiose
1124 2067 1332 2124 dictum
1388 2070 1510 2125 erit.
1590 2067 1791 2127 Eodem
1831 2069 1989 2125 modo
2025 2087 2110 2127 er-

114 2166 292 2214 ratum
334 2166 416 2214 est
453 2159 508 2213 in
550 2158 762 2214 Eubulo
795 2158 988 2213 Athen.
1031 2157 1145 2212 XII.
1191 2162 1317 2212 555.
1361 2158 1418 2213 Β.

486 2249 662 2302 οὐκοῦν
702 2247 996 2314 ὑποςορεῖτε
1033 2250 1290 2312 μαλακῶς
1329 2247 1400 2314 τῷ
1442 2246 1555 2302 κυνί
1563 2270 1580 2311 3

110 2351 208 2408 pro
238 2336 442 2398 οὔκουν,
481 2333 832 2408 quamobrem
867 2334 923 2388 in
958 2351 1072 2406 sqq.
1108 2333 1270 2388 verba
1305 2334 1393 2389 καὶ
1429 2335 1550 2396 τοὺς
1583 2333 1746 2398 πόδας
1796 2332 1804 2410 Ι
1849 2326 2110 2406 dalilam-⁹

110 2426 269 2480 αὑτοῦ
308 2428 379 2493 τῷ
419 2422 744 2491 Μεγαλλείῳ
780 2421 949 2491 μύρῳ,
991 2437 1129 2494 quae
1164 2428 1217 2476 et
1250 2421 1366 2493 ipsa
1401 2422 1468 2477 ab
1506 2424 1681 2479 οὔκουν
1720 2423 1985 2496 pendent,
2027 2443 2108 2482 re-

110 2513 336 2585 quirunt
376 2511 622 2568 futurum
658 2511 932 2580 άλείψετε.
1013 2510 1192 2564 Etiam
1233 2509 1360 2564 alibi
1405 2512 1620 2583 saepius
1666 2512 1806 2568 idem
1848 2513 2107 2569 mendum

110 2601 370 2665 recurrit,
411 2602 528 2656 sine
574 2600 798 2664 damno,
839 2598 1037 2654 dixerit
1087 2598 1312 2671 aliquiS,
1354 2615 1480 2654 nam
1523 2600 1655 2672 quid
1694 2599 1910 2655 dicatur
1961 2610 2108 2658 recte

114 2685 181 2743 ab
211 2689 462 2745 omnihus
494 2688 824 2760 intelligitur
862 2704 1191 2761 quamquam
1229 2687 1434 2759 aliquid
1468 2694 1548 2743 est
1589 2689 1644 2743 in
1677 2690 1949 2761 scriptura
1990 2708 2107 2762 pec-

113 2782 312 2832 catum.
393 2777 590 2833 Attulit
632 2783 809 2833 tamen
852 2776 1176 2850 perpusillus
1218 2776 1305 2831 ille
1348 2792 1501 2831 error
1547 2793 1710 2848 grave
1757 2777 1951 2833 vitium
1995 2779 2110 2835 Pla-

21 2898 25 2933 ς
112 2866 224 2920 loni
265 2866 319 2921 in
364 2866 645 2922 Phaedone
684 2883 736 2938 p.
778 2869 868 2922 67.
912 2865 973 2920 D.
1013 2868 1187 2921 οὐκοῦν
1241 2871 1442 2931 γελοῖον
1495 2863 1560 2920 ἂν
1606 2864 1683 2929 εἴη
1724 2863 1885 2934 ἄνδρα
1937 2889 2107 2937 παρα-

22 2943 25 2998 k
107 2954 401 3023 σκευάζονθ’
438 2956 618 3010 ἑαυτὸν
656 2956 707 3008 ἐν
740 2956 811 3024 τῷ
845 2954 945 3023 βίῳ
978 2950 1054 3009 ἔτι
1090 2953 1376 3020 ἐγγυτάτω
1414 2952 1540 3009 ὄντα
1572 2959 1663 3010 τοῦ
1698 2955 1936 3011 τεθνάναι
1979 2956 2106 3013 οὕτω

101 3040 201 3111 ζῆν
238 3042 442 3098 κᾶπειθ’
484 3043 685 3108 ἥκοντος
727 3045 868 3112 αὐτῷ
919 3043 1102 3098 τούτου
1140 3045 1496 3110 άγανακτεῖνς
1545 3046 1600 3099 οὐ
1641 3050 1876 3110 γελοῖονς
1920 3051 2026 3107 πῶς
2063 3047 2107 3101 δ’

110 3131 197 3194 a&
235 3130 482 3189 Emenda
517 3139 799 3188 accentum
848 3138 904 3187 et
944 3131 1316 3205 importunum
1369 3130 1633 3187 emblema
1687 3130 1829 3186 ultro
1877 3132 2103 3188 excidet.

28 3216 29 3273 J
113 3215 250 3291 laege
293 3220 465 3275 οὔκουν
506 3229 709 3287 γελοῖον
761 3219 827 3276 ἄν
866 3220 972 3283 eim
1023 3227 1079 3276 et
1117 3221 1301 3275 statim
1349 3222 1403 3276 οὐ
1444 3226 1645 3287 γελοῖον
1700 3221 1936 3276 insiticia
1990 3237 2104 3276 esse

116 3313 169 3363 et
209 3323 313 3363 una
349 3308 511 3364 litura
553 3309 790 3365 sananda
825 3326 941 3365 csse
981 3309 1363 3383 deprehendes.

187 3396 536 3470 Comparatus
580 3398 868 3471 diligenter
907 3398 1056 3453 locus
1109 3397 1484 3470 Aristophanis
1534 3397 1857 3469 depravatus
1897 3402 1949 3449 et
1990 3412 2105 3450 mu-

113 3481 241 3539 tilus
277 3502 401 3541 cum
442 3486 556 3542 loco
596 3486 919 3560 Antiphanis
949 3488 1233 3543 sanissimo
1270 3485 1548 3542 emendari
1585 3492 1636 3540 et
1681 3483 1916 3556 suppleri
1960 3491 2103 3555 pote-

113 3572 202 3627 rit.
263 3573 320 3628 ln
376 3574 759 3651 Thesmophor.
814 3582 923 3635 710
964 3593 1078 3649 sqq.
1129 3575 1524 3675 deprehensum
1579 3571 1962 3629 Mnesilochum
2019 3572 2104 3630 his

111 3661 275 3716 minis
310 3670 534 3721 terrent:
