2436 4068
980 196 1079 242 (371

55 358 217 417 quam
288 338 477 396 acerbe
535 339 587 391 in
650 336 914 409 sophistas
984 334 1270 391 invehatur
1326 338 1666 404 corruptores
1727 335 2024 389 iuventutis

56 449 109 505 p.
134 435 224 486 91.
259 429 314 484 C.
355 436 409 483 et
449 425 712 498 quomodo
751 424 957 479 Socrati
997 423 1208 493 oblique
1244 421 1444 477 malum
1487 422 1723 477 minetur
1761 440 1810 494 p.
1836 426 1925 477 94.
1960 423 2019 482 G.

128 520 327 573 Eorum
367 524 547 571 autem
587 514 826 567 omnium
852 554 865 575 ‚
918 528 1054 582 quae
1095 510 1382 582 Xenophon
1425 509 1489 564 ab
1528 511 2021 583 accusatorebdicta

54 610 470 668 commemorat,
510 601 643 656 nibil
683 616 901 672 prorsus
935 617 965 653 a
1011 599 1228 653 Platone
1281 597 1526 653 auditum
1577 615 1692 655 esse
1738 598 1892 653 facile
1941 599 2022 652 vi-

53 694 218 751 debis.
297 692 373 747 Ne
412 690 572 746 verbo
609 688 826 761 quidem
873 704 932 742 ea
984 687 1212 741 crimina
1266 687 1519 757 attingit,
1575 703 1711 758 quae
1764 703 1794 741 a
1849 686 2020 742 Xeno-

52 782 250 856 phonte
289 778 697 851 diligentissime
737 776 1039 830 diluuntur.
1117 775 1399 829 Praeterea
1434 774 1754 846 Xenophon:
1797 776 1820 828 ὅ
1860 775 2022 838 κατή-

51 890 196 939 γορος
232 869 332 938 ἔφη
372 866 503 922 solet
542 866 757 926 dicere,
802 864 955 935 quasi
993 879 1129 917 unus
1168 860 1325 917 suerit
1370 869 1683 926 accusator,
1728 861 1875 917 Plato
1915 870 2020 917 tres

18 978 29 999 ²
51 964 390 1014 accusatores
441 956 494 1009 in
549 954 822 1008 Socratem
874 950 1074 1006 dixisse
1126 948 1342 1004 disertis
1384 949 1558 1004 verbis
1601 949 1822 1003 tradidit
1861 956 1915 1005 et
1953 967 2021 1006 ex

51 1045 216 1119 Anyti
249 1044 488 1099 oratione
526 1042 683 1096 verba
724 1038 983 1114 quaedam
1034 1044 1434 1093 commemorat.
1512 1037 1581 1091 Et
1630 1037 1852 1091 Meletus
1905 1040 2022 1110 qui-

15 1134 29 1198 ,’
50 1133 170 1189 dem
210 1140 264 1188 et
301 1133 443 1206 Lyco
476 1130 656 1201 exigui
697 1129 859 1200 pretii
896 1126 1160 1183 homines·
1197 1125 1448 1190 fuerunt,
1486 1125 1696 1198 Anytus
1734 1133 1921 1180 contra
1967 1133 2023 1181 et

51 1221 351 1278 ditissimus
388 1227 443 1276 et
487 1218 716 1274 summis
755 1215 1046 1273 honoribus
1087 1229 1218 1269 usus
1260 1219 1314 1268 et
1358 1213 1570 1269 eximiis
1606 1214 1660 1271 in
1702 1230 1870 1285 remp.
1913 1231 2023 1269 me-

22 1311 175 1366 'ritis
215 1326 356 1364 uuus
394 1309 637 1364 omnium
675 1304 1083 1378 potentissimus
1122 1303 1178 1356 in
1234 1318 1343 1373 rep.
1386 1301 1492 1355 illis
1531 1301 1861 1372 temporibus
1901 1301 2022 1358 l'uit.

51 1398 190 1454 Hinc
230 1398 475 1453 Socrates
513 1397 569 1450 in
610 1394 844 1449 Platonis
896 1391 1112 1463 Apolog.
1155 1408 1205 1463 p.
1245 1394 1330 1444 18.
1373 1390 1430 1445 B.
1473 1390 1549 1444 ita
1590 1389 1756 1445 dicit:
1795 1387 1877 1452 οὓς
1918 1392 2023 1456 ἐγὼ

49 1491 257 1555 μᾶλλον
296 1487 564 1554 φοβοῦμαι
615 1485 644 1548 ἢ
693 1482 836 1543 τοὺς
894 1481 1069 1549 ἀμφὶ
1122 1481 1442 1543 '‘Avus-ov,
1494 1480 1679 1547 καίπερ
1733 1478 1883 1541 ὄντας
1933 1481 2023 1534 καὶ

49 1577 255 1636 τούτους
291 1574 505 1637 δεινούς,
545 1579 598 1627 et
638 1572 695 1625 in
731 1568 1098 1641 Xenophontis
1138 1567 1354 1639 Apolog.
1399 1570 1428 1638 §
1465 1570 1552 1622 29.
1597 1566 1842 1624 Socrates
1865 1570 2023 1624 ’‘Avu-

46 1685 134 1720 τον
180 1662 430 1732 παριόντα
478 1662 590 1716 ἰδὼν
647 1655 826 1714 εἶπεν·
867 1663 1020 1713 Ἀλλ’
1056 1658 1079 1710 ὅ
1117 1657 1214 1723 μὲν
1250 1657 1374 1723 ἀνὴρ
1410 1653 1493 1710 ὅδε
1548 1656 1720 1723 κυδρὸς
1769 1659 1834 1716 ὡς
1873 1658 2024 1724 μέγα

47 1773 99 1807 τι
134 1752 223 1806 καὶ
263 1751 422 1805 καλὸν
461 1746 915 1816 διαπεπραγμένος
967 1747 1022 1800 εἰ
1063 1744 1378 1800 ἀπέκτονέ
1428 1765 1526 1810 με.
1605 1744 1828 1799 Meletus
1868 1753 2024 1816 poeta

50 1839 370 1901 mediocris,
410 1837 747 1900 adolescenS,
803 1835 1009 1890 nemini
1049 1839 1238 1894 notuS‚
1296 1831 1406 1888 fere
1442 1850 1538 1905 pro
1592 1850 1758 1905 puero
1809 1834 2022 1889 ridetur

49 1928 105 1982 in
147 1926 396 1998 Apologia
420 1969 434 1990 ‚
473 1934 527 1981 et
568 1927 620 1981 in
662 1923 1050 1997 Eutbyphrone
1091 1940 1141 1994 p.
1178 1925 1227 1975 2.
1271 1922 1327 1975 B.
1369 1922 1473 1982 νέος
1510 1922 1589 1983 τίς
1633 1942 1716 1988 μοι
1771 1923 2021 1988 φαίνεται

49 2017 137 2071 καὶ
178 2016 367 2080 ἀγνώς.
424 2014 720 2082 ὀνομάζουσι
775 2012 947 2078 μέντοι
1006 2010 1199 2073 αὐτόν,
1255 2012 1319 2070 ὡς
1361 2007 1602 2077 ἐγῷμαι,
1641 2011 1902 2073 Μέλητον.
1943 2011 2019 2070 ἔςι

47 2104 100 2159 δὲ
132 2106 220 2159 τὸν
257 2105 416 2168 δῆμον
458 2103 688 2178 (corrige
725 2108 822 2156 τῶν
855 2099 1047 2173 δήμων)
1089 2098 1337 2159 Πιτθεύς,
1381 2098 1430 2152 εἴ
1466 2119 1583 2153 τινα
1617 2100 1677 2166 νῷ
1713 2098 1855 2166 ἔχεις
1896 2108 2020 2154 Πιτ-

46 2193 138 2248 θέα
175 2194 452 2256 Μέλητον,
490 2188 585 2246 οἷον
624 2189 973 2256 τετανότριχα
1013 2190 1100 2243 καὶ
1140 2190 1194 2241 οὐ
1236 2186 1373 2241 πάνυ
1413 2187 1695 2252 εὐγένειον,
1736 2188 2018 2257 ἐπίγρυπον

42 2280 115 2337 δέ.
155 2280 351 2352 quibus
401 2278 687 2351 respondet
730 2276 1080 2350 Euthyphro:
1120 2277 1210 2330 οὐκ
1246 2276 1386 2329 ἐννοῶ
1410 2316 1423 2337 ,
1477 2272 1513 2330 ὦ
1551 2278 1839 2343 Σώκρατες.
1920 2277 2018 2331 Ρο-

48 2370 221 2425 tuitne
262 2367 565 2423 mordacius
605 2366 894 2422 obscurum
930 2362 1387 2418 adolescentulum
1427 2364 1830 2435 perstringere?
1873 2365 2016 2438 Lyco

46 2463 101 2513 et
139 2456 362 2512 Meletus
404 2456 571 2527 igitur
604 2455 744 2510 σκιαὶ
786 2455 1076 2509 οὶΐσσουσινε
1119 2453 1173 2506 ἰη
1217 2451 1420 2524 Anyt0,
1461 2452 1833 2522 potentissimo
1869 2455 2014 2518 vii-0,

42 2552 199 2603 erant
231 2545 443 2608 omnia,
501 2542 566 2599 de
613 2560 718 2615 quo
762 2559 932 2614 pauca
967 2539 1227 2613 quaedam
1283 2539 1591 2592 accuratius
1643 2555 1903 2611 exponam
1945 2541 2013 2596 ad

42 2630 518 2690 demonstrandum
561 2631 648 2686 illo
687 2638 975 2687 accusante
1029 2629 1093 2684 de
1132 2626 1404 2683 Alcibiade
1461 2633 1514 2681 et
1567 2627 1731 2680 Critia
1788 2629 2014 2683 mentio-

44 2738 168 2778 nem
209 2720 275 2776 ad
318 2719 522 2776 iudices
575 2718 778 2775 nullam
840 2718 954 2774 fieri
1014 2718 1286 2790 potuisse,
1340 2713 1432 2769 sed
1487 2713 1656 2769 multo
1708 2717 1881 2770 serius
1922 2717 2013 2773 de-

45 2826 196 2866 mum
237 2808 303 2863 ad
333 2807 588 2863 invidiam
629 2806 836 2863 Socrati
890 2815 1102 2861 mortuo
1159 2802 1495 2859 conflandam
1548 2802 1689 2856 istud
1736 2805 1944 2860 crimen
1983 2823 2014 2861 a

46 2896 294 2971 Sophista
341 2913 459 2952 esse
513 2895 714 2951 lictum.
788 2898 1007 2955 ’Ἄνυτος
1048 2894 1071 2949 ὅ
1122 2893 1451 2957 Ἀνθεμίωνος
1494 2892 1546 2945 in
1590 2891 1838 2947 maximis
1878 2894 2014 2949 divi-

44 2987 138 3043 tiis
181 2994 339 3041 natus
389 2992 441 3040 et
481 2983 740 3039 educatus
780 2990 858 3038 est
899 2999 930 3037 a
970 2988 1153 3054 patre,
1193 2981 1286 3053 qui
1333 2979 1546 3035 sordido
1586 2980 1795 3051 opificio
1835 2988 2016 3038 tantas

44 3091 171 3149 opes
223 3076 335 3147 ipse
387 3073 686 3143 collegerat.
766 3070 1082 3139 Βυρσοδέψης
1133 3070 1275 3125 enim
1335 3067 1472 3132 suit,
1534 3075 1593 3122 ut
1645 3068 1801 3123 Cleon
1857 3077 2016 3125 antea

47 3161 252 3225 luerat.
291 3178 449 3234 quem
493 3166 601 3215 tam
649 3158 839 3215 acerbe
890 3159 986 3214 boc
1040 3174 1250 3230 quoque
1297 3156 1580 3229 opprobrio
1632 3157 2015 3228 Aristophanes

50 3251 359 3306 insectatur.
422 3251 631 3323 Anytus
672 3250 838 3318 igitur
879 3249 1117 3308 πλούσιος
1160 3245 1215 3310 ἦν
1257 3247 1312 3301 ἐκ
1352 3247 1754 3312 σκυτοδεψικῆς,
1799 3253 1856 3299 ut
1896 3263 2013 3318 per-

47 3338 294 3395 eruditus
351 3336 746 3392 Grammaticus
801 3336 866 3392 ad
923 3335 1156 3391 Platonis
1227 3333 1533 3406 Apologiam
1587 3334 1890 3397 annotavit,
1959 3342 2014 3390 et

52 3427 261 3499 Anytus
305 3426 417 3496 ipse
456 3441 620 3496 quum
660 3425 827 3480 lilium
873 3442 1031 3480 suum
1074 3422 1138 3478 ad
1176 3424 1339 3477 istum
1382 3427 1660 3493 quaestum
1705 3422 2016 3479 institueret

51 3530 82 3570 a
118 3516 331 3570 Socrate
384 3513 583 3569 dicitur
630 3515 716 3570 τὸν
765 3515 865 3569 υἱὸν
907 3515 1018 3581 περὶ
1061 3513 1259 3580 βύρσας
1309 3510 1564 3565 παιδεύειν
1609 3510 1659 3561 in
1700 3509 2014 3581 Xenophon-

50 3604 120 3659 tis
175 3602 421 3675 Apologia
478 3604 505 3674 S
550 3606 635 3658 29.
692 3602 838 3659 Plato
892 3603 1053 3675 Anyti
1108 3608 1313 3672 patrem
1363 3597 1546 3653 eodem
1603 3597 1816 3653 nomine
1859 3598 2014 3655 urba-
