2436 4068
1045 192 1152 243 869

123 338 349 392 Articuli
394 354 522 392 usus
562 339 612 390 in
654 338 677 389 ὃ
718 338 889 404 πατήρ
928 354 1073 390 mem
1102 344 1255 408 pater
1296 342 1348 389 et
1387 336 1508 389 sim.
1553 339 1676 388 614.

119 426 421 480 Articulum
477 426 733 478 omittunt
787 425 952 478 Attici
995 425 1048 477 in
1089 425 1138 477 ἐν
1184 422 1337 485 ἄςει,
1397 422 1454 487 ἐξ
1492 421 1691 488 ἄςεως,
1743 424 1795 476 ἐν
1851 423 1997 479 πόλει
2041 434 2093 480 et

197 516 316 568 sim.
362 517 487 567 487.

119 601 396 656 Articulus
437 599 574 654 male
621 600 882 670 repetitus
931 600 986 652 in
1033 602 1061 661 ἦ
1102 601 1201 664 ἐμὴ
1241 600 1327 653 καὶ
1375 598 1451 672 [ἦ]
1498 603 1561 663 σὺ
1599 600 1838 655 συνουσίαι
1878 607 1931 655 et
1972 602 2094 655 sim.
2152 664 2154 666 v

195 693 334 754 525,
377 693 503 742 451.

118 777 395 832 Articulus
432 774 630 831 excidit
674 778 810 839 121,
853 778 995 839 524,
1038 778 1175 838 556,
1218 778 1357 837 568,
1405 778 1543 836 464,
1589 780 1728 842 475,
1770 781 1913 842 485,
1955 782 2098 843 561,

197 869 338 930 579,
383 868 528 925 591,
581 866 727 924 610,
772 865 919 927 622,
972 867 1116 925 651,
1170 865 1317 924 675,
1373 866 1521 924 697,
1568 866 1712 926 725,
1758 868 1903 929 726,
1950 870 2093 929 742,

198 957 335 1017 745,
378 955 504 1006 746.

117 1040 394 1096 Articulus
428 1055 706 1111 perperam
751 1038 970 1094 additus
1012 1042 1154 1102 274,
1196 1041 1337 1100 509,
1382 1041 1488 1090 514
1515 1080 1527 1100 ,
1574 1042 1682 1092 516
1707 1081 1720 1103 ,
1766 1044 1911 1104 517,
1951 1046 2095 1107 451,

195 1133 343 1192 456,
387 1132 531 1192 470,
573 1130 711 1191 489,
754 1131 897 1192 508,
943 1130 1089 1188 549,
1150 1130 1294 1189 577,
1350 1129 1496 1188 589,
1541 1128 1648 1179 615
1677 1168 1690 1189 ,
1747 1130 1896 1194 659,
1953 1133 2098 1197 690,

198 1220 327 1271 784.

120 1304 379 1359 Athenaei
419 1302 591 1358 Codex
627 1304 932 1358 Marcianus
977 1307 1114 1365 150,
1164 1304 1287 1356 171.

121 1392 386 1448 Athenaei
430 1393 678 1464 Epitome
720 1399 773 1447 et
813 1390 1118 1464 apographa
1158 1391 1338 1445 omnia
1378 1406 1442 1444 ex
1483 1389 1751 1445 Marciano
1784 1391 1974 1448 Codice
2014 1394 2101 1450 de·

198 1482 399 1553 scripta
443 1484 547 1544 12,
591 1485 715 1535 150.

117 1570 484 1641 Augmentum
514 1569 755 1623 Atticum
790 1566 846 1619 in
885 1568 1214 1636 ἠμφεγνόουν
1235 1610 1249 1632 ,
1290 1567 1666 1637 ἠμφεσβήτουν
1677 1608 1693 1632 ,
1730 1569 2012 1632 ἠντεδίκουν
2047 1578 2100 1626 et

196 1659 318 1712 sim.
364 1662 500 1722 157,
542 1660 669 1712 450.

123 1745 327 1801 Bellum
369 1761 583 1799 sacrum
623 1743 893 1797 Phocense
937 1747 1043 1798 759
1082 1762 1196 1815 sqq.

121 1832 522 1887 Boedromionis
562 1831 684 1894 ἕκτη
726 1830 810 1885 ἐπὶ
852 1830 978 1885 δέκα
1023 1835 1108 1887 15.

121 1920 371 1975 Chariton
418 1920 617 1975 multos
651 1919 904 1974 Veterum
947 1918 1089 1973 locos
1130 1919 1391 1974 imitando
1430 1921 1694 1992 expressit
1734 1925 1862 1976 572.

121 2008 408 2063 Clementis
440 2007 787 2063 Alexandrini
830 2024 1039 2062 errores
1080 2011 1207 2062 506.

122 2096 376 2151 Codicum
417 2096 610 2152 menda
652 2096 1029 2167 antiquissima
1071 2100 1177 2150 475
1203 2138 1215 2160 ,
1258 2100 1396 2162 611,
1438 2099 1564 2151 615.

122 2186 459 2241 Comicorum
505 2184 758 2240 versiculi
796 2183 936 2256 apud
980 2183 1231 2239 Photium
1271 2184 1500 2240 latentes
1543 2189 1669 2240 181.

122 2273 374 2329 Codicum
400 2274 641 2328 omnium
670 2273 914 2344 perpetui
953 2288 1161 2326 errores
1205 2276 1303 2338 77,
1352 2277 1453 2337 78,
1495 2277 1595 2338 82,
1639 2277 1748 2330 550
1781 2291 1922 2347 sqq.,
1965 2280 2104 2342 544,

200 2366 338 2426 565,
379 2366 518 2427 578,
559 2366 661 2416 401
704 2378 845 2431 sqq.,
889 2364 1026 2425 415,
1069 2364 1208 2426 454,
1250 2364 1386 2427 472,
1429 2365 1570 2427 528,
1612 2367 1745 2428 551,
1788 2368 1921 2429 576,
1963 2369 2103 2430 588,

202 2454 309 2505 595
345 2467 486 2522 sqq.,
527 2453 666 2514 622,
709 2452 819 2503 650
858 2465 1003 2520 sqq.,
1044 2451 1185 2513 642,
1226 2452 1364 2512 645,
1406 2453 1513 2505 694
1538 2493 1553 2514 ,
1598 2454 1724 2507 698.

123 2540 445 2614 Compendia
493 2543 871 2614 antiquissima
918 2527 1118 2597 Affiz
1161 2546 1287 2597 612.
1330 2529 1424 2600 ὦ
1472 2550 1574 2611 10,
1617 2550 1759 2610 547,
1802 2550 1927 2602 579.
1970 2530 2099 2613 HE,

198 2622 330 2690 κῆ
363 2639 486 2690 750.

124 2724 483 2796 Comparativi
524 2730 578 2778 et
615 2724 928 2796 superlativi
970 2725 1379 2781 confunduntur
1424 2733 1563 2793 119,
1605 2732 1750 2794 552,
1792 2733 1918 2785 628.

121 2813 444 2884 Compositio
464 2828 529 2866 ex
550 2814 908 2884 appositione,
952 2822 1011 2869 ut
1046 2815 1371 2883 ἀνδραγαθία
1408 2833 1475 2871 ex
1513 2818 1636 2886 ἀνὴρ
1675 2818 1903 2884 ἀγαθός,
1945 2820 2098 2874 θεοισ-

200 2902 380 2969 εχθρία
420 2916 482 2955 ex
525 2902 650 2962 θεοῖς
690 2903 867 2969 ἐχθρός
908 2909 960 2957 et
1001 2904 1121 2958 sim.
1165 2906 1290 2959 594.

126 2989 447 3061 Compositio
503 2988 740 3044 locorum
797 3007 826 3045 a
887 2992 1281 3047 correctoribus
1332 2994 1519 3048 vitiata
1569 2997 1710 3059 256,
1765 2998 1905 3059 257,
1959 2997 2104 3059 599,

200 3080 304 3132 691
332 3119 347 3141 ,
388 3080 516 3131 697.

123 3166 532 3237 Compositionis
592 3168 787 3222 veteris
839 3166 1103 3239 elegantia
1166 3186 1196 3223 a
1254 3168 1446 3224 scribis
1504 3170 1786 3225 obscurata
1838 3171 1892 3225 in
1938 3169 2101 3240 ὥσπερ

200 3254 419 3322 λεκανίῳ
456 3255 583 3322 τῷδε
623 3255 919 3323 ἐναπονίψει
954 3262 1007 3311 et
1052 3257 1174 3311 sim.
1224 3262 1358 3324 145,
1401 3262 1523 3312 754.

126 3341 497 3397 Correctorum
538 3344 593 3397 in
633 3343 786 3399 libris
827 3344 1211 3417 interpolandis
1256 3347 1530 3400 temeritas
1571 3350 1712 3412 559,
1755 3350 1879 3403 584.

126 3431 313 3485 Crascs
356 3430 564 3485 Atticae
601 3448 631 3486 a
667 3432 858 3487 scribis
889 3433 1199 3489 obliteratae
1241 3438 1345 3489 524
1372 3475 1385 3498 ,
1428 3437 1534 3489 602
1572 3451 1683 3507 sqq.

128 3517 434 3573 Demetrius
475 3519 689 3591 Magnes
732 3525 838 3575 707
882 3538 959 3593 sq.

129 3606 466 3662 Deminuiiva
507 3608 557 3661 in
593 3639 667 3649 —
702 3609 838 3678 ᾴδιον
879 3619 930 3665 et
968 3642 1040 3651 -—
1075 3610 1206 3678 ςέδισν
1245 3614 1368 3664 476.
