2436 4068
1103 269 1193 305 xm

177 422 293 475 sine
332 416 439 472 ullo
479 414 673 469 damno
709 414 886 485 posset
926 407 1082 463 abiici
1105 451 1120 470 ‚
1177 407 1224 462 si
1261 405 1509 462 omnibus
1555 406 2029 480 Palaeographicae
2067 426 2147 465 ra-

176 523 349 576 tiones
403 518 461 571 in
503 522 720 588 promtu
758 516 936 567 essent
977 508 1117 564 unde
1166 508 1528 581 intelligerent
1586 509 1851 581 quomodo
1908 527 2148 582 quaeque

177 619 435 676 mendosa
486 617 643 672 lectio
699 622 824 668 nata
871 612 961 666 sit.
1044 610 1272 665 Perinde
1311 617 1429 677 est,
1487 617 1549 666 ut
1600 610 1700 667 hoc
1746 617 1902 676 utar,
1961 619 2147 667 utrum

177 743 271 790 περ
306 738 375 776 an
407 718 574 785 πάτερ
611 733 676 771 ex
708 713 868 770 Codd.
910 709 1251 784 proferatur,
1291 718 1477 781 ςρῶσαι
1515 728 1582 766 an
1616 718 1903 781 ςαιυρῶο-οιι,
1946 711 2046 768 ἄνω
2084 730 2152 768 an

175 823 448 891 ἀνθρώπῳ,
488 823 709 886 προκλῆς
758 831 824 869 an
873 819 1204 881 πατροκλῆς,
1259 813 1381 880 πρός
1423 830 1490 867 an
1529 813 1754 881 πατρός,
1793 814 2036 882 πρόνομον
2083 830 2151 868 an

176 921 526 991 πατρόνομον,
567 921 744 986 πρῶιος
787 931 855 968 an
892 918 1173 982 πατρῶιος,
1216 911 1272 974 ὗς
1310 930 1376 967 an
1421 913 1557 979 υἱός,
1592 914 1802 987 aliaque
1841 917 2152 988 complura,

179 1038 412 1095 namque
459 1020 590 1075 haec
642 1017 823 1073 omnia
876 1033 982 1070 uno
1023 1015 1314 1087 eodemque
1363 1014 1518 1068 modo
1557 1017 1869 1070 scribuntur
1911 1024 1963 1071 et
2004 1018 2154 1072 tenui

1752 1106 1824 1115 —-

177 1128 369 1183 lineola
414 1130 625 1179 tantum
674 1121 1123 1192 distinguuntur,
1163 1128 1226 1176 ut
1264 1106 1360 1189 πξᾶ
1391 1121 1463 1176 sit
1499 1121 1699 1190 πάτερ,
1740 1129 1927 1190 ςρῶσαιι
1966 1129 2154 1192 caup&-

182 1254 301 1298 σαι,
323 1213 378 1294 ὖξ
408 1230 540 1296 υἱός,
576 1236 677 1284 cet.
731 1229 882 1283 Inter
903 1225 1202 1281 scribarum
1241 1241 1436 1280 manus
1467 1225 1699 1281 homines
1732 1210 1920 1301 (οὶιῖὦς)
1951 1228 2156 1284 videbis

181 1335 236 1388 in
279 1333 538 1387 dementes
579 1327 767 1405 (ἄνους)
811 1328 1084 1389 converti3
1125 1342 1530 1398 nonnumquam
1571 1326 1772 1382 factum
1812 1335 1893 1383 est
1927 1336 1987 1384 ut
2021 1331 2161 1384 asini

183 1437 318 1512 (ὄνοι)
362 1435 764 1507 conspiciantur
815 1432 909 1504 qui
946 1430 1178 1487 homines
1221 1414 1367 1506 (02'1751)
1424 1450 1536 1488 esse
1589 1433 1862 1492 deberent.
1943 1435 2162 1490 Praeter

182 1539 312 1593 haec
345 1538 554 1602 omnia,
592 1552 728 1608 quae
763 1542 965 1589 certam
1006 1550 1224 1589 causam
1265 1541 1317 1588 et
1354 1535 1617 1590 rationem
1653 1534 1876 1601 habent,
1907 1535 2006 1590 alia
2031 1541 2159 1591 sunt

178 1656 314 1712 quae
354 1638 576 1693 fortuito
618 1643 743 1691 nata
782 1651 885 1689 non
944 1635 1123 1689 minus
1171 1633 1484 1706 *frequenter
1523 1642 1576 1690 et
1631 1640 1939 1692 constanter
1979 1654 2160 1692 recur-

182 1749 342 1806 runt,
383 1747 435 1795 et
486 1756 642 1811 saepe
681 1737 865 1792 videas
902 1737 957 1790 in
994 1735 1179 1791 eodem
1217 1736 1471 1791 vocabulo
1522 1737 1725 1792 scribas
1779 1738 1962 1793 eadem
2012 1757 2159 1812 pror-

179 1859 272 1899 sus
310 1843 518 1897 ratione
568 1846 867 1912 peccantes.
949 1837 1038 1893 Sic
1079 1855 1143 1893 ex
1183 1855 1288 1892 una
1337 1838 1707 1893 emendatione
1754 1857 2159 1913 nonnumquam

180 1945 361 2018 plures
404 1943 537 1998 aliae
580 1942 868 2014 pariuntur
893 1983 907 2006 ‚
949 1946 1002 1995 et
1052 1939 1341 1994 utilissima
1390 1956 1477 1994 res
1518 1948 1597 1995 est
1637 1958 1743 1995 non
1787 1948 1995 1997 tantum
2038 1943 2159 1998 dili-

178 2052 370 2118 genter
406 2043 850 2098 animadvertisse
889 2058 993 2113 quo
1043 2047 1199 2113 pacto
1235 2058 1298 2095 ex
1338 2040 1591 2096 Codicum
1633 2043 1901 2115 scriptura
1944 2045 2155 2100 mendo-

178 2164 267 2202 sae
303 2146 556 2201 lectiones
596 2150 923 2207 nascantur,
964 2142 1056 2198 sed
1097 2142 1260 2197 etiam
1305 2143 1358 2196 in
1399 2149 1639 2214 tempore
1676 2145 1987 2200 meminisse
2023 2164 2159 2218 quae

178 2247 435 2303 vocabula
472 2248 614 2302 inter
653 2263 709 2301 se
752 2245 952 2300 soleant
990 2245 1289 2317 permutari
1331 2250 1383 2298 et
1432 2243 1703 2299 confundi.
1785 2245 1873 2301 Sic
1912 2248 2055 2303 enim
2094 2266 2159 2304 ex

180 2350 449 2422 corruptis
479 2347 798 2404 lectionibus
831 2363 987 2402 verae
1025 2346 1188 2401 simul
1218 2347 1615 2418 investigantur
1648 2353 1700 2402 et
1732 2348 2158 2420 intelligentibus

181 2451 491 2525 probantur.
573 2450 675 2504 Vix
723 2465 977 2521 umquam
1030 2449 1245 2503 animus
1302 2450 1355 2502 vi
1395 2456 1636 2521 repertae
1684 2450 1927 2505 veritatis
1967 2450 2161 2507 seritur

181 2554 286 2608 nisi
323 2551 412 2607 ubi
464 2551 607 2606 clare
651 2557 903 2623 appareat
955 2548 1219 2622 quomodo
1256 2566 1379 2604 vera
1412 2549 1573 2604 lectio
1624 2548 1796 2605 labem
1854 2568 1915 2606 ac
1965 2553 2159 2608 vitium

178 2655 501 2727 conceperit.
583 2654 770 2726 Itaque
815 2653 1260 2725 quotiescumque
1309 2652 1459 2723 potui
1514 2651 1909 2708 observationes
1949 2654 2156 2726 palaeo-

177 2756 461 2830 graphicas
501 2755 566 2811 de
615 2773 809 2828 genere
861 2754 960 2810 hoc
1001 2755 1055 2808 in
1101 2753 1338 2809 medium
1380 2753 1614 2826 protuli,
1666 2754 1765 2808 hoc
1812 2756 2153 2826 potissimum

179 2874 343 2930 agens
397 2863 458 2912 ut
510 2874 797 2928 generosae
864 2855 1057 2911 indolis
1116 2856 1453 2910 iuventutem
1523 2855 1807 2910 emendare
1867 2858 2157 2930 scriptores

180 2960 406 3016 Graecos
447 2958 727 3023 docerem,
782 2974 1014 3030 namque
1051 2958 1211 3012 etiam
1254 2957 1308 3010 in
1360 2962 1476 3011 arte
1522 2957 1720 3011 Critica
1761 2957 2005 3013 doctrina
2049 2962 2152 3015 vim

178 3067 454 3135 promovet
498 3061 733 3115 insitam.
828 3058 1174 3115 OstendImus
1225 3059 1434 3131 quoties
1481 3059 1702 3114 πέπωκοι
1752 3066 1846 3114 aut
1902 3063 2157 3135 composi-

180 3171 298 3218 tum
338 3161 553 3233 aliquod
593 3161 861 3233 legeretur
902 3162 1107 3234 ineptos
1163 3159 1367 3216 scribas
1417 3160 1670 3216 πέπτωκα
1711 3160 2039 3218 substituere
2079 3181 2157 3218 so-

180 3264 307 3320 lere.
389 3264 487 3319 Ubi
538 3264 658 3335 quis
700 3263 896 3318 adbibit
936 3263 1062 3336 plus
1095 3263 1278 3336 paullo
1317 3262 1374 3315 in
1415 3260 1576 3320 Codd.
1619 3263 1741 3318 Mss.
1796 3266 2157 3319 ὑποπεπτωκέ-

178 3388 258 3421 ναι
290 3365 395 3421 dici
431 3365 563 3421 Solet
603 3373 697 3420 aut
737 3366 1150 3432 ἐμπεπτωκέναι.
1231 3364 1371 3421 Num
1410 3370 1468 3418 tu
1498 3365 1657 3430 istos,
1696 3366 1788 3436 qui
1827 3368 2023 3437 passim
2059 3366 2155 3421 hu·

181 3468 410 3523 iusmodi
472 3485 682 3523 errores
729 3469 1106 3532 committunt,
1168 3467 1468 3538 intelligere
1526 3474 1681 3539 putas
1730 3466 1858 3538 quid
1915 3466 2154 3524 scribant

182 3578 276 3624 aut
309 3572 544 3642 cogitare
580 3569 872 3641 quidquam
913 3568 1178 3641 denique?
1242 3568 1456 3624 Videbis
1490 3575 1671 3623 autem
1712 3568 1857 3621 vitiis
1898 3566 1951 3621 id
1986 3586 2155 3639 genus

183 3670 346 3726 libros
387 3689 568 3727 omncs
608 3678 812 3727 scatere
850 3672 1011 3728 etiam
1045 3672 1290 3743 optimos.
1374 3670 1717 3726 Ostendimus
1756 3670 1810 3723 in
1849 3669 2156 3726 Demosthe-
