2436 4068
979 204 1080 254 661

44 348 159 424 (μὴ)
201 347 475 417 φαίνεσθαι
517 344 841 413 βουλομένη,
894 345 1036 417 quod
1087 344 1523 410 commendatur,
1579 360 1644 399 ne
1682 344 1856 400 dicam
1895 345 2010 416 ipsa

37 438 113 492 rei
155 443 382 499 natura,
423 441 477 489 et
516 434 584 487 iis
618 449 754 504 quae
789 433 1117 505 praecedunt
1154 442 1219 503 τῇ
1260 432 1589 502 κοσμιωτάτῃ
1622 433 1790 500 διαίτη
1836 439 1888 486 et
1929 449 2009 486 se-

36 524 220 596 quenti
263 523 545 593 participio
581 521 978 590 διαφεύγουσα,
1022 538 1178 585 nam,
1219 523 1264 576 si
1306 521 1561 576 voluisset
1606 520 1737 575 haec
1774 520 1917 575 inter
1952 536 2010 574 se

37 626 300 683 opponere
340 609 584 663 Socrates
618 609 894 676 φαίνεσθαι
914 609 1203 674 βουλομένη
1243 616 1296 664 et
1328 609 1721 678 διαφεύγουσα,
1756 624 1862 662 non
1883 624 2008 662 con-

34 698 300 752 iunxisset
355 696 485 752 haec
538 695 727 768 copula
785 697 910 760 καί,
971 695 1063 751 sed
1123 692 1239 751 εἶτα
1288 699 1650 766 διαφεύγουσα
1689 701 1783 751 aut
1821 694 2007 750 huius-

33 785 175 841 modi
204 783 363 857 quid‚
405 783 546 838 unde
583 800 646 838 ea
684 800 773 838 res
810 791 1121 856 appareret,
1162 783 1403 839 dixisset.
1451 785 1728 839 Excidisse
1755 785 1830 850 μή
1871 782 2008 838 nihil

35 872 195 928 habet
232 871 373 944 quod
414 872 646 927 mireris,
726 871 894 943 Saepe
936 872 1235 926 necessaria
1275 873 1487 943 negatio
1524 873 1578 926 in
1619 872 1770 927 libris
1811 873 2011 927 omissa

36 967 150 1026 σαι,
189 961 348 1015 cuius
383 962 460 1015 rei
492 968 544 1015 et
579 960 681 1031 ipsi
717 958 944 1014 subinde
979 959 1221 1032 exempla
1256 959 1571 1025 attulimuS,
1611 960 1806 1031 quibus
1840 976 2010 1014 unum

38 1056 94 1105 et
130 1048 359 1104 alterum
401 1064 464 1103 ex
505 1047 861 1103 Demosthene
898 1046 1094 1103 addere
1148 1048 1325 1111 iuvat,
1365 1048 1455 1119 qui
1502 1048 1555 1100 in
1598 1046 1743 1102 Orat.
1782 1048 1871 1102 IX.
1918 1052 2009 1103 11.

37 1136 341 1209 Philippum
386 1134 657 1208 Olynthiis
696 1134 895 1189 dixisse
938 1134 1105 1190 refert
1155 1132 1232 1190 ὅτι
1277 1135 1359 1190 δεῖ
1405 1137 1536 1190 δυοῖν
1581 1134 1784 1203 θοέτερον
1819 1135 1847 1198 ἢ
1884 1136 2012 1189 ἐκεί-

32 1244 141 1287 νους
176 1225 227 1278 ἕν
265 1225 493 1292 Ὀλύνθῳ
537 1225 612 1290 μη
658 1225 809 1277 οἰκεῖν
851 1223 879 1286 ἢ
917 1223 1075 1278 αὐτὸν
1125 1223 1177 1276 ἕν
1212 1224 1552 1293 Μακεδονία,
1596 1221 1738 1293 quod
1779 1221 2008 1292 intelligi

34 1329 139 1367 non
187 1313 383 1384 poterit
429 1312 597 1366 donee
650 1311 952 1366 restitueris
993 1313 1022 1374 ἢ
1061 1313 1218 1366 αὐτὸν
1275 1310 1390 1386 (μὴ)
1449 1313 1499 1365 ἕν
1553 1310 1868 1380 Μακεδονία.
1947 1310 2010 1364 In

37 1399 277 1457 eiusdem
318 1401 557 1455 oratione
596 1401 707 1467 περὶ
761 1408 855 1463 τῆς
892 1401 1323 1468 παραπρεσβείας
1383 1402 1412 1471 §
1453 1402 1582 1453 212.
1636 1398 1774 1454 male
1814 1399 2015 1454 Graece

38 1488 242 1560 legitur
274 1492 330 1544 οὐ
369 1490 451 1555 μοὶ
492 1490 610 1551 Δί’,
667 1490 758 1542 οὐκ
797 1488 1091 1557 ἀπηγόρευε
1127 1495 1343 1551 καλεῖν,
1386 1488 1651 1544 Graecum
1686 1494 1767 1542 est
1805 1486 2018 1552 ἀπηγό-

38 1597 148 1646 ρευε
191 1576 307 1651 (μὴ)
348 1584 548 1631 καλεῖν.

111 1664 308 1719 Contra
343 1666 666 1719 sententiam
707 1664 884 1720 adhuc
918 1664 1100 1720 editur
1133 1666 1222 1721 ΙΙΙ.
1264 1683 1370 1720 xiv.
1415 1669 1467 1719 7.
1522 1664 1676 1730 ἔλεγε
1716 1665 1768 1719 δὲ
1815 1665 1902 1719 καὶ
1936 1667 2016 1726 ,ὥς

37 1756 99 1809 τὸ
126 1754 529 1820 εὐωχεῖσθαι
568 1754 620 1807 ἕν
655 1762 720 1821 τῇ
756 1753 1034 1815 Ἀθηναίων
1074 1755 1289 1823 γλώττῃ
1320 1754 1556 1807 ἐσθίειν
1594 1760 1823 1808 καλοῖτο.
1886 1754 2015 1808 Din-

41 1840 280 1906 dorfioe,
338 1841 430 1912 qui
490 1841 616 1895 olim
680 1842 840 1895 istam
894 1840 1180 1896 lectionem
1234 1849 1461 1895 conatus
1512 1846 1628 1894 erat
1698 1839 2016 1905 defendere,

39 1930 257 2002 agnovit
286 1946 524 1984 errorem
559 1945 719 1984 suum
750 1929 803 1983 in
841 1928 1168 2001 praefatione
1203 1929 1267 1983 ad
1298 1928 1712 1984 Demosthenem
1750 1934 2013 2000 pag.1.x11.

35 2017 180 2075 Edit.
226 2017 464 2082 Teubn.,
502 2023 557 2072 et
598 2017 942 2072 Demostheni
989 2035 1039 2090 p.
1081 2021 1227 2083 650,
1270 2021 1358 2072 28.
1414 2016 1646 2072 reddens
1683 2033 1879 2071 suu-m:
1939 2019 2019 2072 τοῖο

37 2109 144 2175 γὰρ
175 2109 434 2176 χρήματα
472 2105 723 2160 ἄποινα
764 2106 1017 2175 ὠνόμαζον
1057 2109 1100 2161 οἱ
1141 2105 1395 2170 παλαιοί,
1431 2105 1485 2158 ἰη
1530 2103 1877 2176 Xenophonte
1901 2122 2016 2176 pro-

39 2194 187 2252 bavit
227 2194 652 2251 emendationem
708 2194 910 2249 Reiskii
955 2198 1022 2256 ὥς
1065 2196 1123 2250 τὸ
1164 2194 1342 2249 ἐσθίειν
1381 2225 1459 2235 -
1491 2194 1797 2260 εὐωχεῖσθαι
1840 2201 2014 2249 καλοῖ·

41 2305 118 2340 το.
199 2282 396 2339 Lenius
436 2289 518 2336 est
554 2298 676 2337 cum
718 2282 840 2337 aliis
878 2284 939 2336 τό
980 2282 1152 2338 solum
1189 2289 1560 2354 transponere:
1603 2285 1666 2344 ὡς
1707 2285 2017 2350 εὐωχεῖσθαι.

38 2403 116 2415 -
147 2372 207 2427 τὸ
247 2371 426 2425 ἐσθίειν
465 2377 693 2426 καλοῖτο.
773 2371 1056 2426 Caeterum
1097 2371 1200 2426 ista
1240 2369 1477 2425 Socratis
1515 2370 1694 2440 opinio
1731 2385 1834 2424 non
1875 2370 2017 2424 seria

39 2467 159 2526 est,
197 2458 288 2515 sed
328 2460 502 2514 iocosa
542 2467 595 2514 et
632 2458 903 2515 iocularis,
983 2459 1082 2514 Est
1122 2457 1326 2531 aliquid
1367 2458 1510 2513 inter
1544 2458 1602 2512 τὸ
1644 2458 1826 2512 ἐσθίειν.
1861 2465 1914 2513 et
1951 2461 2012 2514 τὸ

36 2550 375 2617 εὐωχεῖσθαι,
417 2546 556 2618 quod
596 2548 767 2603 nescit
807 2563 980 2602 nemo.

115 2636 281 2694 Nemo
322 2634 475 2694 facile
513 2634 655 2691 dicet
704 2634 834 2707 quid
886 2636 987 2689 sibi
1043 2634 1170 2690 velit
1219 2632 1593 2706 imperfectum
1649 2633 1911 2699 διηγοῦντο
1957 2636 2011 2690 in

39 2723 258 2781 Bemor.
291 2724 356 2779 ll.
397 2742 472 2778 ιιι.
514 2727 570 2780 2.
624 2722 776 2778 ἄλλοι
831 2724 926 2789 μὲν
965 2722 1047 2780 οὖν
1098 2725 1238 2791 αὐτῷ
1293 2723 1412 2790 πρὸς
1455 2721 1650 2783 ἄλλους
1696 2720 1852 2785 οὕτως
1900 2725 2012 2790 ὁμι-

37 2817 208 2870 λοῦντι
267 2811 671 2879 παραγενόμενοι
728 2812 1115 2878 διηγοῦντο·
1167 2812 1267 2876 ἐγὼ
1316 2811 1368 2866 δὲ
1409 2809 1493 2865 ὅτε
1548 2811 1669 2879 πρὸς
1714 2811 2010 2878 Εὐθύδημον

38 2901 210 2957 τοιάδε
265 2902 527 2966 διελέγετο
588 2901 964 2968 παρεγενόμην.
1047 2899 1198 2968 Quod
1251 2898 1590 2955 Heindorfius
1632 2899 1862 2954 coniecit
1907 2901 2006 2963 διη·

41 2996 211 3055 γοΐντο
267 3005 480 3043 summo
521 2989 634 3042 viro
685 2988 1012 3061 imprudenti
1068 2986 1329 3044 excidisse
1384 2986 1615 3042 videtur.
1708 2986 2011 3043 Emendan-

42 3074 171 3132 dum
210 3084 289 3132 est
328 3078 623 3143 διηγοῦνται
648 3118 661 3139 ,
702 3093 892 3149 nempe
935 3078 988 3131 in
1033 3077 1100 3130 iis
1135 3093 1271 3149 quae
1309 3076 1375 3132 de
1422 3075 1639 3131 Socrate
1678 3075 2010 3147 scripserunt.

44 3162 330 3238 Xanophon
366 3165 457 3220 diu
493 3173 613 3238 post
655 3165 890 3221 Socratis
930 3171 1158 3220 mortem
1190 3167 1262 3221 τα
1294 3164 1841 3231 Ἀπομνημονεύματα
1880 3165 2011 3219 scri·

41 3249 165 3308 bere
211 3254 418 3326 coepit,
477 3271 645 3326 quum
687 3254 842 3309 multi
884 3255 986 3308 iam
1031 3255 1279 3309 certatim
1320 3252 1490 3309 multa
1540 3250 1604 3307 de
1645 3253 1862 3306 Socrate
1906 3269 2010 3307 me·

41 3343 243 3395 moriae
284 3341 653 3413 prodidissent.
737 3343 878 3398 Satis
919 3350 1000 3398 est
1036 3343 1346 3415 apposuisse
1384 3341 1543 3398 verba
1577 3357 1605 3395 e
1646 3338 2010 3410 Xenophontis

47 3426 296 3500 Apologia
339 3428 572 3485 Socratis
621 3434 649 3502 §
688 3437 735 3486 1.
789 3431 1177 3500 γεγράφασι
1216 3433 1311 3498 μὲν
1348 3430 1458 3498 περὶ
1494 3428 1674 3484 τούτου
1704 3427 1789 3481 καὶ
1827 3426 2012 3495 ἄλλοι,

48 3516 135 3569 καὶ
188 3516 380 3578 πάντες
434 3517 618 3587 ἔτυχον
656 3527 748 3583 τῆς
806 3522 1201 3587 μεγαληγορίας
1248 3522 1443 3580 αὐτοῦ,
1502 3522 1554 3571 el.
1610 3533 1671 3570 cx
1721 3513 1936 3570 Memor.
1973 3517 2012 3573 I.

51 3619 116 3658 lv,
167 3610 210 3659 1.
268 3607 308 3659 εἱ
349 3606 400 3660 δέ
448 3627 577 3670 τινες
623 3609 897 3678 Σωκράτην
940 3610 1246 3677 νομίζουσιν,
1308 3610 1370 3670 ὥς
1429 3605 1539 3660 ἔνιοι
1588 3603 1919 3672 γράφουσί
1958 3628 2014 3661 τε
