2436 4068
977 177 1079 226 715

36 321 292 381 scriberet
332 337 447 392 cap.
490 325 575 374 19.
620 319 731 386 περὶ
776 318 870 385 μὲν
914 316 996 373 οὖν
1029 318 1219 373 τούτων
1267 319 1354 373 καὶ
1405 322 1500 372 τῶν
1539 317 1774 372 τοιούτων
1818 318 2010 387 [ἐπιτο-

37 416 138 468 λῶν
195 408 480 464 delendum
536 406 796 477 arbitror]
849 406 966 460 οὔτε
1025 410 1282 468 απιςῆσαι
1344 407 1508 476 ῥᾴδιον
1574 404 1692 458 οὔτε
1747 409 2011 462 πιςεῦσαι.

40 498 225 570 ltaque
264 498 318 550 in
362 511 557 566 magna
599 490 834 564 fingendi
890 493 1144 548 facultate
1197 495 1397 566 passim
1459 492 1658 547 multas
1713 491 1928 546 sahellas
1963 500 2018 546 et

40 593 342 643 commenta
385 591 511 637 nata
551 598 669 636 esse
724 598 827 635 non
870 589 949 635 est
991 582 1130 652 qnod
1192 584 1489 636 miremur:
1550 588 1603 636 et
1651 580 1750 634 hoc
1798 578 2015 651 quidem

35 674 281 731 omnium
319 671 544 725 minime
583 677 666 724 est
709 668 955 723 mirabile
995 669 1135 740 quod
1171 669 1235 723 ad
1277 670 1587 742 Lycurgum
1626 675 1899 723 auctorem
1934 684 2019 722 re·

24 760 306 834 =·liquorum
350 760 565 813 inventa
608 764 662 811 et
703 757 950 810 instituta
989 755 1335 820 reseruntur,
1388 759 1547 811 etiam
1606 774 1702 821 ea,
1763 772 1900 828 quae
1953 755 2019 810 ab

23 843 129 908 'ino
161 849 447 903 videantur
478 845 825 900 alienissima.
908 845 1224 917 LycurguS‚
1267 852 1327 898 ut
1359 844 1458 898 hoc
1490 852 1641 908 utar,
1681 860 1856 915 neque
1892 859 2017 897 cum

29 938 267 1010 Imperio
319 935 484 989 fuisse
537 949 795 1005 umquam
853 931 1099 994 videtur,
1158 947 1335 1001 neque
1394 934 1474 986 rei
1534 932 1756 987 bellicae
1809 931 2021 986 dedisse

13 1041 252 1098 :operam
274 1066 289 1088 ,
331 1039 505 1094 neque
535 1027 680 1075 artes
716 1021 1091 1092 imperatorIas
1126 1018 1440 1074 excoluisse.
1502 1021 1705 1074 Auctor
1741 1027 1822 1074 est
1858 1023 1882 1073 ὅ
1915 1029 2020 1074 Φα-

20 1100 221 1182 Ιεληρεὺς
276 1113 567 1178 Δημήτριος
626 1111 713 1164 τὸν
770 1112 1065 1175 Λυκοῦργον
1108 1108 1350 1171 οὐδεμιᾶς
1406 1107 1680 1175 οὲψοὲμενον
1733 1116 2021 1173 πολεμικῆς

0 1199 275 1270 ’ψπράξεως
314 1201 366 1253 ἐν
405 1202 570 1267 εἰρήνῃ
607 1199 1007 1260 καταςήσασθαι
1047 1196 1140 1257 τὴν
1178 1196 1445 1250 πολιτείαν
1468 1238 1483 1258 ,
1528 1195 1667 1267 apud
1711 1195 1849 1250 Plut.
1893 1196 2021 1268 Lyn.

0 1292 131 1355 323.
211 1287 391 1342 Facile
443 1286 750 1342 credimus:
809 1283 1150 1356 pereruditus
1191 1283 1335 1337 enim
1389 1283 1543 1337 testis
1594 1289 1674 1338 est
1718 1290 1772 1337 et
1813 1283 1887 1337 rei
1931 1299 2021 1336 na-

0 1374 2 1398 ³
30 1383 165 1434 tura
206 1375 506 1431 confirmat.
588 1375 760 1444 Reges
798 1371 1094 1427 Archelaus
1133 1379 1186 1425 et
1223 1370 1488 1424 Chaiillus
1545 1371 1679 1426 hella
1739 1370 2023 1441 gerebant,

0 1473 207 1557 ἐῐψιιιιιι
262 1466 549 1537 Lycurgus
600 1479 768 1533 remp.
816 1462 968 1515 novis
1017 1459 1228 1567 legibus
1281 1461 1650 1514 constitueret.
1731 1457 2027 1513 Archelaus

9 1561 95 1613 sel.
141 1551 408 1607 Chai-illus
462 1572 556 1614 την
594 1550 763 1614 Αἴγυν
805 1547 940 1604 εἶλον
994 1549 1081 1603 καὶ
1137 1549 1598 1617 ἠνδραποδίσαντο,
1658 1548 1887 1602 Pausan.
1930 1546 2022 1601 III.

12 1655 95 1697 ιι
137 1646 191 1696 5.
270 1639 466 1695 Iisdem
524 1655 690 1710 quum
738 1638 1074 1709 aliquantum
1132 1638 1247 1708 agri
1303 1636 1437 1691 hello
1494 1637 1762 1708 cepissent
1816 1634 2022 1690 editum

28 1735 123 1785 ‚est
158 1727 465 1783 oraculum:

341 1815 476 1870 εἶκεν
515 1814 793 1877 ἐπικτήτου
834 1814 1008 1882 μοίρης
1048 1813 1219 1882 λάχος
1261 1813 1554 1868 Ἀπόλλωνι

342 1902 499 1970 ἥμισυ
538 1901 830 1957 adaccaro-0⁶1
872 1903 1005 1957 πολὺ
1045 1904 1189 1957 λώϊον
1230 1901 1439 1956 ἔσσεται
1480 1902 1656 1962 αὐτοῖς
1680 1942 1694 1964 ,

43 2001 183 2049 teste
221 1990 490 2048 Oenomao
525 1989 668 2062 apud
708 1989 903 2045 Euseh.
947 1990 1197 2061 Praepar.
1250 1990 1459 2060 Euang.
1498 1988 1558 2043 V.
1603 1992 1696 2044 52.
1759 1987 2026 2044 Charillus

11 2081 179 2139 bella
216 2097 340 2136 cum
384 2080 601 2151 Argivis
644 2085 698 2133 et
740 2078 987 2149 Tegeatis
1028 2079 1221 2149 gessit.
1263 2085 1456 2149 captus
1494 2076 1559 2130 ah
1601 2077 1685 2131 his
1726 2076 1883 2131 iidem
1935 2076 2025 2132 de-

12 2145 122 2286 {dit
175 2185 232 2224 se
287 2168 535 2239 Tegeatis
585 2183 736 2222 arma
791 2165 1009 2238 posthac
1065 2183 1169 2220 non
1223 2165 1520 2220 illaturum.
1601 2165 1866 2219 Dimissus
1920 2181 2026 2219 non

15 2258 274 2314 ¹-aservavit
316 2255 491 2311 fidem.
551 2257 778 2310 Pausan.
821 2253 910 2308 111.
955 2272 1042 2309 vu.
1087 2259 1137 2309 5.
1198 2254 1423 2309 vl11.v.
1465 2258 1499 2308 9
1555 2260 1606 2308 et
1663 2254 2023 2310 V111.x1.v111.

16 2344 207 2402 *4—5.
288 2344 497 2399 Interea
550 2344 834 2418 Lycurgus
874 2342 1017 2397 (lomi
1059 2360 1228 2414 remp.
1284 2341 1661 2397 constituebat.
1745 2340 2028 2413 Spartanis

16 2433 339 2492 ³oerioribus
379 2432 536 2488 aliter
577 2434 769 2488 visum.
849 2433 1059 2493 Ἱππίας
1092 2436 1116 2486 ὁ
1154 2434 1371 2501 σοφιςὴς
1412 2432 1498 2485 τὸν
1537 2435 1832 2497 Λυκοῦργον
1874 2443 2026 2498 πολε-

17 2523 334 2592 ·μικάντατόν
389 2526 519 2591 Φησι
571 2523 809 2587 γενέσθαι
870 2521 956 2575 καὶ
1015 2526 1219 2575 πολλῶν
1272 2519 1507 2586 ἔμπειρον
1548 2525 1828 2587 ςρατειῶν,
1882 2518 2023 2572 Plut.

16 2605 81 2683 {¹-
106 2611 141 2668 Ι.
219 2611 385 2666 Visne
439 2611 580 2665 scire
620 2609 762 2665 unde
801 2609 930 2664 haec
971 2609 1230 2680 Hippias,
1289 2607 1447 2661 homo
1488 2606 1647 2671 levis,
1689 2606 2025 2678 arripuerit?

23 2696 155 2758 >Non
196 2717 262 2755 ex
298 2686 575 2754 annalium
628 2705 931 2762 vetustate,
985 2697 1075 2751 sed
1119 2714 1182 2751 ex
1229 2695 1769 2750 Lacedaemoniorum
1827 2711 2024 2749 sermo·

6 1847 20 1869 ⁴

12 1887 23 1926 I

13 2787 232 2844 'nibusz
275 2786 395 2842 vide
431 2785 702 2840 Platonem
749 2786 799 2839 in
843 2785 1033 2858 Hippia
1071 2786 1272 2839 maiore
1314 2800 1430 2856 pag.
1471 2787 1595 2838 285.
1640 2782 1699 2837 D.
1782 2782 2026 2837 Indidem

0 2860 245 2957 &sumsit
283 2873 728 2945 Philostephanus
770 2873 930 2947 (apud
974 2873 1110 2927 Plut.
1155 2872 1187 2927 l.
1229 2873 1282 2945 l.)
1324 2879 1533 2927 turmas
1573 2872 1816 2942 equitum
1862 2888 1890 2925 a
1927 2871 2026 2945 Ly-

16 2962 213 3036 'aecurgo
267 2979 382 3019 esse
440 2963 780 3016 constitutas
861 2961 1058 3016 Eodem
1116 2960 1271 3015 modo
1312 2960 1452 3033 quod
1494 2958 1784 3030 Xenophon
1841 2966 2028 3014 narrat

46 3069 164 3127 cap.
201 3051 316 3107 XII.
367 3050 619 3123 quomodo
669 3048 946 3121 Lycuryus
998 3051 1132 3104 cives
1168 3067 1286 3104 suos
1326 3057 1494 3103 castra
1535 3048 1724 3102 metari
1763 3046 2025 3114 docuerit,

46 3141 101 3199 id
136 3157 258 3197 eum
316 3141 367 3194 in
427 3137 659 3209 Agesilai
716 3139 909 3192 castris
965 3146 1017 3192 et
1057 3138 1324 3209 praetorio
1364 3136 1522 3193 credo
1576 3136 1863 3191 audivisse.
1946 3135 2024 3189 Ah

47 3228 231 3286 eodem
266 3234 360 3283 aut
399 3226 503 3282 alio
540 3225 770 3298 quodam
812 3227 987 3280 amico
1027 3225 1290 3299 Spartano
1330 3226 1599 3297 accepisse
1638 3223 1851 3277 videtur
1885 3222 2025 3294 quod

48 3315 115 3373 de
151 3317 385 3391 Lycurgi
420 3322 594 3370 aetate
646 3314 830 3369 retulit
869 3311 944 3369 ὅτι
980 3315 1199 3381 λέγεται
1240 3315 1420 3369 κατὰ
1460 3314 1614 3373 τοὺς
1674 3311 1738 3365 ‘11
1753 3323 1924 3378 ρακλ
1944 3312 2026 3365 εί-

49 3405 167 3467 δας
220 3403 498 3470 γενέσθαι,
556 3419 714 3475 quem
776 3404 1157 3474 gravissimum
1219 3419 1454 3458 errorem
1522 3402 1572 3454 in
1638 3398 1879 3470 Agesilao
1922 3416 2025 3453 non

49 3509 243 3565 magno
282 3508 439 3564 opere
473 3492 770 3557 miramur,
810 3492 902 3564 qui
946 3507 1111 3563 ‹puun
1170 3498 1504 3563 perveterem
1551 3487 1856 3560 Lycurgum
1912 3502 2028 3542 esse

48 3581 209 3637 sciret
249 3581 365 3637 eius
420 3587 647 3636 aetatem
690 3596 812 3635 cum
871 3580 1000 3651 ipsis
1043 3578 1353 3651 primordiis
1411 3577 1486 3631 rei
1549 3575 1842 3647 Spartanae
1902 3593 2023 3630 con·
