<?xml version="1.0" encoding="UTF-8"?>
<!DOCTYPE html PUBLIC "-//W3C//DTD XHTML 1.0 Transitional//EN"
    "http://www.w3.org/TR/xhtml1/DTD/xhtml1-transitional.dtd">
<html xmlns="http://www.w3.org/1999/xhtml" xml:lang="en" lang="en">
 <head>
  <title>
</title>
<meta http-equiv="Content-Type" content="text/html;charset=utf-8" />
  <meta name='ocr-system' content='tesseract 3.04.00' />
  <meta name='ocr-capabilities' content='ocr_page ocr_carea ocr_par ocr_line ocrx_word'/>
</head>
<body>
  <div class='ocr_page' id='page_1' title='image "./novaelectionesqu00cobeuoft/novaelectionesqu00cobeuoft_0440.png"; bbox 0 0 2436 4068; ppageno 0'>
   <div class='ocr_carea' id='block_1_1' title="bbox 1313 238 1418 288">
    <p class='ocr_par' dir='ltr' id='par_1_1' title="bbox 1313 238 1418 288">
     <span class='ocr_line' id='line_1_1' title="bbox 1313 238 1418 288; baseline 0.01 -2"><span class='ocrx_word' id='word_1_1' title='bbox 1313 238 1418 288; x_wconf 81' lang='lat'><strong>406</strong></span> 
     </span>
    </p>
   </div>
   <div class='ocr_carea' id='block_1_2' title="bbox 374 378 2364 3444">
    <p class='ocr_par' dir='ltr' id='par_1_2' title="bbox 389 378 2356 540">
     <span class='ocr_line' id='line_1_2' title="bbox 389 378 2356 455; baseline -0.009 -18"><span class='ocrx_word' id='word_1_2' title='bbox 389 399 607 447; x_wconf 89' lang='lat' dir='ltr'><strong>eorum,</strong></span> <span class='ocrx_word' id='word_1_3' title='bbox 668 385 722 437; x_wconf 88' lang='lat' dir='ltr'><strong>in</strong></span> <span class='ocrx_word' id='word_1_4' title='bbox 763 401 896 455; x_wconf 89' lang='lat' dir='ltr'><strong>quos</strong></span> <span class='ocrx_word' id='word_1_5' title='bbox 938 396 1188 453; x_wconf 88' lang='lat' dir='ltr'><strong>praesens</strong></span> <span class='ocrx_word' id='word_1_6' title='bbox 1238 379 1557 434; x_wconf 83' lang='lat' dir='ltr'><strong>beneficium</strong></span> <span class='ocrx_word' id='word_1_7' title='bbox 1603 383 1892 436; x_wconf 72' lang='lat' dir='ltr'><strong>confertur,</strong></span> <span class='ocrx_word' id='word_1_8' title='bbox 1971 378 2215 433; x_wconf 79' lang='lat' dir='ltr'><strong>Nondum</strong></span> <span class='ocrx_word' id='word_1_9' title='bbox 2278 398 2356 435; x_wconf 66' lang='lat' dir='ltr'><strong>ve-</strong></span> 
     </span>
     <span class='ocr_line' id='line_1_3' title="bbox 391 466 1764 540; baseline -0.003 -16"><span class='ocrx_word' id='word_1_10' title='bbox 391 487 512 525; x_wconf 89' lang='lat' dir='ltr'><strong>rum</strong></span> <span class='ocrx_word' id='word_1_11' title='bbox 554 488 669 526; x_wconf 88' lang='lat' dir='ltr'><strong>esse</strong></span> <span class='ocrx_word' id='word_1_12' title='bbox 705 471 863 525; x_wconf 91' lang='lat' dir='ltr'><strong>desiit</strong></span> <span class='ocrx_word' id='word_1_13' title='bbox 903 468 1044 540; x_wconf 88' lang='lat' dir='ltr'><strong>quod</strong></span> <span class='ocrx_word' id='word_1_14' title='bbox 1080 466 1220 539; x_wconf 89' lang='lat' dir='ltr'><strong>apud</strong></span> <span class='ocrx_word' id='word_1_15' title='bbox 1254 467 1605 521; x_wconf 85' lang='lat' dir='ltr'><strong>Menandrum</strong></span> <span class='ocrx_word' id='word_1_16' title='bbox 1650 477 1764 526; x_wconf 77' lang='lat' dir='ltr'><strong>est:</strong></span> 
     </span>
    </p>

    <p class='ocr_par' dir='ltr' id='par_1_3' title="bbox 691 555 1746 628">
     <span class='ocr_line' id='line_1_4' title="bbox 691 555 1746 628; baseline -0.004 -15"><span class='ocrx_word' id='word_1_17' title='bbox 691 557 786 624; x_wconf 72' lang='grc' dir='ltr'><strong>ἅμ’</strong></span> <span class='ocrx_word' id='word_1_18' title='bbox 828 558 1040 621; x_wconf 74' lang='grc' dir='ltr'><em>ἠλέηται</em></span> <span class='ocrx_word' id='word_1_19' title='bbox 1090 557 1175 610; x_wconf 77' lang='grc' dir='ltr'><em>καὶ</em></span> <span class='ocrx_word' id='word_1_20' title='bbox 1218 555 1450 617; x_wconf 76' lang='grc' dir='ltr'><strong>τέθνηκεν</strong></span> <span class='ocrx_word' id='word_1_21' title='bbox 1490 559 1518 619; x_wconf 75' lang='grc' dir='ltr'><em>ἡ</em></span> <span class='ocrx_word' id='word_1_22' title='bbox 1558 555 1746 628; x_wconf 69' lang='grc' dir='ltr'><em>χάρις,</em></span> 
     </span>
    </p>

    <p class='ocr_par' dir='ltr' id='par_1_4' title="bbox 689 642 1842 715">
     <span class='ocr_line' id='line_1_5' title="bbox 689 642 1842 715; baseline -0.002 -15"><span class='ocrx_word' id='word_1_23' title='bbox 689 644 746 706; x_wconf 77' lang='grc' dir='ltr'><strong>ἣν</strong></span> <span class='ocrx_word' id='word_1_24' title='bbox 785 647 1016 712; x_wconf 78' lang='grc' dir='ltr'><em>δεόμενος</em></span> <span class='ocrx_word' id='word_1_25' title='bbox 1054 644 1163 698; x_wconf 74' lang='grc' dir='ltr'>τότ’</span> <span class='ocrx_word' id='word_1_26' title='bbox 1203 642 1456 698; x_wconf 69' lang='grc' dir='ltr'><em>ἀθάνατον</em></span> <span class='ocrx_word' id='word_1_27' title='bbox 1495 643 1682 710; x_wconf 75' lang='grc' dir='ltr'><em>ἕξειν</em></span> <span class='ocrx_word' id='word_1_28' title='bbox 1721 647 1842 715; x_wconf 73' lang='grc' dir='ltr'><strong>ἔφη.</strong></span> 
     </span>
    </p>

    <p class='ocr_par' dir='ltr' id='par_1_5' title="bbox 374 730 2364 3444">
     <span class='ocr_line' id='line_1_6' title="bbox 463 730 2359 802; baseline -0.001 -16"><span class='ocrx_word' id='word_1_29' title='bbox 463 733 657 786; x_wconf 89' lang='lat' dir='ltr'><strong>Ridere</strong></span> <span class='ocrx_word' id='word_1_30' title='bbox 705 734 839 787; x_wconf 92' lang='lat' dir='ltr'><strong>mihi</strong></span> <span class='ocrx_word' id='word_1_31' title='bbox 879 732 1022 786; x_wconf 81' lang='lat' dir='ltr'><strong>subit</strong></span> <span class='ocrx_word' id='word_1_32' title='bbox 1062 731 1269 802; x_wconf 90' lang='lat' dir='ltr'><strong>quoties</strong></span> <span class='ocrx_word' id='word_1_33' title='bbox 1327 732 1507 788; x_wconf 85' lang='lat' dir='ltr'><strong>incido</strong></span> <span class='ocrx_word' id='word_1_34' title='bbox 1555 736 1608 789; x_wconf 92' lang='lat' dir='ltr'><strong>in</strong></span> <span class='ocrx_word' id='word_1_35' title='bbox 1662 737 1839 790; x_wconf 88' lang='lat' dir='ltr'><strong>locum</strong></span> <span class='ocrx_word' id='word_1_36' title='bbox 1878 730 1966 784; x_wconf 93' lang='lat' dir='ltr'><strong>IV.</strong></span> <span class='ocrx_word' id='word_1_37' title='bbox 2010 747 2058 784; x_wconf 91' lang='lat' dir='ltr'><strong>v.</strong></span> <span class='ocrx_word' id='word_1_38' title='bbox 2104 735 2188 785; x_wconf 75' lang='lat'><strong>15.</strong></span> <span class='ocrx_word' id='word_1_39' title='bbox 2242 730 2359 786; x_wconf 70' lang='grc' dir='ltr'><em>ἐκοί-</em></span> 
     </span>
     <span class='ocr_line' id='line_1_7' title="bbox 386 819 2361 890; baseline -0.002 -16"><span class='ocrx_word' id='word_1_40' title='bbox 386 822 529 882; x_wconf 64' lang='lat' dir='ltr'><strong>amm-o</strong></span> <span class='ocrx_word' id='word_1_41' title='bbox 570 821 656 874; x_wconf 81' lang='grc' dir='ltr'><em>καὶ</em></span> <span class='ocrx_word' id='word_1_42' title='bbox 706 824 794 875; x_wconf 82' lang='grc' dir='ltr'><strong>οὐκ</strong></span> <span class='ocrx_word' id='word_1_43' title='bbox 844 820 1052 889; x_wconf 79' lang='grc' dir='ltr'><em>ἔφασαν</em></span> <span class='ocrx_word' id='word_1_44' title='bbox 1104 821 1522 887; x_wconf 86' lang='grc' dir='ltr'><em>πορεύεσθαι.</em></span> <span class='ocrx_word' id='word_1_45' title='bbox 1604 822 1784 890; x_wconf 83' lang='lat' dir='ltr'>Quid?</span> <span class='ocrx_word' id='word_1_46' title='bbox 1828 819 2069 874; x_wconf 81' lang='lat' dir='ltr'><em>sedebant</em></span> <span class='ocrx_word' id='word_1_47' title='bbox 2107 825 2159 872; x_wconf 87' lang='lat' dir='ltr'><strong>et</strong></span> <span class='ocrx_word' id='word_1_48' title='bbox 2205 835 2361 888; x_wconf 85' lang='lat' dir='ltr'><strong>nega-</strong></span> 
     </span>
     <span class='ocr_line' id='line_1_8' title="bbox 384 906 2363 983; baseline -0.001 -21"><span class='ocrx_word' id='word_1_49' title='bbox 384 907 514 962; x_wconf 87' lang='lat' dir='ltr'><strong>bant</strong></span> <span class='ocrx_word' id='word_1_50' title='bbox 550 925 605 962; x_wconf 89' lang='lat' dir='ltr'><strong>se</strong></span> <span class='ocrx_word' id='word_1_51' title='bbox 639 909 924 964; x_wconf 77' lang='lat' dir='ltr'><strong>ambulare.</strong></span> <span class='ocrx_word' id='word_1_52' title='bbox 1002 908 1168 963; x_wconf 90' lang='lat' dir='ltr'><strong>Nemo</strong></span> <span class='ocrx_word' id='word_1_53' title='bbox 1202 906 1357 962; x_wconf 86' lang='lat' dir='ltr'><strong>facile</strong></span> <span class='ocrx_word' id='word_1_54' title='bbox 1392 909 1638 966; x_wconf 88' lang='lat' dir='ltr'><strong>dubitare</strong></span> <span class='ocrx_word' id='word_1_55' title='bbox 1674 914 1880 983; x_wconf 88' lang='lat' dir='ltr'><strong>poterat</strong></span> <span class='ocrx_word' id='word_1_56' title='bbox 1916 907 2045 977; x_wconf 89' lang='lat' dir='ltr'><strong>quin</strong></span> <span class='ocrx_word' id='word_1_57' title='bbox 2082 908 2363 962; x_wconf 85' lang='lat' dir='ltr'><strong>verissima</strong></span> 
     </span>
     <span class='ocr_line' id='line_1_9' title="bbox 387 995 2364 1068; baseline -0.001 -19"><span class='ocrx_word' id='word_1_58' title='bbox 387 996 644 1050; x_wconf 81' lang='lat' dir='ltr'>dicerent.</span> <span class='ocrx_word' id='word_1_59' title='bbox 723 997 986 1068; x_wconf 86' lang='lat' dir='ltr'>Equidem</span> <span class='ocrx_word' id='word_1_60' title='bbox 1024 1013 1054 1050; x_wconf 88' lang='lat' dir='ltr'><strong>a</strong></span> <span class='ocrx_word' id='word_1_61' title='bbox 1096 995 1365 1066; x_wconf 85' lang='lat' dir='ltr'><strong>Stephano</strong></span> <span class='ocrx_word' id='word_1_62' title='bbox 1404 997 1592 1052; x_wconf 91' lang='lat' dir='ltr'><strong>lubens</strong></span> <span class='ocrx_word' id='word_1_63' title='bbox 1644 997 1972 1066; x_wconf 73' lang='grc' dir='ltr'><em>πορεύσεσθαι</em></span> <span class='ocrx_word' id='word_1_64' title='bbox 2017 995 2256 1066; x_wconf 87' lang='lat' dir='ltr'><strong>accipio,</strong></span> <span class='ocrx_word' id='word_1_65' title='bbox 2298 1010 2364 1048; x_wconf 89' lang='lat' dir='ltr'><strong>ne</strong></span> 
     </span>
     <span class='ocr_line' id='line_1_10' title="bbox 388 1081 2363 1156; baseline -0.001 -18"><span class='ocrx_word' id='word_1_66' title='bbox 388 1084 677 1155; x_wconf 84' lang='lat' dir='ltr'><strong>Xenophon</strong></span> <span class='ocrx_word' id='word_1_67' title='bbox 715 1086 894 1156; x_wconf 89' lang='lat' dir='ltr'><strong>potius</strong></span> <span class='ocrx_word' id='word_1_68' title='bbox 927 1100 1086 1155; x_wconf 89' lang='lat' dir='ltr'><strong>quam</strong></span> <span class='ocrx_word' id='word_1_69' title='bbox 1127 1082 1334 1138; x_wconf 90' lang='lat' dir='ltr'><strong>scribae</strong></span> <span class='ocrx_word' id='word_1_70' title='bbox 1370 1085 1598 1156; x_wconf 84' lang='lat' dir='ltr'>ineptire</span> <span class='ocrx_word' id='word_1_71' title='bbox 1631 1086 1894 1139; x_wconf 86' lang='lat' dir='ltr'><strong>videatur.</strong></span> <span class='ocrx_word' id='word_1_72' title='bbox 1975 1081 2174 1153; x_wconf 90' lang='lat' dir='ltr'>Nempe</span> <span class='ocrx_word' id='word_1_73' title='bbox 2202 1099 2363 1153; x_wconf 88' lang='lat' dir='ltr'><strong>quam</strong></span> 
     </span>
     <span class='ocr_line' id='line_1_11' title="bbox 384 1169 2363 1243; baseline -0.001 -18"><span class='ocrx_word' id='word_1_74' title='bbox 384 1172 541 1226; x_wconf 90' lang='lat' dir='ltr'><strong>modo</strong></span> <span class='ocrx_word' id='word_1_75' title='bbox 582 1173 1062 1228; x_wconf 82' lang='lat' dir='ltr'><strong>commemorabam</strong></span> <span class='ocrx_word' id='word_1_76' title='bbox 1118 1171 1376 1243; x_wconf 89' lang='lat' dir='ltr'><strong>peccandi</strong></span> <span class='ocrx_word' id='word_1_77' title='bbox 1417 1176 1776 1229; x_wconf 75' lang='lat' dir='ltr'><strong>constantiam</strong></span> <span class='ocrx_word' id='word_1_78' title='bbox 1818 1173 1874 1225; x_wconf 88' lang='lat' dir='ltr'><strong>in</strong></span> <span class='ocrx_word' id='word_1_79' title='bbox 1924 1171 2086 1225; x_wconf 86' lang='lat' dir='ltr'><strong>certis</strong></span> <span class='ocrx_word' id='word_1_80' title='bbox 2145 1169 2363 1240; x_wconf 88' lang='lat' dir='ltr'><strong>quibus-</strong></span> 
     </span>
     <span class='ocr_line' id='line_1_12' title="bbox 386 1258 2363 1332; baseline -0.001 -19"><span class='ocrx_word' id='word_1_81' title='bbox 386 1260 508 1314; x_wconf 88' lang='lat' dir='ltr'><strong>dam</strong></span> <span class='ocrx_word' id='word_1_82' title='bbox 546 1261 820 1316; x_wconf 89' lang='lat' dir='ltr'><strong>erroribus</strong></span> <span class='ocrx_word' id='word_1_83' title='bbox 857 1261 1198 1332; x_wconf 85' lang='lat' dir='ltr'><strong>conspicuam</strong></span> <span class='ocrx_word' id='word_1_84' title='bbox 1224 1302 1236 1323; x_wconf 92' lang='lat'><strong>,</strong></span> <span class='ocrx_word' id='word_1_85' title='bbox 1279 1260 1440 1314; x_wconf 92' lang='lat' dir='ltr'><strong>huius</strong></span> <span class='ocrx_word' id='word_1_86' title='bbox 1478 1263 1555 1316; x_wconf 90' lang='lat' dir='ltr'><strong>rei</strong></span> <span class='ocrx_word' id='word_1_87' title='bbox 1592 1278 1787 1316; x_wconf 88' lang='lat' dir='ltr'><strong>novum</strong></span> <span class='ocrx_word' id='word_1_88' title='bbox 1823 1264 2204 1330; x_wconf 86' lang='lat' dir='ltr'><strong>argumentum</strong></span> <span class='ocrx_word' id='word_1_89' title='bbox 2244 1258 2363 1328; x_wconf 88' lang='lat' dir='ltr'><strong>capi</strong></span> 
     </span>
     <span class='ocr_line' id='line_1_13' title="bbox 386 1349 2362 1419; baseline -0.002 -18"><span class='ocrx_word' id='word_1_90' title='bbox 386 1354 562 1419; x_wconf 85' lang='lat' dir='ltr'><strong>potest</strong></span> <span class='ocrx_word' id='word_1_91' title='bbox 602 1366 666 1403; x_wconf 87' lang='lat' dir='ltr'><strong>ex</strong></span> <span class='ocrx_word' id='word_1_92' title='bbox 701 1351 766 1403; x_wconf 89' lang='lat' dir='ltr'><strong>iis</strong></span> <span class='ocrx_word' id='word_1_93' title='bbox 808 1349 1015 1412; x_wconf 84' lang='lat' dir='ltr'><strong>verbiS,</strong></span> <span class='ocrx_word' id='word_1_94' title='bbox 1068 1365 1203 1419; x_wconf 88' lang='lat' dir='ltr'><strong>quae</strong></span> <span class='ocrx_word' id='word_1_95' title='bbox 1244 1349 1301 1401; x_wconf 92' lang='lat' dir='ltr'><strong>in</strong></span> <span class='ocrx_word' id='word_1_96' title='bbox 1342 1349 1462 1403; x_wconf 83' lang='grc' dir='ltr'><em>-εύω</em></span> <span class='ocrx_word' id='word_1_97' title='bbox 1511 1357 1564 1404; x_wconf 89' lang='lat' dir='ltr'><strong>et</strong></span> <span class='ocrx_word' id='word_1_98' title='bbox 1608 1350 1812 1415; x_wconf 82' lang='grc' dir='ltr'><em>-εύομαι</em></span> <span class='ocrx_word' id='word_1_99' title='bbox 1859 1353 2091 1410; x_wconf 86' lang='lat' dir='ltr'><strong>exeunt,</strong></span> <span class='ocrx_word' id='word_1_100' title='bbox 2133 1361 2362 1416; x_wconf 87' lang='lat' dir='ltr'><strong>quorum</strong></span> 
     </span>
     <span class='ocr_line' id='line_1_14' title="bbox 386 1432 2363 1508; baseline -0.001 -19"><span class='ocrx_word' id='word_1_101' title='bbox 386 1436 477 1490; x_wconf 91' lang='lat' dir='ltr'><strong>uhi</strong></span> <span class='ocrx_word' id='word_1_102' title='bbox 531 1436 777 1491; x_wconf 83' lang='lat' dir='ltr'><strong>futurum</strong></span> <span class='ocrx_word' id='word_1_103' title='bbox 844 1438 1142 1508; x_wconf 85' lang='lat' dir='ltr'><strong>requiritur</strong></span> <span class='ocrx_word' id='word_1_104' title='bbox 1197 1438 1393 1490; x_wconf 90' lang='lat' dir='ltr'><strong>omissa</strong></span> <span class='ocrx_word' id='word_1_105' title='bbox 1465 1437 1710 1491; x_wconf 85' lang='lat' dir='ltr'><strong>sibilante</strong></span> <span class='ocrx_word' id='word_1_106' title='bbox 1763 1436 1946 1490; x_wconf 88' lang='lat' dir='ltr'><strong>littera</strong></span> <span class='ocrx_word' id='word_1_107' title='bbox 1995 1449 2247 1506; x_wconf 86' lang='lat' dir='ltr'><strong>praesens</strong></span> <span class='ocrx_word' id='word_1_108' title='bbox 2306 1432 2363 1487; x_wconf 90' lang='lat' dir='ltr'><strong>in</strong></span> 
     </span>
     <span class='ocr_line' id='line_1_15' title="bbox 387 1522 2359 1594; baseline -0.001 -17"><span class='ocrx_word' id='word_1_109' title='bbox 387 1524 539 1578; x_wconf 90' lang='lat' dir='ltr'><strong>libris</strong></span> <span class='ocrx_word' id='word_1_110' title='bbox 608 1526 772 1579; x_wconf 87' lang='lat' dir='ltr'><strong>scribi</strong></span> <span class='ocrx_word' id='word_1_111' title='bbox 831 1526 979 1579; x_wconf 89' lang='lat' dir='ltr'><strong>solet.</strong></span> <span class='ocrx_word' id='word_1_112' title='bbox 1073 1524 1436 1592; x_wconf 81' lang='grc' dir='ltr'><em>Στρατεύομαι</em></span> <span class='ocrx_word' id='word_1_113' title='bbox 1506 1524 1751 1579; x_wconf 91' lang='lat' dir='ltr'><strong>scribunt</strong></span> <span class='ocrx_word' id='word_1_114' title='bbox 1811 1540 1906 1594; x_wconf 90' lang='lat' dir='ltr'><strong>pro</strong></span> <span class='ocrx_word' id='word_1_115' title='bbox 1972 1522 2359 1589; x_wconf 81' lang='grc' dir='ltr'><em>ςρατεύσομαι,</em></span> 
     </span>
     <span class='ocr_line' id='line_1_16' title="bbox 383 1609 2363 1684; baseline -0.002 -18"><span class='ocrx_word' id='word_1_116' title='bbox 383 1614 700 1679; x_wconf 77' lang='grc' dir='ltr'><em>βουλεύομαι</em></span> <span class='ocrx_word' id='word_1_117' title='bbox 738 1630 835 1684; x_wconf 89' lang='lat' dir='ltr'><strong>pro</strong></span> <span class='ocrx_word' id='word_1_118' title='bbox 866 1614 1254 1680; x_wconf 78' lang='grc' dir='ltr'><em>βουλεύσομαι,</em></span> <span class='ocrx_word' id='word_1_119' title='bbox 1294 1612 1611 1681; x_wconf 80' lang='grc' dir='ltr'><em>μοιχεύομαι</em></span> <span class='ocrx_word' id='word_1_120' title='bbox 1651 1630 1746 1684; x_wconf 86' lang='lat' dir='ltr'><strong>pro</strong></span> <span class='ocrx_word' id='word_1_121' title='bbox 1776 1610 2157 1678; x_wconf 82' lang='grc' dir='ltr'><em>μοιχεύσομαι,</em></span> <span class='ocrx_word' id='word_1_122' title='bbox 2196 1615 2248 1663; x_wconf 86' lang='lat' dir='ltr'><strong>et</strong></span> <span class='ocrx_word' id='word_1_123' title='bbox 2283 1609 2363 1662; x_wconf 86' lang='lat' dir='ltr'><strong>sic</strong></span> 
     </span>
     <span class='ocr_line' id='line_1_17' title="bbox 388 1696 2361 1773; baseline -0.002 -18"><span class='ocrx_word' id='word_1_124' title='bbox 388 1703 664 1769; x_wconf 71' lang='grc' dir='ltr'><em>πορεύομαι</em></span> <span class='ocrx_word' id='word_1_125' title='bbox 706 1719 802 1773; x_wconf 88' lang='lat' dir='ltr'><strong>pro</strong></span> <span class='ocrx_word' id='word_1_126' title='bbox 843 1701 1188 1768; x_wconf 67' lang='grc' dir='ltr'><em>πορεύσομαι,</em></span> <span class='ocrx_word' id='word_1_127' title='bbox 1229 1701 1437 1771; x_wconf 87' lang='lat' dir='ltr'><strong>aliaque</strong></span> <span class='ocrx_word' id='word_1_128' title='bbox 1480 1700 1764 1772; x_wconf 87' lang='lat' dir='ltr'><strong>permulta.</strong></span> <span class='ocrx_word' id='word_1_129' title='bbox 1843 1699 1906 1752; x_wconf 92' lang='lat' dir='ltr'><strong>In</strong></span> <span class='ocrx_word' id='word_1_130' title='bbox 1937 1697 2168 1752; x_wconf 85' lang='lat' dir='ltr'><strong>Anabasi</strong></span> <span class='ocrx_word' id='word_1_131' title='bbox 2203 1696 2243 1751; x_wconf 94' lang='lat' dir='ltr'><strong>I.</strong></span> <span class='ocrx_word' id='word_1_132' title='bbox 2286 1714 2361 1752; x_wconf 92' lang='lat'><strong>111.</strong></span> 
     </span>
     <span class='ocr_line' id='line_1_18' title="bbox 392 1785 2364 1860; baseline -0.002 -18"><span class='ocrx_word' id='word_1_133' title='bbox 392 1794 441 1842; x_wconf 91' lang='lat'><strong>7.</strong></span> <span class='ocrx_word' id='word_1_134' title='bbox 484 1790 860 1860; x_wconf 84' lang='lat' dir='ltr'><strong>corrigendum</strong></span> <span class='ocrx_word' id='word_1_135' title='bbox 903 1787 977 1844; x_wconf 77' lang='grc' dir='ltr'><em>ὅτι</em></span> <span class='ocrx_word' id='word_1_136' title='bbox 1014 1791 1068 1842; x_wconf 82' lang='grc' dir='ltr'><strong>οὐ</strong></span> <span class='ocrx_word' id='word_1_137' title='bbox 1111 1789 1245 1858; x_wconf 73' lang='grc' dir='ltr'><em>φαίη</em></span> <span class='ocrx_word' id='word_1_138' title='bbox 1288 1789 1431 1856; x_wconf 74' lang='grc' dir='ltr'><em>παρα</em></span> <span class='ocrx_word' id='word_1_139' title='bbox 1480 1789 1714 1854; x_wconf 80' lang='grc' dir='ltr'><em>βασιλέα</em></span> <span class='ocrx_word' id='word_1_140' title='bbox 1765 1785 2213 1854; x_wconf 79' lang='grc' dir='ltr'><strong>πορεύσεσθαι</strong></span> <span class='ocrx_word' id='word_1_141' title='bbox 2267 1802 2364 1857; x_wconf 86' lang='lat' dir='ltr'><strong>pro</strong></span> 
     </span>
     <span class='ocr_line' id='line_1_19' title="bbox 386 1871 2361 1947; baseline -0.001 -17"><span class='ocrx_word' id='word_1_142' title='bbox 386 1877 702 1943; x_wconf 81' lang='grc' dir='ltr'><em>πορεύεσθαι.</em></span> <span class='ocrx_word' id='word_1_143' title='bbox 782 1877 983 1931; x_wconf 89' lang='lat' dir='ltr'><strong>lbidem</strong></span> <span class='ocrx_word' id='word_1_144' title='bbox 1025 1877 1090 1930; x_wconf 90' lang='grc' dir='ltr'><strong>ΙΙ.</strong></span> <span class='ocrx_word' id='word_1_145' title='bbox 1133 1894 1205 1930; x_wconf 81' lang='grc' dir='ltr'><em>ιιι.</em></span> <span class='ocrx_word' id='word_1_146' title='bbox 1250 1881 1338 1930; x_wconf 89' lang='lat'><strong>27.</strong></span> <span class='ocrx_word' id='word_1_147' title='bbox 1379 1894 1524 1930; x_wconf 87' lang='lat' dir='ltr'><strong>nunc</strong></span> <span class='ocrx_word' id='word_1_148' title='bbox 1562 1875 1775 1947; x_wconf 91' lang='lat' dir='ltr'><strong>quidem</strong></span> <span class='ocrx_word' id='word_1_149' title='bbox 1819 1879 1967 1928; x_wconf 87' lang='lat' dir='ltr'><strong>recte</strong></span> <span class='ocrx_word' id='word_1_150' title='bbox 2025 1871 2204 1927; x_wconf 84' lang='lat' dir='ltr'><strong>editur</strong></span> <span class='ocrx_word' id='word_1_151' title='bbox 2242 1873 2361 1938; x_wconf 80' lang='grc' dir='ltr'><em>ὀμό-</em></span> 
     </span>
     <span class='ocr_line' id='line_1_20' title="bbox 385 1960 2358 2035; baseline 0 -17"><span class='ocrx_word' id='word_1_152' title='bbox 385 1986 473 2019; x_wconf 92' lang='grc' dir='ltr'><strong>σαι</strong></span> <span class='ocrx_word' id='word_1_153' title='bbox 515 1964 545 2029; x_wconf 76' lang='grc' dir='ltr'><em>ἧ</em></span> <span class='ocrx_word' id='word_1_154' title='bbox 579 1969 679 2030; x_wconf 76' lang='grc' dir='ltr'><strong>μὴν</strong></span> <span class='ocrx_word' id='word_1_155' title='bbox 719 1966 1166 2032; x_wconf 80' lang='grc' dir='ltr'><em>πορεύσεσθαι</em></span> <span class='ocrx_word' id='word_1_156' title='bbox 1210 1972 1428 2019; x_wconf 84' lang='lat' dir='ltr'><strong>auctore</strong></span> <span class='ocrx_word' id='word_1_157' title='bbox 1470 1965 1533 2020; x_wconf 92' lang='lat' dir='ltr'><strong>H.</strong></span> <span class='ocrx_word' id='word_1_158' title='bbox 1580 1964 1882 2035; x_wconf 88' lang='lat' dir='ltr'><strong>Stephano,</strong></span> <span class='ocrx_word' id='word_1_159' title='bbox 1922 1978 2044 2015; x_wconf 88' lang='lat' dir='ltr'><strong>nam</strong></span> <span class='ocrx_word' id='word_1_160' title='bbox 2086 1960 2209 2014; x_wconf 87' lang='lat' dir='ltr'><strong>libri</strong></span> <span class='ocrx_word' id='word_1_161' title='bbox 2249 1977 2358 2018; x_wconf 88' lang='lat' dir='ltr'><strong>om-</strong></span> 
     </span>
     <span class='ocr_line' id='line_1_21' title="bbox 383 2050 2358 2125; baseline -0.001 -18"><span class='ocrx_word' id='word_1_162' title='bbox 383 2070 478 2107; x_wconf 89' lang='lat' dir='ltr'><strong>nes</strong></span> <span class='ocrx_word' id='word_1_163' title='bbox 520 2055 573 2107; x_wconf 92' lang='lat' dir='ltr'><strong>in</strong></span> <span class='ocrx_word' id='word_1_164' title='bbox 611 2054 904 2120; x_wconf 86' lang='grc' dir='ltr'><em>πορεύεσθαι</em></span> <span class='ocrx_word' id='word_1_165' title='bbox 946 2053 1289 2123; x_wconf 87' lang='lat' dir='ltr'><strong>conspirant,</strong></span> <span class='ocrx_word' id='word_1_166' title='bbox 1331 2060 1390 2106; x_wconf 93' lang='lat' dir='ltr'><strong>ut</strong></span> <span class='ocrx_word' id='word_1_167' title='bbox 1433 2054 1486 2106; x_wconf 92' lang='lat' dir='ltr'><strong>in</strong></span> <span class='ocrx_word' id='word_1_168' title='bbox 1529 2051 1856 2125; x_wconf 82' lang='lat' dir='ltr'><strong>Cyropaedia</strong></span> <span class='ocrx_word' id='word_1_169' title='bbox 1889 2050 1976 2104; x_wconf 93' lang='lat' dir='ltr'><strong>VI.</strong></span> <span class='ocrx_word' id='word_1_170' title='bbox 2010 2067 2064 2104; x_wconf 81' lang='grc' dir='ltr'><strong>ιι.</strong></span> <span class='ocrx_word' id='word_1_171' title='bbox 2101 2052 2189 2103; x_wconf 86' lang='grc'><strong>59.</strong></span> <span class='ocrx_word' id='word_1_172' title='bbox 2230 2069 2358 2114; x_wconf 70' lang='grc' dir='ltr'><em>γνω-</em></span> 
     </span>
     <span class='ocr_line' id='line_1_22' title="bbox 381 2137 2358 2208; baseline -0.005 -9"><span class='ocrx_word' id='word_1_173' title='bbox 381 2149 538 2208; x_wconf 74' lang='grc' dir='ltr'><em>ςῆρας</em></span> <span class='ocrx_word' id='word_1_174' title='bbox 579 2141 689 2207; x_wconf 77' lang='grc' dir='ltr'><strong>ἐμοὶ</strong></span> <span class='ocrx_word' id='word_1_175' title='bbox 733 2142 1079 2208; x_wconf 73' lang='grc' dir='ltr'><em>προσαγαγὼν</em></span> <span class='ocrx_word' id='word_1_176' title='bbox 1120 2138 1150 2202; x_wconf 74' lang='grc' dir='ltr'><strong><em>ἦ</em></strong></span> <span class='ocrx_word' id='word_1_177' title='bbox 1187 2142 1288 2204; x_wconf 65' lang='grc' dir='ltr'><strong>μὴν</strong></span> <span class='ocrx_word' id='word_1_178' title='bbox 1341 2142 1766 2208; x_wconf 82' lang='grc' dir='ltr'><em>πορεύεσθαι.</em></span> <span class='ocrx_word' id='word_1_179' title='bbox 1848 2139 2132 2208; x_wconf 80' lang='lat' dir='ltr'><strong>Perperam</strong></span> <span class='ocrx_word' id='word_1_180' title='bbox 2174 2137 2358 2191; x_wconf 81' lang='lat' dir='ltr'><strong>scribi-</strong></span> 
     </span>
     <span class='ocr_line' id='line_1_23' title="bbox 382 2226 2357 2294; baseline -0.001 -12"><span class='ocrx_word' id='word_1_181' title='bbox 382 2236 474 2282; x_wconf 86' lang='lat' dir='ltr'><strong>tur</strong></span> <span class='ocrx_word' id='word_1_182' title='bbox 513 2230 568 2282; x_wconf 90' lang='lat' dir='ltr'><strong>in</strong></span> <span class='ocrx_word' id='word_1_183' title='bbox 611 2229 841 2283; x_wconf 83' lang='lat' dir='ltr'><strong>Anabasi</strong></span> <span class='ocrx_word' id='word_1_184' title='bbox 875 2230 914 2282; x_wconf 86' lang='grc' dir='ltr'><strong>Ι.</strong></span> <span class='ocrx_word' id='word_1_185' title='bbox 957 2246 1030 2282; x_wconf 90' lang='lat'><strong>111.</strong></span> <span class='ocrx_word' id='word_1_186' title='bbox 1081 2233 1164 2282; x_wconf 88' lang='grc'><strong>19.</strong></span> <span class='ocrx_word' id='word_1_187' title='bbox 1222 2232 1361 2294; x_wconf 72' lang='grc' dir='ltr'><em>ἡμᾶς</em></span> <span class='ocrx_word' id='word_1_188' title='bbox 1397 2229 1439 2282; x_wconf 75' lang='grc' dir='ltr'><strong>δ’</strong></span> <span class='ocrx_word' id='word_1_189' title='bbox 1481 2229 1807 2288; x_wconf 70' lang='grc' dir='ltr'><em>ἀκούσαντας</em></span> <span class='ocrx_word' id='word_1_190' title='bbox 1846 2227 1967 2294; x_wconf 79' lang='grc' dir='ltr'><em>πρὸς</em></span> <span class='ocrx_word' id='word_1_191' title='bbox 2004 2229 2179 2280; x_wconf 78' lang='grc' dir='ltr'><em>ταῦτα</em></span> <span class='ocrx_word' id='word_1_192' title='bbox 2218 2226 2357 2291; x_wconf 82' lang='grc' dir='ltr'><em>βου-</em></span> 
     </span>
     <span class='ocr_line' id='line_1_24' title="bbox 380 2313 2353 2387; baseline -0.003 -17"><span class='ocrx_word' id='word_1_193' title='bbox 380 2318 700 2371; x_wconf 74' lang='grc' dir='ltr'><em>λεύεσθαι</em></span> <span class='ocrx_word' id='word_1_194' title='bbox 757 2334 852 2387; x_wconf 87' lang='lat' dir='ltr'><strong>pro</strong></span> <span class='ocrx_word' id='word_1_195' title='bbox 906 2318 1296 2382; x_wconf 79' lang='grc' dir='ltr'><em>βουλεύσεσθαι.</em></span> <span class='ocrx_word' id='word_1_196' title='bbox 1376 2316 1437 2371; x_wconf 90' lang='lat' dir='ltr'><strong>In</strong></span> <span class='ocrx_word' id='word_1_197' title='bbox 1489 2315 1840 2386; x_wconf 80' lang='lat' dir='ltr'><strong>Theophrasti</strong></span> <span class='ocrx_word' id='word_1_198' title='bbox 1883 2330 2093 2385; x_wconf 90' lang='lat' dir='ltr'><strong>quoque</strong></span> <span class='ocrx_word' id='word_1_199' title='bbox 2141 2313 2353 2374; x_wconf 89' lang='lat' dir='ltr'><strong>verbis,</strong></span> 
     </span>
     <span class='ocr_line' id='line_1_25' title="bbox 376 2401 2356 2476; baseline -0.002 -19"><span class='ocrx_word' id='word_1_200' title='bbox 376 2405 572 2474; x_wconf 89' lang='lat' dir='ltr'><strong>quibus</strong></span> <span class='ocrx_word' id='word_1_201' title='bbox 606 2404 761 2458; x_wconf 87' lang='lat' dir='ltr'><strong>modo</strong></span> <span class='ocrx_word' id='word_1_202' title='bbox 803 2403 1117 2469; x_wconf 87' lang='lat' dir='ltr'><strong>utebamur,</strong></span> <span class='ocrx_word' id='word_1_203' title='bbox 1158 2404 1283 2458; x_wconf 90' lang='lat' dir='ltr'><strong>libri</strong></span> <span class='ocrx_word' id='word_1_204' title='bbox 1317 2421 1502 2458; x_wconf 88' lang='lat' dir='ltr'><strong>omnes</strong></span> <span class='ocrx_word' id='word_1_205' title='bbox 1540 2410 1877 2476; x_wconf 86' lang='lat' dir='ltr'><strong>praepostere</strong></span> <span class='ocrx_word' id='word_1_206' title='bbox 1918 2401 2171 2456; x_wconf 84' lang='lat' dir='ltr'><strong>exhibent</strong></span> <span class='ocrx_word' id='word_1_207' title='bbox 2207 2401 2356 2454; x_wconf 65' lang='grc' dir='ltr'><em>ἄλλα</em></span> 
     </span>
     <span class='ocr_line' id='line_1_26' title="bbox 375 2487 2351 2564; baseline -0.003 -19"><span class='ocrx_word' id='word_1_208' title='bbox 375 2497 543 2560; x_wconf 78' lang='grc' dir='ltr'><em>φῆσαι</em></span> <span class='ocrx_word' id='word_1_209' title='bbox 579 2493 1024 2557; x_wconf 76' lang='grc' dir='ltr'><em>βουλεύεσθαι.</em></span> <span class='ocrx_word' id='word_1_210' title='bbox 1103 2492 1301 2546; x_wconf 90' lang='lat' dir='ltr'><strong>Eodem</strong></span> <span class='ocrx_word' id='word_1_211' title='bbox 1344 2509 1524 2546; x_wconf 88' lang='lat' dir='ltr'><strong>errore</strong></span> <span class='ocrx_word' id='word_1_212' title='bbox 1555 2491 1697 2564; x_wconf 87' lang='lat' dir='ltr'><strong>apud</strong></span> <span class='ocrx_word' id='word_1_213' title='bbox 1737 2489 2062 2545; x_wconf 89' lang='lat' dir='ltr'><strong>Herodotum</strong></span> <span class='ocrx_word' id='word_1_214' title='bbox 2091 2487 2181 2542; x_wconf 92' lang='lat'><strong>111.</strong></span> <span class='ocrx_word' id='word_1_215' title='bbox 2228 2491 2351 2541; x_wconf 89' lang='lat'><strong>124.</strong></span> 
     </span>
     <span class='ocr_line' id='line_1_27' title="bbox 378 2577 2354 2651; baseline -0.001 -18"><span class='ocrx_word' id='word_1_216' title='bbox 378 2580 769 2647; x_wconf 80' lang='grc' dir='ltr'><em>παρθενεύεσθαι</em></span> <span class='ocrx_word' id='word_1_217' title='bbox 812 2581 1021 2651; x_wconf 65' lang='lat' dir='ltr'><strong>legituu</strong></span> <span class='ocrx_word' id='word_1_218' title='bbox 1063 2597 1157 2651; x_wconf 78' lang='lat' dir='ltr'><strong>pro</strong></span> <span class='ocrx_word' id='word_1_219' title='bbox 1196 2580 1659 2648; x_wconf 79' lang='grc' dir='ltr'><em>παρθενεύσεσθαι,</em></span> <span class='ocrx_word' id='word_1_220' title='bbox 1714 2585 1768 2633; x_wconf 78' lang='lat' dir='ltr'><strong>et</strong></span> <span class='ocrx_word' id='word_1_221' title='bbox 1809 2579 1899 2633; x_wconf 92' lang='lat' dir='ltr'><strong>IX.</strong></span> <span class='ocrx_word' id='word_1_222' title='bbox 1943 2582 2031 2632; x_wconf 87' lang='grc'><strong>41.</strong></span> <span class='ocrx_word' id='word_1_223' title='bbox 2092 2577 2354 2632; x_wconf 70' lang='grc' dir='ltr'><em>ἀνακινδυ-</em></span> 
     </span>
     <span class='ocr_line' id='line_1_28' title="bbox 377 2666 2356 2741; baseline -0.002 -19"><span class='ocrx_word' id='word_1_224' title='bbox 377 2669 531 2722; x_wconf 85' lang='grc' dir='ltr'><strong>νεύειν</strong></span> <span class='ocrx_word' id='word_1_225' title='bbox 583 2685 678 2739; x_wconf 83' lang='lat' dir='ltr'><strong>pro</strong></span> <span class='ocrx_word' id='word_1_226' title='bbox 737 2668 1187 2723; x_wconf 72' lang='grc' dir='ltr'><em>οὶνακινδυνεύσειν.</em></span> <span class='ocrx_word' id='word_1_227' title='bbox 1268 2668 1423 2740; x_wconf 86' lang='lat' dir='ltr'><strong>Apud</strong></span> <span class='ocrx_word' id='word_1_228' title='bbox 1486 2667 1853 2741; x_wconf 82' lang='lat' dir='ltr'><strong>Thucydidem</strong></span> <span class='ocrx_word' id='word_1_229' title='bbox 1895 2666 1984 2720; x_wconf 87' lang='lat' dir='ltr'><strong>VI.</strong></span> <span class='ocrx_word' id='word_1_230' title='bbox 2026 2668 2114 2720; x_wconf 84' lang='lat'><strong>42.</strong></span> <span class='ocrx_word' id='word_1_231' title='bbox 2177 2683 2356 2732; x_wconf 78' lang='grc' dir='ltr'><em>ςρατο-</em></span> 
     </span>
     <span class='ocr_line' id='line_1_29' title="bbox 376 2755 2354 2827; baseline -0.002 -17"><span class='ocrx_word' id='word_1_232' title='bbox 376 2756 709 2810; x_wconf 75' lang='grc' dir='ltr'><em>πεδεύσεσθαι</em></span> <span class='ocrx_word' id='word_1_233' title='bbox 766 2757 972 2827; x_wconf 83' lang='lat' dir='ltr'><strong>corrige</strong></span> <span class='ocrx_word' id='word_1_234' title='bbox 1008 2774 1103 2827; x_wconf 86' lang='lat' dir='ltr'><strong>pro</strong></span> <span class='ocrx_word' id='word_1_235' title='bbox 1157 2756 1654 2823; x_wconf 76' lang='grc' dir='ltr'><em>ςρατοπεδεύεσθαι,</em></span> <span class='ocrx_word' id='word_1_236' title='bbox 1709 2762 1763 2809; x_wconf 83' lang='lat' dir='ltr'><strong>et</strong></span> <span class='ocrx_word' id='word_1_237' title='bbox 1798 2755 1937 2808; x_wconf 86' lang='lat' dir='ltr'>VIII.</span> <span class='ocrx_word' id='word_1_238' title='bbox 1983 2759 2068 2809; x_wconf 75' lang='lat'><strong>75.</strong></span> <span class='ocrx_word' id='word_1_239' title='bbox 2123 2755 2354 2820; x_wconf 75' lang='grc' dir='ltr'><em>ἐπικηρυ-</em></span> 
     </span>
     <span class='ocr_line' id='line_1_30' title="bbox 379 2840 2354 2915; baseline -0.001 -18"><span class='ocrx_word' id='word_1_240' title='bbox 379 2845 647 2898; x_wconf 81' lang='grc' dir='ltr'><em>κεύσεσθαι</em></span> <span class='ocrx_word' id='word_1_241' title='bbox 685 2861 781 2915; x_wconf 89' lang='lat' dir='ltr'><strong>pro</strong></span> <span class='ocrx_word' id='word_1_242' title='bbox 822 2846 1292 2912; x_wconf 69' lang='grc' dir='ltr'><em>ἐπικηρυκεύεσθαι.</em></span> <span class='ocrx_word' id='word_1_243' title='bbox 1371 2845 1561 2914; x_wconf 84' lang='lat' dir='ltr'><strong>Magna</strong></span> <span class='ocrx_word' id='word_1_244' title='bbox 1600 2851 1652 2898; x_wconf 90' lang='lat' dir='ltr'><strong>et</strong></span> <span class='ocrx_word' id='word_1_245' title='bbox 1693 2843 1833 2915; x_wconf 91' lang='lat' dir='ltr'><strong>apud</strong></span> <span class='ocrx_word' id='word_1_246' title='bbox 1873 2843 2004 2897; x_wconf 88' lang='lat' dir='ltr'><strong>alios</strong></span> <span class='ocrx_word' id='word_1_247' title='bbox 2038 2847 2118 2897; x_wconf 85' lang='lat' dir='ltr'><strong>est</strong></span> <span class='ocrx_word' id='word_1_248' title='bbox 2162 2840 2354 2895; x_wconf 86' lang='lat' dir='ltr'><strong>talium</strong></span> 
     </span>
     <span class='ocr_line' id='line_1_31' title="bbox 375 2928 2354 3002; baseline -0.001 -18"><span class='ocrx_word' id='word_1_249' title='bbox 375 2933 561 3002; x_wconf 90' lang='lat' dir='ltr'><strong>copia,</strong></span> <span class='ocrx_word' id='word_1_250' title='bbox 602 2932 666 2985; x_wconf 91' lang='lat' dir='ltr'><strong>de</strong></span> <span class='ocrx_word' id='word_1_251' title='bbox 704 2932 898 3002; x_wconf 91' lang='lat' dir='ltr'><strong>quibus</strong></span> <span class='ocrx_word' id='word_1_252' title='bbox 942 2949 1109 2986; x_wconf 90' lang='lat' dir='ltr'><strong>unum</strong></span> <span class='ocrx_word' id='word_1_253' title='bbox 1142 2940 1390 2997; x_wconf 81' lang='lat' dir='ltr'><strong>tantum,</strong></span> <span class='ocrx_word' id='word_1_254' title='bbox 1431 2933 1556 3002; x_wconf 92' lang='lat' dir='ltr'><strong>quia</strong></span> <span class='ocrx_word' id='word_1_255' title='bbox 1595 2931 1847 2986; x_wconf 89' lang='lat' dir='ltr'><strong>iocularis</strong></span> <span class='ocrx_word' id='word_1_256' title='bbox 1884 2946 2033 2986; x_wconf 86' lang='lat' dir='ltr'><strong>error</strong></span> <span class='ocrx_word' id='word_1_257' title='bbox 2076 2935 2185 2992; x_wconf 86' lang='lat' dir='ltr'><strong>est,</strong></span> <span class='ocrx_word' id='word_1_258' title='bbox 2226 2928 2354 2982; x_wconf 91' lang='lat' dir='ltr'><strong>deli-</strong></span> 
     </span>
     <span class='ocr_line' id='line_1_32' title="bbox 374 3017 2355 3090; baseline -0.001 -18"><span class='ocrx_word' id='word_1_259' title='bbox 374 3018 506 3073; x_wconf 89' lang='lat' dir='ltr'><strong>babo</strong></span> <span class='ocrx_word' id='word_1_260' title='bbox 546 3036 574 3072; x_wconf 92' lang='lat' dir='ltr'><strong>e</strong></span> <span class='ocrx_word' id='word_1_261' title='bbox 614 3019 841 3073; x_wconf 89' lang='lat' dir='ltr'><strong>Diodoro</strong></span> <span class='ocrx_word' id='word_1_262' title='bbox 900 3019 1078 3074; x_wconf 79' lang='lat' dir='ltr'><strong>Siculo</strong></span> <span class='ocrx_word' id='word_1_263' title='bbox 1114 3022 1228 3075; x_wconf 87' lang='lat' dir='ltr'>XII.</span> <span class='ocrx_word' id='word_1_264' title='bbox 1272 3025 1359 3074; x_wconf 91' lang='lat'><strong>21.</strong></span> <span class='ocrx_word' id='word_1_265' title='bbox 1441 3020 1698 3073; x_wconf 78' lang='lat' dir='ltr'><strong>Zaleucus</strong></span> <span class='ocrx_word' id='word_1_266' title='bbox 1749 3020 1913 3090; x_wconf 65' lang='lat' dir='ltr'><strong>legem</strong></span> <span class='ocrx_word' id='word_1_267' title='bbox 1954 3017 2107 3080; x_wconf 79' lang='lat' dir='ltr'><strong>tulit,</strong></span> <span class='ocrx_word' id='word_1_268' title='bbox 2148 3017 2355 3087; x_wconf 86' lang='lat' dir='ltr'><strong>inquit,</strong></span> 
     </span>
     <span class='ocr_line' id='line_1_33' title="bbox 378 3106 2352 3172; baseline -0.001 -13"><span class='ocrx_word' id='word_1_269' title='bbox 378 3113 607 3172; x_wconf 72' lang='grc' dir='ltr'><em>γυναῖκα</em></span> <span class='ocrx_word' id='word_1_270' title='bbox 644 3109 716 3172; x_wconf 69' lang='grc' dir='ltr'><strong>μὴ</strong></span> <span class='ocrx_word' id='word_1_271' title='bbox 756 3106 940 3169; x_wconf 74' lang='grc' dir='ltr'><em>ἐξιέναι</em></span> <span class='ocrx_word' id='word_1_272' title='bbox 980 3111 1156 3170; x_wconf 80' lang='grc' dir='ltr'><em>νυκτὸς</em></span> <span class='ocrx_word' id='word_1_273' title='bbox 1196 3112 1251 3164; x_wconf 81' lang='grc' dir='ltr'><strong>ἐκ</strong></span> <span class='ocrx_word' id='word_1_274' title='bbox 1285 3116 1377 3171; x_wconf 78' lang='grc' dir='ltr'><strong>τῆς</strong></span> <span class='ocrx_word' id='word_1_275' title='bbox 1412 3108 1612 3168; x_wconf 75' lang='grc' dir='ltr'><em>πόλεως</em></span> <span class='ocrx_word' id='word_1_276' title='bbox 1653 3108 1695 3160; x_wconf 78' lang='grc' dir='ltr'><strong>εἰ</strong></span> <span class='ocrx_word' id='word_1_277' title='bbox 1735 3107 1808 3172; x_wconf 71' lang='grc' dir='ltr'><strong>μὴ</strong></span> <span class='ocrx_word' id='word_1_278' title='bbox 1859 3106 2352 3171; x_wconf 70' lang='grc' dir='ltr'><em>μοιχευομένην.</em></span> 
     </span>
     <span class='ocr_line' id='line_1_34' title="bbox 376 3192 2352 3264; baseline -0.001 -17"><span class='ocrx_word' id='word_1_279' title='bbox 376 3194 471 3247; x_wconf 86' lang='lat' dir='ltr'><strong>Illa</strong></span> <span class='ocrx_word' id='word_1_280' title='bbox 511 3194 901 3264; x_wconf 85' lang='lat' dir='ltr'><strong>lex·personati</strong></span> <span class='ocrx_word' id='word_1_281' title='bbox 942 3196 1153 3251; x_wconf 87' lang='lat' dir='ltr'><strong>Zaleuci</strong></span> <span class='ocrx_word' id='word_1_282' title='bbox 1196 3198 1358 3251; x_wconf 85' lang='lat' dir='ltr'><strong>etiam</strong></span> <span class='ocrx_word' id='word_1_283' title='bbox 1400 3197 1477 3250; x_wconf 85' lang='lat' dir='ltr'><strong>sic</strong></span> <span class='ocrx_word' id='word_1_284' title='bbox 1515 3195 1647 3249; x_wconf 87' lang='lat' dir='ltr'><strong>satis</strong></span> <span class='ocrx_word' id='word_1_285' title='bbox 1683 3193 1912 3248; x_wconf 87' lang='lat' dir='ltr'><strong>absurda</strong></span> <span class='ocrx_word' id='word_1_286' title='bbox 1947 3194 2078 3256; x_wconf 83' lang='lat' dir='ltr'><strong>erit,</strong></span> <span class='ocrx_word' id='word_1_287' title='bbox 2121 3192 2203 3264; x_wconf 88' lang='lat' dir='ltr'><strong>(ut</strong></span> <span class='ocrx_word' id='word_1_288' title='bbox 2238 3209 2352 3246; x_wconf 89' lang='lat' dir='ltr'><strong>cae-</strong></span> 
     </span>
     <span class='ocr_line' id='line_1_35' title="bbox 374 3280 2352 3353; baseline -0.001 -17"><span class='ocrx_word' id='word_1_289' title='bbox 374 3289 521 3336; x_wconf 88' lang='lat' dir='ltr'><strong>terae</strong></span> <span class='ocrx_word' id='word_1_290' title='bbox 561 3299 778 3346; x_wconf 84' lang='lat' dir='ltr'><strong>omnes,</strong></span> <span class='ocrx_word' id='word_1_291' title='bbox 820 3300 951 3353; x_wconf 90' lang='lat' dir='ltr'><strong>quas</strong></span> <span class='ocrx_word' id='word_1_292' title='bbox 991 3284 1162 3338; x_wconf 90' lang='lat' dir='ltr'><strong>bonus</strong></span> <span class='ocrx_word' id='word_1_293' title='bbox 1219 3283 1479 3338; x_wconf 88' lang='lat' dir='ltr'><strong>Diodorus</strong></span> <span class='ocrx_word' id='word_1_294' title='bbox 1521 3283 1642 3336; x_wconf 88' lang='lat' dir='ltr'><strong>istic</strong></span> <span class='ocrx_word' id='word_1_295' title='bbox 1699 3299 1821 3335; x_wconf 89' lang='lat' dir='ltr'><strong>cum</strong></span> <span class='ocrx_word' id='word_1_296' title='bbox 1873 3280 2040 3334; x_wconf 85' lang='lat' dir='ltr'><strong>multa</strong></span> <span class='ocrx_word' id='word_1_297' title='bbox 2089 3281 2352 3351; x_wconf 86' lang='lat' dir='ltr'><strong>gravitate</strong></span> 
     </span>
     <span class='ocr_line' id='line_1_36' title="bbox 376 3368 2350 3444; baseline -0.001 -20"><span class='ocrx_word' id='word_1_298' title='bbox 376 3378 758 3425; x_wconf 87' lang='lat' dir='ltr'><strong>commemorat</strong></span> <span class='ocrx_word' id='word_1_299' title='bbox 815 3369 1123 3444; x_wconf 86' lang='lat' dir='ltr'><strong>laudatque)</strong></span> <span class='ocrx_word' id='word_1_300' title='bbox 1179 3377 1461 3442; x_wconf 87' lang='lat' dir='ltr'><strong>postquam</strong></span> <span class='ocrx_word' id='word_1_301' title='bbox 1522 3376 1727 3424; x_wconf 89' lang='lat' dir='ltr'><strong>exemto</strong></span> <span class='ocrx_word' id='word_1_302' title='bbox 1767 3368 1974 3422; x_wconf 88' lang='lat' dir='ltr'><strong>scribae</strong></span> <span class='ocrx_word' id='word_1_303' title='bbox 2015 3385 2195 3422; x_wconf 89' lang='lat' dir='ltr'><strong>errore</strong></span> <span class='ocrx_word' id='word_1_304' title='bbox 2243 3389 2350 3434; x_wconf 86' lang='grc' dir='ltr'><em>μοι·</em></span> 
     </span>
    </p>
   </div>
   <div class='ocr_carea' id='block_1_3' title="bbox 375 3455 2436 3525">
    <p class='ocr_par' dir='ltr' id='par_1_6' title="bbox 375 3455 2436 3525">
     <span class='ocr_line' id='line_1_37' title="bbox 375 3455 2436 3525; baseline -0.001 -13"><span class='ocrx_word' id='word_1_305' title='bbox 375 3460 692 3525; x_wconf 64' lang='grc' dir='ltr'><em>χευσομένιον</em></span> <span class='ocrx_word' id='word_1_306' title='bbox 730 3458 1110 3513; x_wconf 81' lang='lat' dir='ltr'><strong>emendaveris.</strong></span> <span class='ocrx_word' id='word_1_307' title='bbox 1193 3458 1466 3514; x_wconf 80' lang='lat' dir='ltr'><strong>Graeculis</strong></span> <span class='ocrx_word' id='word_1_308' title='bbox 1507 3460 1595 3512; x_wconf 79' lang='grc' dir='ltr'><strong>οὐκ</strong></span> <span class='ocrx_word' id='word_1_309' title='bbox 1631 3457 1837 3525; x_wconf 73' lang='grc' dir='ltr'><em>ἔφασαν</em></span> <span class='ocrx_word' id='word_1_310' title='bbox 1873 3457 2169 3524; x_wconf 79' lang='grc' dir='ltr'><em>πορεύεσθαι</em></span> <span class='ocrx_word' id='word_1_311' title='bbox 2209 3455 2350 3510; x_wconf 88' lang='lat' dir='ltr'><strong>vide·</strong></span> <span class='ocrx_word' id='word_1_312' title='bbox 2434 3515 2436 3518; x_wconf 41' lang='lat'><strong>.</strong></span> 
     </span>
    </p>
   </div>
   <div class='ocr_carea' id='block_1_4' title="bbox 375 3545 2346 3704">
    <p class='ocr_par' dir='ltr' id='par_1_7' title="bbox 375 3542 2436 3704">
     <span class='ocr_line' id='line_1_38' title="bbox 375 3545 2346 3618; baseline -0.001 -19"><span class='ocrx_word' id='word_1_313' title='bbox 375 3546 535 3601; x_wconf 86' lang='lat' dir='ltr'><strong>batur</strong></span> <span class='ocrx_word' id='word_1_314' title='bbox 576 3546 795 3618; x_wconf 83' lang='lat' dir='ltr'><strong>perinde</strong></span> <span class='ocrx_word' id='word_1_315' title='bbox 834 3546 1030 3600; x_wconf 85' lang='lat' dir='ltr'><strong>bonum</strong></span> <span class='ocrx_word' id='word_1_316' title='bbox 1074 3553 1124 3599; x_wconf 91' lang='lat' dir='ltr'><strong>et</strong></span> <span class='ocrx_word' id='word_1_317' title='bbox 1167 3563 1356 3600; x_wconf 86' lang='lat' dir='ltr'><strong>sanum</strong></span> <span class='ocrx_word' id='word_1_318' title='bbox 1396 3552 1555 3616; x_wconf 86' lang='lat' dir='ltr'><strong>atque</strong></span> <span class='ocrx_word' id='word_1_319' title='bbox 1606 3547 1692 3599; x_wconf 81' lang='grc' dir='ltr'><strong>οὐκ</strong></span> <span class='ocrx_word' id='word_1_320' title='bbox 1734 3545 1940 3613; x_wconf 78' lang='grc' dir='ltr'><em>ἔφασαν</em></span> <span class='ocrx_word' id='word_1_321' title='bbox 1993 3545 2151 3599; x_wconf 83' lang='grc' dir='ltr'><em>ἰέναι</em></span> <span class='ocrx_word' id='word_1_322' title='bbox 2194 3545 2230 3597; x_wconf 90' lang='lat'><strong>1.</strong></span> <span class='ocrx_word' id='word_1_323' title='bbox 2274 3562 2346 3598; x_wconf 90' lang='lat'><strong>111.</strong></span> 
     </span>
     <span class='ocr_line' id='line_1_39' title="bbox 378 3633 2343 3704; baseline -0.002 -16"><span class='ocrx_word' id='word_1_324' title='bbox 378 3638 401 3688; x_wconf 92' lang='lat'><strong>1</strong></span> <span class='ocrx_word' id='word_1_325' title='bbox 450 3642 497 3687; x_wconf 75' lang='lat' dir='ltr'><strong>et</strong></span> <span class='ocrx_word' id='word_1_326' title='bbox 539 3635 577 3691; x_wconf 88' lang='lat'><strong>1.</strong></span> <span class='ocrx_word' id='word_1_327' title='bbox 621 3653 689 3690; x_wconf 73' lang='grc' dir='ltr'><strong>ιν.</strong></span> <span class='ocrx_word' id='word_1_328' title='bbox 738 3639 839 3699; x_wconf 77' lang='lat'><strong>12,</strong></span> <span class='ocrx_word' id='word_1_329' title='bbox 894 3640 944 3689; x_wconf 83' lang='lat' dir='ltr'><strong>et.</strong></span> <span class='ocrx_word' id='word_1_330' title='bbox 997 3637 1082 3689; x_wconf 77' lang='grc' dir='ltr'><strong>οὐκ</strong></span> <span class='ocrx_word' id='word_1_331' title='bbox 1136 3634 1235 3703; x_wconf 70' lang='grc' dir='ltr'><strong>ἔφη</strong></span> <span class='ocrx_word' id='word_1_332' title='bbox 1295 3635 1455 3690; x_wconf 81' lang='grc' dir='ltr'><em>ἱέναι</em></span> <span class='ocrx_word' id='word_1_333' title='bbox 1498 3634 1536 3690; x_wconf 91' lang='grc' dir='ltr'><strong>Ι.</strong></span> <span class='ocrx_word' id='word_1_334' title='bbox 1582 3652 1654 3688; x_wconf 84' lang='lat'><strong>111.</strong></span> <span class='ocrx_word' id='word_1_335' title='bbox 1701 3638 1749 3687; x_wconf 75' lang='lat'><strong>8.</strong></span> <span class='ocrx_word' id='word_1_336' title='bbox 1807 3641 1856 3688; x_wconf 84' lang='lat' dir='ltr'><strong>et</strong></span> <span class='ocrx_word' id='word_1_337' title='bbox 1897 3633 2053 3697; x_wconf 79' lang='lat' dir='ltr'><strong>alibi,</strong></span> <span class='ocrx_word' id='word_1_338' title='bbox 2096 3634 2343 3704; x_wconf 82' lang='lat' dir='ltr'><strong>quoniam</strong></span> 
     </span>
    </p>
   </div>
  </div>
 </body>
</html>
