2436 4068
1227 139 1332 212 842

327 309 469 372 μετα
509 307 660 372 ξύλον
701 314 753 361 et
791 308 909 360 sim.
954 308 1040 358 66.

328 397 763 460 μεταδουλοῦσθαι
806 393 943 447 male
984 409 1076 463 pro
1117 393 1555 448 καταδουλοῦσθαι
1601 403 1652 449 et
1692 397 1809 449 sim.
1854 402 1978 451 745.

330 482 709 550 μεταμανθανω
744 513 817 520 ——
852 479 1231 546 καταμανθανω
1277 485 1405 536 575.

289 632 297 638 ‚
332 572 582 637 μετέθηκε
622 601 697 610 ——-
731 571 919 634 μεθῆκε
960 573 1050 623 87.

334 659 554 726 μετέχει
594 690 663 699 --
697 656 921 725 ὑπάρχει
966 661 1091 711 554.

337 748 584 815 μετέχειν
625 751 870 809 πλεῖςον,
912 752 1122 801 πλεῖςον
1159 745 1343 811 μέρος,
1386 746 1706 813 σωφροσύνης
1749 755 1800 802 et
1843 749 1964 803 Sim.
2017 755 2136 806 109.

340 835 587 901 μετέχειν
630 833 914 902 ἐλαχιςον,
958 849 1063 886 non
1104 833 1338 900 ἐλαχιςα
1380 837 1504 886 554.

341 924 542 990 μέτριος
577 955 651 964 -
691 923 880 990 μετρία
926 925 1047 976 197.

340 1013 556 1079 μετρίως
599 1019 650 1066 et
684 1010 827 1076 ἄγαν
869 1027 1047 1081 opp08.
1093 1013 1220 1063 615.

343 1100 579 1166 μέτωπον
619 1131 692 1141 -
727 1099 988 1166 πρόσωπον
1029 1102 1155 1153 615.

342 1190 416 1254 μή
459 1187 656 1242 excidit
697 1191 823 1241 661.

345 1279 419 1342 μή
459 1308 534 1317 -
572 1276 701 1342 μηδέ
742 1280 869 1330 617.

346 1366 421 1430 μὴ
460 1367 514 1418 οὐ
547 1397 620 1404 --
657 1366 730 1429 μή
774 1367 902 1418 567.

347 1454 420 1518 μὴ
460 1453 710 1518 μηδαμῶς
749 1483 824 1491 -
859 1452 1110 1517 μηδαμῶς
1153 1453 1278 1504 209.

345 1541 589 1607 μηδαμοῦ
630 1537 796 1603 εἶναι,
835 1540 1072 1605 γενέσθαι
1115 1541 1241 1595 686.

345 1633 419 1695 μὴ
459 1631 576 1700 πρίῃ
613 1661 689 1669 -
727 1630 801 1694 μὴ
841 1628 966 1695 πρίω
1013 1631 1134 1682 156.

346 1720 588 1785 μίγνυμι.
629 1716 819 1785 μῖξαι,
861 1719 1161 1784 μεμῖχθαι,
1202 1732 1307 1768 non
1347 1715 1497 1781 μίξαι
1521 1759 1536 1781 ,
1575 1717 1835 1785 μεμίχθαι
1879 1721 2003 1773 476.

346 1809 524 1872 μισθόν
565 1805 943 1878 interpolatum
988 1808 1114 1859 423.

344 1898 520 1963 μισθὸν
559 1895 767 1964 φέρειν,
812 1911 915 1947 non
958 1894 1201 1963 φέρεσθαι
1245 1897 1370 1948 568.

345 1985 550 2051 μισθούς
592 1982 972 2055 interpolatum
1016 1985 1141 2036 572.

345 2072 630 2141 μισθοφορά
664 2103 741 2113 --
777 2071 1080 2140 μισθοφορία
1124 2074 1247 2130 741.

348 2182 433 2228 μοι
474 2161 675 2215 ἔσεσθαι
716 2192 791 2200 —-
828 2160 1122 2223 ποιήσεσθαι
1167 2162 1292 2214 505.

349 2251 515 2317 Μοιρώ
551 2280 627 2290 -
658 2248 813 2316 Μυρώ
855 2251 982 2302 517.

350 2346 528 2405 μολεῖν
569 2336 710 2409 apud
751 2335 1152 2407 Xenophontem
1198 2351 1294 2407 pro
1333 2335 1493 2390 ἐλθεῖν
1536 2340 1661 2391 590.

349 2426 501 2493 μόλις
541 2458 618 2466 --
658 2446 763 2485 πως
805 2428 931 2478 651.

350 2515 500 2582 μόνος
541 2512 920 2585 interpolatum
963 2515 1087 2567 566.

350 2605 483 2672 μόρα
518 2635 593 2644 -
626 2608 779 2670 μοῖρα
820 2604 946 2656 564.

351 2692 550 2757 μόσυν,
594 2707 698 2744 non
738 2689 952 2755 μόσυνος
996 2691 1121 2742 521.

353 2778 783 2847 μουκηροβακτας
815 2796 892 2830 =
923 2775 1349 2844 καρυοκατάκτης
1371 2818 1386 2841 ,
1426 2777 1908 2849 nucifranyibulum
1950 2782 2076 2835 265.

357 2867 535 2935 μυζεῖν
568 2898 643 2906 --
675 2865 852 2933 μύζειν
894 2869 1020 2919 459.

1309 2987 1381 3036 Ν.

357 3141 408 3186 Ν
452 3129 591 3184 male
630 3130 895 3184 insertum
938 3130 1244 3184 nominihus
1285 3131 1515 3204 propriis
1555 3138 1616 3185 ut
1650 3132 1704 3186 in
1746 3132 1963 3193 Ἀντέας
2005 3150 2102 3204 pro
2143 3136 2328 3198 Ἀτέας
2403 3112 2431 3207 '231

432 3218 643 3286 Κρανθις
685 3235 780 3290 pro
818 3219 1002 3286 Κραθις
1043 3224 1096 3271 et
1135 3218 1255 3272 sim.
1300 3223 1426 3273 551.
1941 3267 1946 3271 ,
2396 3214 2400 3219 ’
2431 3216 2433 3218 ’

362 3330 385 3362 ν
426 3306 626 3361 excidit
664 3308 718 3360 in
761 3311 1118 3372 πολεμοποιεῖν
1159 3322 1254 3376 pro
1295 3307 1520 3372 πόλεμον
1562 3314 1718 3362 ποιεῖν
1757 3314 1809 3363 et
1851 3308 1970 3366 sim.
2015 3314 2141 3366 589.

361 3417 384 3450 ν
426 3394 623 3450 excidit
662 3401 879 3467 propter
919 3391 1345 3466 compendiolum
1388 3398 1512 3449 550.

358 3491 410 3537 Ν
451 3493 502 3538 et
541 3492 617 3538 AI
658 3482 875 3538 confusa
919 3485 1043 3537 282.

356 3580 406 3626 N
437 3603 510 3612 -—
542 3580 634 3626 ΤΙ.
681 3575 766 3625 56.
