2436 4068
1053 232 1120 282 95

5 394 11 403 ·
97 377 211 431 Diis
255 373 519 430 habebant
570 375 751 445 inopes
803 381 855 428 et
894 376 1179 429 tenuiores.
1259 373 1548 446 Aiciphron
1583 374 1674 429 111.
1720 379 1805 429 55.
1861 396 2090 439 συνειση-

96 466 318 529 νέγκατο
358 463 382 517 ὅ
422 463 516 527 μὲν
551 464 712 530 κριὸν,
751 463 775 517 ὁ
816 463 868 517 δὲ
908 462 1133 530 τράγον,
1173 464 1196 516 ὁ
1236 462 1288 517 δὲ
1310 462 1532 530 καπρὸν,
1571 463 1594 516 ὁ
1629 463 1783 525 πένης
1824 465 2055 518 πόπανον
2079 505 2092 526 ,

96 554 120 606 ὁ
155 552 207 606 δὲ
247 550 323 604 ἔτι
362 551 628 619 πενέςερος
669 552 964 616 λιβανωτοῦ
1000 551 1240 618 χόνδρους
1281 548 1337 606 εὖ
1375 550 1533 617 μάλα
1571 552 1932 617 εὐρωτιῶντας.
2013 551 2093 605 10-

97 655 283 694 eosum
324 637 614 692 admodum
651 639 852 692 Comici
894 639 1091 693 incerti
1143 638 1510 709 fragmentum
1551 638 1680 694 latet
1720 637 1863 710 apud
1902 639 2093 693 Aristi-

98 726 218 781 dem
257 726 299 780 Ι.
357 742 406 797 p.
455 729 595 788 197,
641 728 726 778 12.
787 728 1000 789 ποιητής
1051 747 1131 788 τις
1185 723 1300 781 εἶπε
1354 728 1571 795 σκώψας
1626 724 1873 789 εὔξασθαι
1928 727 2095 782 κατὰ

94 812 292 882 χρυσό
304 834 369 868 κε
383 834 455 880 ρω
495 814 854 879 λιβανωτοῦ
878 855 892 877 ,
938 813 1027 867 uhi
1051 814 1265 868 mireris
1290 814 1605 878 Reiskium,
1646 813 1982 869 eruditorum
2026 814 2096 870 le-

99 900 475 974 pidissimum,
527 918 631 954 non
686 900 1133 956 animadvertisse
1171 908 1384 972 poetam
1426 907 1610 969 ταῦρον
1644 902 1962 971 χρυσόκερων
2004 919 2099 975 per

98 989 275 1043 iocum
314 989 368 1042 in
411 988 731 1058 χρυσόκερων
769 987 1059 1055 λιβανωτόν
1099 990 1446 1044 convertisse.

172 1076 362 1131 Finem
403 1076 597 1131 faciam
641 1078 693 1130 in
746 1076 1083 1132 restituendo
1135 1076 1251 1132 loeo
1301 1075 1616 1140 Menandri,
1669 1094 1829 1148 quem
1873 1079 2096 1152 (mirum

98 1163 272 1237 dictu)
312 1165 520 1220 scribae
574 1166 846 1236 integrum
890 1164 957 1220 ad
1011 1182 1108 1219 nos
1145 1171 1549 1237 propagarunt,
1608 1164 1794 1219 Critici
1847 1167 2096 1221 certatim

98 1259 474 1325 corruperunt.
555 1253 753 1308 Editur
793 1269 939 1308 nune
979 1269 1009 1308 e
1047 1253 1198 1324 Diog.
1241 1253 1420 1308 Laert.
1453 1252 1541 1307 VI.
1578 1255 1667 1308 85.
1712 1253 1767 1307 in
1808 1252 1951 1308 hune
1989 1271 2096 1308 mo-

97 1339 254 1395 dum:

402 1427 634 1495 Μόνιμός
674 1449 753 1491 τις
790 1428 848 1494 ἦν
870 1471 884 1493 ,
921 1427 1178 1497 ἅνθρωπος
1200 1470 1214 1493 ,
1254 1426 1290 1483 ὦ
1334 1429 1501 1484 Φίλων
1524 1470 1540 1491 ,
1582 1429 1743 1499 σοφός

397 1516 747 1582 ἆδοξότατος,
785 1517 915 1583 μίαν
953 1519 1006 1574 δὲ
1045 1519 1212 1585 πήραν
1250 1519 1340 1572 οὐκ
1379 1515 1548 1586 ἔχων,

402 1608 570 1673 πήρας
610 1606 705 1672 μὲν
743 1603 826 1661 οὖν
866 1611 1019 1674 τρεῖς.
1061 1607 1190 1660 ἀλλ’
1230 1605 1416 1667 ἐκεῖνος
1457 1604 1598 1674 ῥῆμά
1639 1626 1688 1660 τι

399 1692 691 1764 ἐφθέγξατ’
731 1695 869 1749 οὐδὲν
911 1696 1134 1764 ἐμφερὲς
1157 1736 1172 1758 ,
1210 1694 1292 1760 μα
1327 1695 1414 1749 τὸν
1455 1694 1625 1758 Δία,.

401 1784 472 1851 τῷ
512 1784 696 1848 γνῶθι
736 1781 976 1837 σαυτόν
1016 1782 1127 1837 οὐδὲ
1164 1788 1272 1844 τοῖς
1310 1782 1588 1849 βοωμένοις

400 1870 616 1934 τούτοις.
659 1873 892 1939 ὑπερεῖδε
932 1872 1080 1926 ταῦθ’
1121 1871 1144 1925 ὅ
1185 1876 1471 1938 προσαιτῶν
1511 1870 1598 1925 καὶ
1640 1875 1822 1939 ῥυπῶν.

398 1961 459 2014 τὸ
496 1960 603 2028 γὰρ
642 1961 936 2028 ὑποληφθὲν
976 1962 1143 2028 τῦφον
1182 1955 1312 2013 εἶναι
1353 1961 1461 2013 πῶν
1500 1956 1620 2028 ἔφη.

99 2047 153 2099 in
195 2045 393 2117 quibus
441 2063 598 2101 nemo
643 2047 945 2119 intelligere
994 2047 1505 2119 umquam·p0terit
1557 2046 1687 2118 quid
1742 2046 1813 2101 sit
1865 2048 1993 2113 μίαν
2045 2050 2097 2103 δὲ

97 2136 264 2202 πήραν
311 2137 401 2190 οὐκ
456 2134 592 2203 ἔχων
630 2137 800 2203 πήρας
839 2137 935 2202 μὲν
986 2133 1067 2191 οὖν
1107 2142 1260 2204 τρεῖς.
1341 2134 1642 2191 Bentleius:
1692 2153 1852 2189 unam
1890 2136 2100 2207 quidem

92 2240 281 2294 peram
330 2240 432 2277 non
483 2223 678 2277 liabens
713 2232 819 2277 tres
856 2224 1116 2296 siquidem
1158 2222 1375 2288 habuit,
1425 2239 1563 2295 quae
1611 2222 1746 2277 nihil
1787 2223 2098 2294 significant

101 2317 155 2365 et
194 2310 412 2366 Graecis
444 2327 550 2365 non
584 2310 925 2383 respondent.
1005 2311 1153 2366 Libri
1189 2311 1438 2367 meliores
1477 2310 1574 2366 has
1612 2311 1914 2383 scripturas
1953 2312 2100 2367 exhi-

100 2398 264 2456 bent:
320 2398 613 2467 ἀδοξότερος
653 2402 814 2469 μικρῷ
854 2400 938 2466 δέ,
989 2401 1012 2454 o‘
1057 2403 1150 2465 τὴν
1190 2402 1358 2470 πήραν
1399 2399 1571 2469 ἔχων,
1621 2415 1760 2472 quae
1811 2400 2097 2456 sanissima

100 2493 243 2541 sunt.
322 2487 494 2559 Lege:

400 2576 634 2642 Μόνιμός
673 2598 752 2639 τις
793 2575 879 2642 ἦν,
919 2576 1205 2646 ἄνθρωπος,
1248 2575 1285 2632 ὦ
1327 2578 1530 2642 Φίλων,
1568 2577 1728 2646 σοφός

402 2662 694 2733 ἀδοξότερος
733 2668 893 2735 μικρῷ
936 2666 995 2721 δ’.
1036 2676 1092 2721 Β.
1135 2667 1158 2720 ὁ
1194 2667 1287 2729 τὴν
1326 2667 1494 2733 πήραν
1536 2663 1702 2733 ἔχωνς.

286 2761 351 2808 A.
393 2754 560 2821 πήρας
599 2754 695 2819 μὲν
734 2753 815 2810 οὖν
854 2762 1007 2822 τρεῖς.

102 2841 195 2913 qui
230 2841 474 2913 agnoscit
513 2840 787 2898 hominem
826 2849 1007 2915 rogat:
1049 2843 1072 2899 ὅ
1109 2844 1201 2906 τὴν
1243 2843 1410 2910 πήραν
1450 2841 1621 2911 ἔχωνς
1664 2841 1754 2896 cui
1793 2840 1959 2898 alter:
2001 2845 2100 2908 πή..

101 2947 190 2996 ρας
229 2931 325 2994 μὲν
364 2927 445 2985 οὖν
487 2936 659 2996 τρεῖς,
714 2938 832 2986 erat
882 2932 1028 2986 enim
1082 2930 1336 3002 gibbosus
1389 2929 1681 3001 utrimque.
1764 2929 1824 2984 ln
1881 2929 1964 2984 his
2002 2934 2098 2998 μὲν

101 3013 207 3080 οὖν,
251 3025 314 3072 ut
354 3019 586 3090 passim,
640 3025 719 3074 est
762 3019 837 3074 ita
877 3018 1249 3092 respondentis
1286 3025 1348 3072 ut
1388 3015 1528 3089 quod
1570 3017 1707 3072 alter
1742 3017 1940 3076 dixerit
1983 3037 2095 3074 cor,

104 3103 260 3175 rigat.
340 3105 654 3161 Adscribam
696 3123 863 3162 unum
906 3106 1211 3180 exemplum
1251 3107 1378 3180 quia
1413 3104 1752 3162 simillimum
1798 3114 1898 3163 est.
1979 3109 2095 3163 Ari,

103 3190 326 3265 stopiion
368 3193 559 3250 Athen.
594 3194 707 3248 vll.
750 3198 877 3250 505.
920 3196 980 3251 Α.

406 3283 493 3336 καὶ
532 3284 633 3348 μὴν
673 3283 980 3351 διέφθαρταί
1013 3306 1079 3350 γε
1120 3284 1308 3355 τοῦψον
1341 3287 1629 3344 παντελῶς.

405 3371 605 3432 κλεῖδες
644 3372 739 3437 μὲν
779 3372 935 3426 ὀπταὶ
979 3372 1063 3428 δύο
1105 3372 1611 3441 παρεσκευασμέναι.

293 3469 350 3513 Β.
402 3455 485 3521 αἶς
526 3460 623 3521 τὰς
657 3460 807 3527 θύρας
849 3462 1105 3525 κλείουσις
1148 3471 1213 3518 A.
1257 3466 1346 3517 τοῦ
1388 3461 1556 3517 θύννου
1596 3458 1691 3524 μὲν
1731 3457 1828 3513 οὖν.

109 3544 375 3603 Monimus
421 3547 588 3619 igilur
639 3547 841 3603 dicitur
894 3549 1225 3617 φθέγξασθαι
1277 3550 1417 3620 ῥῆμα
1470 3569 1518 3602 τι
1573 3545 1710 3601 οὐδὲν
1758 3547 1979 3615 ἐμφερὲς
2021 3549 2097 3615 τῷ

107 3637 292 3702 γνῶθι
348 3637 601 3701 σαυτόν,
644 3638 750 3692 οὐδὲ
790 3645 895 3699 τοῖς
937 3639 1210 3707 βοωμένοις
1250 3640 1483 3701 τούτοις,
1522 3631 1614 3690 sed
1654 3632 1830 3706 inepte
1877 3633 2097 3697 audium
