2436 4068
1030 245 1127 294 141

103 397 310 445 tantum
355 389 524 444 oculis
563 396 784 462 possunt
833 388 1123 460 distingui,
1178 385 1318 441 unde
1354 386 1492 446 ἐντὸς
1532 387 1721 453 dmum
1772 390 1956 439 natum
1993 394 2075 442 est

100 496 197 550 pro
233 479 428 545 ἀρκύων
463 485 516 532 et
552 477 764 531 similia.
823 476 1071 550 Aeschyli
1113 491 1331 530 manum
1374 475 1495 541 πρὸς
1537 472 1591 528 ὦι
1633 475 1696 528 σύ
1741 475 1937 549 (ΩΙΟΤ
1980 494 2075 548 pro

101 566 273 639 ΩΚΤ)
311 568 551 621 restituit
592 564 943 620 Robortellus.

172 654 435 709 Adiiciam
473 655 555 709 his
589 651 844 707 nonnulla
878 669 943 706 ex
981 652 1159 706 Poetis
1194 658 1286 715 τῆς
1325 651 1487 716 μέσης
1527 652 1811 720 κωμῳδίας.

174 742 475 814 Archippus
510 744 561 796 ἕν
596 742 820 808 Ἰχθύσιν
859 738 1052 792 Athen.
1092 756 1142 810 p.
1188 742 1318 796 528.
1359 741 1424 796 A.

473 831 629 898 ἱεροὺς
665 827 970 897 Ἀφροδίτης
1010 827 1306 894 χρυσόφρυς
1345 828 1609 893 Κυθηρίας.

98 917 321 972 emenda
352 918 539 984 ἱερεύς,
579 922 887 987 comparato
922 913 1223 984 fragmento
1256 932 1320 968 ex
1356 914 1540 969 eadem
1577 914 1754 970 sabula
1788 933 1838 988 p.
1863 922 1992 973 515.
2017 919 2074 972 Β.

477 1005 634 1072 ἱερεὺς
668 1003 773 1072 γαρ
813 1002 923 1067 ἦλθ’
960 1006 1187 1057 αὐτοῖσιν
1226 1004 1390 1070 ὀρφὼς
1430 1008 1519 1056 τοῦ
1560 1004 1690 1058 θεοῦ.

174 1093 288 1148 Non
329 1100 412 1148 est
450 1092 742 1156 Graecum,
792 1089 932 1162 quod
985 1091 1350 1144 Aristomenes
1398 1089 1596 1144 dixisse
1646 1090 1888 1145 creditur
1934 1093 2079 1164 apud

21 1184 35 1256 ζ
98 1182 433 1236 Priscianum
484 1180 674 1235 XVIII.
733 1196 783 1251 p.
831 1181 938 1233 252
978 1179 1154 1244 λέγεις
1198 1199 1269 1244 με
1316 1177 1569 1247 ταῖσχροὶ.
1649 1177 1914 1250 Compoue
1952 1198 2078 1236 cum

98 1269 183 1324 his
219 1269 623 1342 Xenophontem
662 1268 820 1322 Mem.
857 1267 926 1322 11.
963 1285 1018 1321 11.
1059 1271 1093 1322 9
1131 1264 1256 1321 ὅταν
1293 1267 1343 1320 ἐν
1383 1274 1503 1328 ταῖς
1551 1267 1862 1335 τραγῳδίαις
1913 1271 2079 1333 αλλή-

97 1371 216 1419 λους
254 1358 326 1411 τοὶ
365 1358 581 1426 ἔσχατα
626 1357 848 1422 λέγωσιν
885 1362 938 1410 et
975 1355 1248 1427 probabis:
1289 1355 1465 1420 λέγεις
1503 1376 1572 1421 με
1607 1354 1886 1423 τᾶσχατα.

8 1436 39 1509 ,l
171 1446 439 1517 Hegemon
481 1445 672 1499 Athen.
715 1462 766 1516 p.
813 1447 934 1499 108.
970 1443 1025 1498 C.

16 1539 42 1615 l
472 1533 628 1599 μάλα
664 1531 872 1599 ταχέως
909 1533 1078 1586 αὐτῶν
1114 1533 1239 1600 πρίω
1277 1552 1363 1598 μοι
1404 1530 1697 1585 πουλύπουν

31 1619 42 1701 ζ
474 1621 560 1675 καὶ
596 1622 677 1681 δὸς
713 1623 1059 1687 καταφαγεῖν
1093 1621 1232 1675 κάπὸ
1266 1619 1495 1684 τηγάνου
1533 1618 1698 1684 γόνον.

31 1708 40 1753 '-
99 1711 394 1767 Meinekius
430 1731 516 1776 μοι
557 1708 790 1764 addidit:
833 1714 1107 1780 praeterea
1153 1708 1504 1763 correxerim:
1557 1708 1707 1762 ἄλλα
1746 1709 1954 1777 ταχέως
1994 1711 2078 1765 ἰὼν

100 1802 227 1868 πρίω
272 1820 389 1865 μοι,
430 1815 534 1852 non
587 1797 732 1852 enim
780 1795 981 1850 dicitur
1035 1795 1192 1861 μάλα
1243 1795 1453 1864 ταχέως
1509 1795 1598 1850 sed
1649 1797 1858 1864 ταχέως
1905 1797 2076 1862 πάνυ,

100 1890 248 1956 ταχὺ
288 1886 458 1948 πάνυ,
502 1901 672 1957 neque
712 1886 905 1946 ἀπιών,
946 1883 1087 1954 quod
1141 1900 1203 1937 ex
1256 1887 1425 1939 αὐτῶν
1481 1884 1779 1939 Meinekius
1825 1887 2080 1952 eruebat,

104 1975 195 2031 sed
241 1977 322 2030 ἰών
373 1974 633 2028 usitatum
686 1980 768 2027 est
820 1971 998 2026 dicere
1047 1971 1125 2025 vel
1177 1974 1348 2028 ἐλθών.
1437 1973 1497 2027 In
1549 1973 1740 2028 Codice
1792 1983 1870 2028 est
1926 1981 2081 2043 πριῶ,

106 2080 295 2136 nempe
346 2061 542 2116 indocti
598 2059 843 2116 Graeculi
892 2077 1008 2114 eam
1064 2058 1289 2114 sormam
1343 2077 1466 2115 cum
1508 2065 1691 2129 ἀκροῶ,
1733 2063 1906 2127 αἰτιῶ,
1944 2070 2080 2132 χρῶ,

103 2155 189 2215 Ζῶ,
229 2157 377 2219 πειρῶ
414 2158 467 2205 et
505 2150 627 2204 sim.
673 2148 1081 2220 comparabant,
1131 2148 1581 2219 quemadmodum
1623 2153 1864 2217 πριᾶσθαι
1908 2152 2082 2207 solent

103 2238 337 2295 scribere
384 2246 438 2293 et
484 2239 709 2304 ε’πριᾶτο.
777 2236 864 2291 Sic
917 2235 1057 2308 apud
1098 2235 1425 2309 Hesychium
1468 2237 1725 2292 scribitur
1761 2240 1997 2304 ἄγασθαι
2038 2240 2081 2296 Ῑ.

103 2345 150 2399 p.
196 2331 296 2390 35,
349 2327 635 2395 κρεμασθαι
691 2342 738 2396 p.
792 2327 929 2386 278.
979 2325 1424 2390 ἀναπίμπλασθαι
1490 2333 1543 2380 et
1595 2327 1980 2384 οὲναπιτνοῖσθαι
2026 2347 2079 2401 p.

14 2449 51 2490 ιΔ
106 2419 245 2479 555,
298 2416 526 2482 ἕκιρνοῖτο
582 2429 629 2484 p.
685 2415 825 2475 546,
877 2414 1129 2480 περνοῖται
1177 2412 1241 2467 Π.
1297 2430 1345 2484 p.
1405 2416 1545 2476 942,
1601 2416 1934 2484 προσφᾶσθαι
1987 2435 2083 2490 pro

12 2478 55 2631 k:
103 2502 433 2572 προσφάσθαι
478 2519 525 2574 p.
573 2504 743 2564 1055,
782 2502 1062 2568 περνοῖσθαι
1114 2518 1162 2573 p.
1211 2505 1355 2556 1090
1394 2509 1447 2556 et
1494 2506 1967 2572 καταπιμπρᾶσθαι
2016 2506 2082 2561 II.

47 2601 56 2651 l
103 2607 156 2664 p.
204 2594 308 2645 179
360 2597 412 2644 et
453 2589 596 2643 alibi.
685 2588 837 2660 Apud
891 2588 1118 2644 eundem
1171 2588 1371 2660 legitur
1413 2593 1678 2646 Κτᾶσθαιε
1732 2594 2080 2660 ἀναιρεθῆναι,

16 2638 60 2754 ¹}
103 2681 403 2742 κτανθῆναιε
459 2676 698 2734 eiusdem
756 2676 1020 2732 barbariei
1075 2685 1155 2733 est
1200 2679 1477 2741 κτανθῆναι
1525 2678 1703 2735 dicere
1755 2688 1808 2735 el.
1861 2685 2083 2739 κτᾶσθαι

25 2756 41 2828 i
106 2783 202 2841 pro
238 2766 460 2822 κτάσθαι
502 2765 846 2820 substituere.
927 2766 1133 2820 Passim
1186 2766 1238 2819 in
1295 2765 1570 2821 codicibus
1618 2768 1821 2823 similes
1875 2786 2084 2826 errores

106 2856 163 2911 in
201 2854 451 2910 omnibus
488 2853 674 2908 formis
715 2853 953 2909 eiusdem
1010 2854 1284 2926 analogiae
1344 2863 1658 2920 recurrunt,
1711 2863 1768 2911 ut
1806 2858 1858 2911 in
1901 2863 2086 2927 κιχροῖ·

35 3004 42 3021 ,
107 2946 253 3007 σθαι,
294 2945 553 3007 micam,
592 2944 937 3008 διαπτᾶσθαι,
978 2942 1169 3014 dequo
1201 2942 1466 2996 Porsonus
1487 2942 1767 2998 admonuit
1795 2945 1861 2999 ad
1897 2947 2084 3020 Eurip.

38 3051 73 3115 ι*
108 3030 247 3089 ssed.
288 3048 366 3087 vs.
410 3036 465 3095 1,
507 3047 663 3102 quem
707 3047 920 3085 versum
960 3048 1127 3104 quum
1177 3030 1562 3103 Aristophanes
1614 3033 1668 3086 in
1723 3032 1889 3087 Ranis
1942 3040 2084 3091 1578

31 3097 81 3163 Ῑ·
109 3118 378 3176 attulisset
411 3120 690 3175 Ravennas
723 3118 857 3174 liber
891 3120 944 3174 in
980 3120 1297 3175 διαπτοῖσθαι
1330 3120 1617 3192 conspirat.
1670 3120 1729 3175 In
1767 3121 2085 3195 Thesmopb.

61 3205 68 3233 ³
111 3211 239 3264 749.
283 3226 379 3281 pro

410 3297 737 3364 ἐμπρήσομεν
777 3297 939 3351 τοίνυν
973 3315 1059 3351 σει
1102 3295 1239 3351 πάνυ
1277 3299 1333 3362 γ’
1373 3297 1699 3366 ἐμπίπρατε,

111 3382 389 3441 Ravennas
428 3386 755 3452 ἐμπιπρᾶν-αι
796 3384 1008 3439 exhibet
1044 3383 1242 3456 triplici
1286 3385 1506 3450 mend0,
1557 3402 1788 3458 namque
1842 3402 1943 3439 non
1998 3387 2088 3453 ἐμ-

114 3474 339 3541 πίπρατε
392 3472 483 3528 sed
538 3475 881 3542 ἐμπίμπρατε
935 3472 1277 3528 scribendum
1331 3480 1428 3528 est.
1500 3475 1667 3529 Attici
1725 3473 2089 3541 ἐμπιμπράναι

116 3559 363 3615 (licebant
412 3566 465 3614 et
516 3562 951 3627 ἐμπίμπλασθαι,
1005 3578 1140 3633 quae
1200 3561 1401 3616 formae
1459 3561 1654 3632 ubique
1706 3562 1887 3615 invitis
1939 3560 2091 3617 libris

55 3654 57 3658 ‘
115 3646 475 3703 restituendae
527 3657 684 3713 sunt,
735 3657 905 3704 metro
954 3666 1108 3721 saepe
1163 3649 1399 3711 iubente,
1455 3666 1664 3719 semper
1717 3650 2086 3720 permittente,

26 2724 71 3046 ..22:21--0-
