2436 4068
1132 252 1196 272 ι-ιι

1131 272 1198 304 OD

425 398 561 451 τοῦθ’
596 395 761 466 ἕτερος
801 397 960 458 οὐδεὶς
1000 402 1098 450 τῶν
1138 395 1434 464 ὁμοτέχνων
1473 416 1573 461 μου
1613 403 1750 451 ποιεῖ’
1786 431 1859 438 -

422 487 524 550 ἐγὼ
562 487 614 540 δὲ
655 487 882 554 πρῶτος.
923 492 1029 545 τοῖς
1070 484 1176 552 γὰρ
1217 484 1506 550 ἓςιωμένοις

419 575 506 628 τὸν
546 575 717 642 καιρὸν
749 574 1034 638 ἀποδίδωμι
1077 579 1170 634 τῆς
1206 572 1573 641 συγκράσεως.

308 673 363 716 Β.
422 666 476 718 οὐ
517 664 638 731 πρὸς
681 664 799 716 θεῶν
839 660 924 726 ἔμ’
965 659 1176 722 ἔθυσας,
1217 662 1367 715 οὶλλα
1405 663 1491 716 τὸν
1529 661 1736 732 ἔριφον,

418 754 492 817 μὴ
531 750 686 806 κόπτ’
729 748 833 815 ἔμ’,
877 747 1028 802 ἄλλα
1069 748 1140 801 τοὶ
1181 748 1323 816 κρέα.

158 834 364 890 Passim
409 845 503 890 OT
545 844 598 890 et
638 846 722 894 CT
764 834 1020 891 confundi
1062 835 1231 890 solere
1271 837 1393 907 quis
1436 838 1649 892 nescit?
1698 837 1891 893 deinde
1931 848 2154 912 apparet

157 922 441 988 nonnulla,
484 940 621 995 quae
666 924 719 977 in
762 930 973 978 vetusto
1011 922 1148 977 libro
1198 940 1541 996 quacumque
1581 925 1646 980 de
1685 943 1847 981 causa
1900 927 2004 998 legi
2045 946 2152 983 non

154 1018 430 1083 poterant,
471 1029 503 1066 a
541 1012 762 1066 librario
803 1029 918 1067 esse
952 1013 1185 1074 omissa,
1228 1013 1354 1083 qui,
1402 1020 1462 1066 ut
1497 1013 1663 1076 solet,
1704 1014 1952 1069 lacunam
1997 1017 2150 1071 (lissi-

150 1098 393 1154 mulavit.
474 1100 647 1168 Quam
698 1101 936 1172 apposita
980 1100 1036 1154 in
1078 1100 1217 1175 hanc:
1268 1117 1383 1155 rem
1426 1102 1535 1155 sint
1576 1118 1713 1172 quae
1753 1104 2151 1174 supplevimus,

151 1186 315 1241 etiam
365 1203 429 1241 ex
483 1189 615 1261 ipsis
667 1189 945 1243 aestimari
998 1195 1204 1260 potest:
1259 1187 1471 1242 κόπτειν
1522 1190 1640 1244 τινα
1689 1197 1743 1244 et
1792 1191 2150 1247 κατακόπτειν

150 1291 247 1347 pro
294 1276 619 1340 ἀποκναίειν,
674 1277 823 1330 inani
876 1283 930 1331 et
979 1277 1290 1348 importuna
1330 1277 1656 1348 loquacitate
1695 1277 1931 1351 aliquem
1972 1281 2150 1334 obtun-

150 1364 272 1418 dere
320 1371 375 1419 et
419 1382 633 1419 enecare
672 1371 862 1419 notum
904 1371 986 1420 est
1025 1366 1293 1420 omnibus
1374 1366 1520 1420 Seite
1568 1365 1903 1439 Hegesippus
1955 1368 2147 1424 Athen.

150 1452 263 1507 VII.
307 1456 435 1508 290.
471 1453 533 1507 A.

1081 1544 1109 1607 ἢ
1150 1541 1321 1607 λέγων
1357 1543 1546 1612 φαίνου
1586 1544 1641 1599 τί
1679 1564 1766 1613 μοι

449 1630 619 1686 καινὸν
652 1631 799 1700 παρα
838 1631 957 1692 τοὺς
998 1633 1281 1698 ἔμπροσθεν
1324 1631 1352 1695 ἢ
1389 1633 1464 1698 μὴ
1506 1630 1668 1686 κόπτε
1710 1653 1779 1699 με
1805 1674 1818 1687 .

82 1722 89 1727 ’
149 1724 203 1774 et
243 1717 516 1792 Sosipater
555 1718 748 1773 Athen.
790 1719 880 1774 IX.
918 1724 1045 1774 578.
1090 1720 1146 1773 Β.

603 1805 706 1876 ἄρα
747 1808 811 1862 σύ
851 1829 922 1874 με
963 1808 1172 1862 κόπτειν
1212 1804 1308 1870 οἷος
1350 1805 1433 1872 εἷς

148 1895 274 1951 hine
295 1904 456 1951 natus
478 1902 560 1951 est
578 1896 751 1960 iocus,
773 1896 949 1968 qualis
970 1896 1171 1967 legitur
1192 1895 1334 1967 apud
1357 1897 1698 1969 Anaxipp-um
1722 1896 1918 1952 Athen.
1939 1901 2066 1953 404.
2086 1898 2142 1952 B.

373 1991 562 2039 παπαῖ
603 1986 613 2059 Ι
662 1985 756 2050 ἐμὲ
796 1984 1153 2052 κατακόψεις,
1192 1987 1294 2052 οὐχ
1331 1983 1353 2038 ὃ
1391 1986 1522 2039 θύειν
1563 1985 1861 2052 μέλλομεν.
2053 1991 2067 1999 “

148 2089 286 2145 quae
326 2074 459 2127 satis
503 2072 826 2128 confirmant
868 2072 922 2126 id
963 2072 1104 2144 quod
1146 2072 1352 2127 Alexidi
1395 2072 1750 2128 reddidimus,

218 2162 387 2216 Periit
439 2178 611 2216 unum
667 2160 989 2215 vocabulum
1045 2162 1098 2214 in
1154 2160 1391 2215 Alexidis
1441 2160 1544 2215 alio
1589 2160 1705 2215 loeo
1755 2162 1898 2235 apud
1945 2162 2143 2218 Athen.

143 2249 232 2304 v1.
271 2253 398 2305 225.
441 2250 501 2305 F.
1141 2310 1151 2320 ,

442 2340 499 2401 νὴ
539 2340 632 2401 τὴν
664 2339 917 2403 Ἀθηνᾶν,
957 2339 1085 2394 ἀλλ’
1115 2340 1217 2404 ἐγὼ
1257 2338 1573 2405 τεθαύμακα

443 2428 561 2488 τοὺς
599 2427 933 2494 ἰχθυοπώλας
974 2428 1082 2488 πῶς
1123 2431 1240 2481 ποτ’
1282 2428 1401 2494 οὐχὶ
1443 2427 1680 2483 πλούσιοι

442 2513 679 2576 ἅπαντές
714 2516 812 2570 εἶσι
852 2515 1224 2582 λαμβάνοντες
1259 2516 1571 2582 βασιλικούς

439 2601 627 2672 φόρους
651 2622 664 2635 ·
704 2603 855 2669 μόνον
895 2605 1014 2671 οὐχὶ
1050 2604 1382 2660 δεκατεύουσι
1419 2604 1527 2674 γοέρ

445 2692 545 2765 τοὶς
581 2692 758 2753 οὐσίας
795 2693 846 2746 ἐν
883 2699 1002 2754 ταῖς
1039 2694 1223 2748 πόλεσι
1258 2695 1535 2760 καθήμενοι

99 2834 115 2845 ,
437 2777 566 2843 ὅλας
602 2781 651 2834 δ’
683 2782 1034 2849 ἀφαιροῦνται
1076 2785 1190 2836 καθ’
1231 2781 1424 2845 ἑκάς-ην
1459 2780 1655 2850 ἡμέραν
1678 2823 1690 2835 .

134 2870 181 2925 si
223 2869 420 2923 vitium
466 2868 737 2924 sustulero
789 2869 991 2941 optime
1044 2870 1322 2942 apparebit
1379 2869 1509 2942 quid
1546 2870 1618 2924 sit
1659 2870 1714 2924 in
1760 2886 1822 2925 ea
1862 2869 2134 2943 scriptura

42 3017 54 3027 ,
136 2956 419 3013 molestum
454 2963 506 3012 et
541 2956 882 3030 impeditum.
962 2959 1271 3030 Legendum
1307 2959 1569 3015 arbitror:

1028 3047 1399 3114 λαμβάνοντες
1434 3048 1744 3114 βασιλικούς

321 3132 525 3203 φόρους.
586 3143 642 3187 Β.
681 3133 866 3204 φόρους
905 3135 1092 3203 μόνον;
1133 3136 1252 3205 οὐχὶ
1289 3136 1621 3192 δεκατεύουσι
1661 3136 1767 3206 γαρ
1808 3139 1919 3193 κτὲ.

211 3221 378 3278 Error
399 3221 554 3295 plane
575 3222 770 3278 similis
791 3226 1114 3280 commissus
1134 3232 1214 3281 est
1238 3226 1292 3280 in
1319 3225 1622 3298 Antiphane
1643 3225 1836 3282 Athen.
1861 3225 1929 3282 11.
1961 3229 2050 3280 58.
2071 3224 2127 3276 Β.

1216 3314 1447 3384 κρύψαι,
1489 3314 1693 3378 Φειδία,

434 3397 655 3454 ἅπαντα
693 3400 879 3456 τᾶλλα
913 3423 993 3464 τις
1035 3402 1232 3457 δύναιτ’
1266 3402 1330 3458 ἂν
1370 3404 1508 3467 πλὴν
1539 3403 1709 3469 δυοῖν,

442 3485 568 3543 οἶνόν
603 3510 662 3543 τε
705 3491 859 3545 πίνων
900 3492 972 3552 εἷς
1005 3489 1168 3559 ἔρωτα
1207 3495 1256 3546 τ’
1297 3493 1537 3558 ἐμπεσών
1560 3534 1573 3546 .

438 3574 722 3646 ἀμφότερα
754 3578 935 3645 μηνύει
977 3579 1083 3648 γαρ
1123 3581 1230 3635 οὶπὸ
1267 3583 1366 3636 τῶν
1405 3580 1741 3648 βλεμμάτων

443 3663 528 3716 καὶ
569 3671 668 3719 τῶν
703 3666 873 3732 λόγων
907 3670 1075 3732 ταῦθ’,
1111 3667 1207 3727 ὤςε
1247 3670 1365 3731 τοὺς
1406 3668 1735 3737 ἀρνουμένους

1771 3760 1788 3787 a
1816 3756 1827 3771 .
