2436 4068
1019 202 1124 252 267

90 352 262 422 magis
309 363 467 419 quam
525 346 814 400 Homerum
857 352 1104 409 secutuS‚
1157 345 1249 400 sed
1299 352 1574 417 praeterea
1612 345 1832 399 ἐντύνειν
1860 387 1872 406 ,
1929 345 2072 416 quod

88 447 169 495 est
202 436 463 503 ὁπλίζειν,
507 442 746 500 κοσμεῖν,
786 434 1233 502 παρασκευάζειν,
1274 434 1607 505 negligenter
1652 431 1939 487 admodum
1982 451 2071 505 po·

89 527 199 581 suit
236 541 332 596 pro
369 524 624 578 ἐκτελέειν
668 530 723 578 et
765 524 819 577 in
868 523 1144 577 ἐντύνουσα
1185 522 1469 589 ὑπόσχεσιν
1519 522 1812 577 immanem
1862 520 2073 576 hiatum

89 630 192 669 non
233 611 620 667 reformidavit.
702 610 806 665 Sed
856 609 1117 681 Apollonii
1156 615 1209 663 et
1257 608 1569 664 Callimachi
1619 615 1670 663 et
1719 608 1974 665 Nicandri
2021 617 2078 663 et

88 701 417 772 reliquorum
470 699 729 753 similium
787 699 1168 766 παρεφθορυῖαν
1225 696 1365 759 λέξιν
1419 704 1472 751 et
1533 696 1958 764 παρακούσματα
2019 698 2075 750 in

87 790 267 844 animo
318 795 398 843 est
438 787 543 842 alio
597 794 835 858 tempore
878 784 943 840 de
983 783 1253 840 industria
1302 791 1554 839 excutere
1598 791 1652 839 et
1705 784 1771 838 ad
1820 785 2076 840 Veterum

86 878 370 931 sanitatem
409 876 655 947 exigere;
695 891 841 929 nunc
872 874 1111 945 primum
1152 871 1294 942 quod
1343 872 1556 928 institui
1603 880 1875 944 pertexam
1925 881 1978 929 et
2014 873 2081 929 ad

91 963 400 1020 Heraclidas
440 962 612 1018 redeo.

162 1053 223 1107 In
259 1068 419 1107 versu
451 1056 576 1106 735.
615 1051 679 1106 σύ
717 1070 793 1105 τοι
832 1050 1104 1117 βραδύνεις
1157 1051 1279 1104 κούκ
1321 1048 1460 1113 ἐγώ,
1502 1064 1719 1102 necesse
1760 1055 1841 1102 est
1874 1065 2075 1121 expun-

89 1148 176 1197 cta
212 1140 400 1212 copula
450 1142 541 1195 οὐκ
592 1140 695 1206 ἐγώ
737 1155 862 1194 cum
902 1137 1157 1194 Elmsleio
1200 1135 1438 1191 scribere
1465 1177 1477 1198 ‚
1523 1134 1664 1206 quod
1711 1136 1946 1207 postulat
1994 1154 2082 1209 op-

89 1230 314 1303 positio,
356 1236 417 1283 ut
449 1230 504 1283 in
544 1228 676 1283 locis
710 1227 1007 1281 notissimis
1046 1229 1135 1281 σοῦ
1175 1224 1292 1280 ταδ’
1334 1226 1424 1279 οὐκ
1465 1225 1591 1289 ἐμοῦ
1628 1223 1802 1284 κλύεις
1826 1266 1840 1288 ,
1882 1232 1977 1279 aut
2017 1226 2081 1280 σύ

87 1339 163 1374 τοι
200 1319 378 1384 λέγεις
413 1338 484 1372 νιν
517 1320 607 1373 οὐκ
652 1317 786 1381 ἐγώ,
835 1316 891 1369 in
930 1315 1217 1388 Hippolyto
1260 1330 1336 1368 νε.
1379 1316 1506 1367 552.
1549 1318 1604 1366 et
1644 1309 1920 1384 Sophoclis
1960 1313 2079 1369 Ele-

88 1415 204 1463 ctra
244 1423 320 1460 vs,
352 1410 479 1461 656.
521 1413 575 1461 et
615 1404 759 1460 alibi.
838 1404 1035 1459 Natum
1076 1411 1158 1459 est
1209 1404 1254 1458 K
1295 1419 1360 1457 ex
1402 1399 1540 1456 male
1589 1401 1833 1472 repetitis
1881 1401 2080 1458 litteris

87 1505 152 1553 lc
199 1497 254 1550 in
294 1502 718 1552 BPAATNeIC.

163 1582 435 1655 Quidquid
474 1582 964 1637 comminiscuntur
1003 1580 1335 1651 Interpretes
1369 1594 1532 1634 sensu
1571 1593 1785 1632 cassum
1827 1584 1880 1632 et
1923 1577 2079 1650 plane

88 1671 380 1728 absurdum
421 1677 503 1725 est
545 1669 688 1741 quod
723 1669 1010 1725 Alcmenae
1060 1669 1299 1739 roganti:

689 1759 744 1813 τί
780 1759 966 1814 κεύθων
1004 1757 1202 1817 Ἰόλεως
1243 1756 1403 1825 σοφόν
1443 1776 1571 1810 ποτε

462 1846 754 1915 Εὐρυσθέως
795 1846 1032 1917 ἔφείσαθ’
1071 1843 1168 1903 ὤςε
1209 1846 1283 1911 μὴ
1323 1851 1567 1911 κτανεῖνς

88 1934 443 2011 respondetur
480 1953 559 1990 vs.
590 1939 735 1990 883:

392 2027 452 2081 τὸ
490 2026 577 2080 σὸν
618 2028 877 2091 προτιμῶν
915 2021 978 2084 ὥς
1019 2043 1092 2078 νιν
1133 2023 1427 2090 ὀφθαλμοῖς
1468 2022 1590 2085 ἴδοις

388 2116 678 2181 κρατοῦντα
716 2113 804 2166 καὶ
845 2120 910 2181 σῇ
951 2111 1351 2176 δεσποτούμενον
1389 2112 1526 2179 χερί.

86 2219 191 2258 nou
226 2208 308 2257 est
341 2217 477 2273 opus
504 2200 874 2256 demonstrare
910 2203 1200 2267 κρατοῦντα
1233 2207 1550 2272 corruptum
1583 2218 1732 2256 esse:
1775 2200 1985 2257 abunde
2019 2200 2074 2256 id

84 2290 523 2346 demonstrarunt
557 2289 651 2360 qui
694 2288 1041 2360 interpretari
1082 2288 1260 2343 conati
1309 2296 1454 2344 sunt.
1536 2289 1794 2363 Suspicor
1836 2298 2071 2346 veterem

84 2378 335 2435 lacunam
369 2394 399 2432 a
439 2376 732 2441 Graeculo,
775 2383 835 2431 ut
873 2377 965 2431 isti
1002 2375 1209 2440 solent,
1252 2376 1330 2430 sic
1371 2377 1634 2449 expletam
1678 2396 1795 2435 esse
1830 2386 1892 2433 ut
1926 2395 2079 2434 voca·

86 2466 272 2523 bulum
326 2464 600 2538 quodlibet
640 2466 696 2519 in
738 2481 964 2520 vacuam
1021 2465 1201 2521 sedem
1253 2466 1564 2522 inseruerit.
1647 2468 1821 2523 Unum
1866 2474 2079 2523 tantum

86 2557 142 2612 in
180 2562 292 2611 tota
326 2554 630 2610 Graecitate
663 2559 746 2608 est
782 2553 1131 2626 participium
1177 2554 1322 2628 (nam
1363 2557 1710 2629 participium
1753 2555 1969 2628 aliquod
2001 2557 2081 2610 in-

87 2643 365 2700 tercidisse
418 2641 764 2699 manifestum
835 2641 974 2715 est),
1036 2641 1177 2714 quod
1233 2645 1534 2698 sententiae
1602 2644 1741 2700 idem
1801 2651 1855 2700 et
1908 2652 2081 2700 metro

86 2734 301 2806 egregie
338 2732 655 2793 conveniat,
702 2746 892 2802 nempe
938 2730 1001 2791 ὥς
1042 2752 1114 2786 νιν
1154 2733 1445 2800 ὀφθαλμοῖς
1494 2733 1615 2795 ἴδοις
1657 2735 2076 2798 Πτήσσοντα.

16 2830 50 2851 “’
86 2821 282 2877 Notum
318 2827 400 2876 est
441 2820 690 2883 πτήσσειν
729 2818 795 2872 de
835 2834 896 2873 eo
930 2817 1037 2876 dici
1080 2820 1173 2890 qui
1211 2836 1377 2891 quum
1422 2838 1644 2892 magnos
1687 2822 1912 2894 spiritus
1953 2829 2078 2877 ante

45 2968 49 2972 ,
86 2910 342 2983 gessisset
396 2924 540 2962 nunc
587 2907 766 2962 victus
818 2913 871 2961 et
909 2905 1059 2962 clade
1104 2906 1308 2962 fractus
1347 2916 1399 2963 et
1438 2913 1619 2965 animo
1659 2909 1938 2983 perculsus
1982 2927 2078 2983 pa·

85 2998 243 3054 vidus
288 3004 342 3053 et
395 3001 773 3051 consternatus
826 2994 1077 3066 trepidat.
1156 2996 1415 3069 Exempla
1476 2999 1675 3070 passim
1731 3006 1859 3054 sunt
1902 2998 2073 3055 obvia.

90 3086 442 3144 peridoneum
478 3091 562 3140 est
595 3085 651 3138 in
700 3082 1074 3139 Andromache
1109 3100 1185 3139 vs,
1223 3088 1362 3140 165:

388 3176 468 3229 δεῖ
503 3176 552 3227 σ’
593 3173 708 3227 ἀντὶ
749 3178 848 3227 τῶν
887 3173 1003 3239 πρὶν
1043 3173 1233 3239 ὀλβίων
1272 3175 1616 3243 φρονημάτων

388 3261 586 3326 πτῆξαι
626 3263 875 3325 ταπεινὴν
914 3269 1221 3329 προσπεσεῖν
1261 3267 1310 3317 τ’
1351 3265 1473 3329 ἐμὸν
1513 3263 1673 3329 γόνυ,

87 3359 142 3407 et
189 3368 345 3424 saepe
379 3351 576 3415 πτῆξαι
621 3349 881 3405 dicuntur
920 3352 962 3404 ol
1017 3350 1251 3418 πρότερον
1308 3352 1526 3418 μέγιςον
1580 3353 1927 3422 φρονήσαντες
1980 3350 2068 3405 καὶ

87 3439 466 3507 ἐξυβρίσαντες.
545 3438 723 3495 Alcaei
776 3438 1139 3510 fragmentum
1185 3439 1347 3512 (apud
1389 3440 1749 3496 Herodianum
1807 3440 1919 3507 περὶ
1970 3459 2069 3504 μο·

0 3517 1 3522 ’
86 3531 253 3595 νήρους
287 3526 471 3591 λέξεως
513 3545 562 3599 p.
594 3532 690 3590 23,
741 3532 840 3593 10,
882 3529 972 3597 qui
1014 3526 1237 3595 ἔπταζον
1282 3529 1491 3584 Aeolice
1533 3529 1638 3584 dici
1677 3546 1770 3600 pro
1811 3528 2065 3588 ἔπτησσον

86 3616 279 3686 docet.)

1593 3701 1685 3739 21*
