2436 4068
1275 206 1381 256 554

349 363 476 409 vera
527 360 580 407 et
621 366 750 406 sana
795 350 864 403 sit
914 363 1179 419 nusquam
1226 345 1449 400 dubium
1510 363 1624 401 esse
1664 354 1854 418 potest.
1941 349 2122 421 Neque
2177 350 2319 421 quis·

350 457 511 513 quam
546 437 813 494 dubitabit
862 451 1116 507 umquam
1167 435 1296 506 quin
1338 451 1463 488 vera
1499 435 1771 506 scriptura
1810 436 1881 489 sit
1920 437 1974 490 in
2014 437 2215 492 Hellen.
2252 437 2317 492 II.

348 547 416 584 lv.
459 532 548 582 26.
604 526 902 594 περιέτυχον
959 528 1056 577 τῶν
1117 522 1458 585 Αἰξωνέων
1515 523 1646 577 τισίν
1696 539 1726 576 a
1775 523 2037 578 Palmerio
2094 525 2322 580 Valcke—

346 617 635 686 naerioque
690 619 903 684 reperta
954 628 1051 683 pro
1089 616 1186 665 τῶν
1235 609 1351 674 ἔξω
1408 610 1586 674 νέων,
1647 610 1786 680 quod
1838 610 1963 664 libri
2016 611 2212 667 hahent
2253 611 2320 666 ad

345 721 517 758 unum
572 718 772 756 omneS.
851 699 1033 770 Neque
1086 699 1267 752 minus
1318 696 1536 752 evidens
1581 703 1662 752 est
1714 696 1855 768 quod
1906 699 1959 751 in
2019 699 2154 754 libro
2205 699 2318 768 περὶ

345 796 562 854 ἱππικῆς
615 789 706 844 IV.
761 792 812 842 2.
883 787 1224 842 Camerarius
1281 787 1521 857 reposuit
1570 787 1627 839 τὸ
1686 790 1839 850 σῶμα
1897 787 2319 854 ὑπεραιμοῦν

336 882 507 935 δεῖται
550 878 851 946 θεραπείας,
893 893 989 947 pro
1030 877 1307 943 ὑπερεμοῦν
1345 873 1605 927 librorum
1645 874 1886 927 omnium
1922 874 2165 929 lectione.
2222 875 2320 930 Ne·

345 986 434 1023 mo
490 966 666 1020 adhuc
720 965 773 1018 in
831 963 1110 1018 Aeschinis
1164 961 1537 1034 Ctesiphontea
1590 958 1630 1033 S
1676 965 1794 1016 165.
1857 964 2066 1029 Ἀχαιοὶ
2121 963 2318 1025 πάντες

342 1058 480 1120 πλὴν
530 1053 865 1115 Πελληναίων
907 1050 1250 1106 manifestum
1289 1066 1526 1104 errorem
1576 1048 1925 1120 deprehendit
1977 1056 2031 1104 et
2074 1067 2316 1105 necessa-

342 1146 488 1200 rium
540 1141 843 1203 Πελληνέων
897 1140 1154 1194 restituit.
1246 1138 1660 1208 Nonnumquam
1719 1154 1855 1191 nova
1910 1137 2055 1192 labes
2111 1155 2176 1192 ex
2232 1137 2322 1192 illo

338 1231 660 1306 pervulgato
699 1246 880 1284 errore
919 1228 1195 1292 nascitur,
1236 1233 1298 1280 ut
1335 1224 1477 1296 apud
1511 1224 1782 1279 Iulianum
1822 1242 1872 1295 p.
1911 1228 2018 1279 278
2058 1225 2115 1278 Β.
2175 1226 2321 1294 παρα

345 1327 443 1377 τῶν
501 1318 718 1381 πλησίον
775 1317 972 1372 πόλεων
1027 1315 1268 1376 ἐπιθεὶς
1336 1314 1623 1382 ἐπικουρίαν
1679 1311 1742 1367 ὧν
1797 1311 1939 1380 εἶχον
1993 1314 2051 1367 τὸ
2110 1320 2321 1372 πλεῖςον

344 1410 546 1470 ἐκείνοις
599 1407 712 1468 δοὺς
771 1406 927 1465 αὐτὸς
981 1402 1307 1472 ἀπελείφθην
1354 1400 1536 1467 μόνος,
1590 1401 1843 1455 vitiosum
1890 1400 2078 1462 ἐπιθείς
2131 1408 2320 1456 natum

344 1505 425 1554 est
465 1513 530 1551 ex
567 1502 921 1557 ΑΙΠΙΘΕΙΣ,
962 1494 1015 1545 in
1052 1508 1158 1563 quo
1200 1490 1330 1544 latet
1367 1497 1744 1554 ΑΙΤΗΘΕΙΣ,
1784 1489 1930 1557 παρὰ
1969 1494 2066 1542 τῶν
2104 1491 2321 1552 πλησίον

341 1587 541 1641 ,πόλεων
592 1582 889 1644 αἰτηθεὶς
942 1579 1246 1646 ἐπικουρίαν.
1338 1577 1492 1649 Apud
1546 1575 1872 1631 Andocidem
1932 1576 2078 1631 Orat.
2116 1577 2183 1632 II.
2226 1581 2315 1633 24.

342 1675 398 1728 in
437 1673 592 1726 libris
631 1677 713 1725 est
749 1673 890 1724 τοῦτ’
926 1668 1152 1722 οὲναίτιον
1199 1682 1295 1737 pro
1337 1666 1525 1719 ταυτὸν
1565 1665 1639 1720 ἔτι
1676 1665 1742 1719 ὅν.

339 1790 341 1795 .
420 1760 560 1829 Quid
610 1760 779 1830 igitur
832 1755 996 1811 refert
1048 1754 1186 1808 scire
1240 1760 1426 1807 utrum
1478 1753 1670 1818 Αἴγινα
1722 1760 1774 1807 et
1827 1755 2091 1817 Αἰγιναῖον
2143 1754 2215 1807 sit
2263 1754 2320 1807 in

341 1849 501 1906 Codd.
545 1848 806 1919 scriptum
846 1861 912 1899 an
964 1843 1211 1909 αἵγεινα,
1269 1840 1445 1906 ἔγεινα
1472 1883 1485 1904 ,
1525 1841 1762 1906 αἶγεινέοι
1810 1846 1863 1894 et
1900 1841 2020 1894 sim.
2101 1840 2323 1911 Legitur

343 1939 593 2005 Αἶγεινέοι
639 1933 780 2006 apud
816 1931 1143 2005 Hesychium
1180 1936 1233 1984 et
1270 1930 1532 1994 Αίγεινέος
1574 1929 1754 1995 ὀβολός
1779 1971 1793 1993 ,
1836 1935 1888 1981 et
1926 1927 2068 1999 apud
2114 1929 2334 1983 mutar--

340 2029 507 2084 chum
563 2026 618 2078 in
675 2020 921 2076 Proverb.
983 2018 1199 2073 Centur.
1238 2017 1304 2071 11.
1347 2023 1399 2071 6.
1440 2017 1678 2083 ἐγείνατο
1715 2033 1807 2087 pro
1840 2018 2036 2080 Αἴγινα
2074 2016 2319 2090 τρ(έφει).

341 2119 446 2172 Pro
490 2115 660 2182 ἐχῖνον
709 2108 849 2181 apud
890 2105 1300 2162 Demosthenem
1339 2123 1389 2177 p.
1433 2109 1573 2160 1205
1599 2148 1613 2170 ,
1655 2108 1743 2158 26.
1800 2104 1853 2157 in
1889 2103 2011 2158 Cod.
2056 2104 2107 2159 S.
2149 2124 2321 2172 αιχει-

342 2227 420 2261 νον
473 2202 736 2272 scriptum
795 2203 893 2250 est.
971 2195 1383 2263 Nonnumquam
1441 2193 1665 2247 σιτόδεια
1706 2193 1759 2245 in
1808 2191 1996 2246 σποδία
2049 2190 2182 2244 abiit
2239 2191 2321 2265 (ut

340 2297 398 2350 in
436 2286 790 2361 Theophrasti
819 2284 975 2338 Char.
1011 2281 1201 2336 XXIII.
1244 2285 1298 2336 5.
1342 2280 1434 2334 ubi
1469 2280 1630 2335 Codd.
1673 2281 1723 2333 ἐν
1762 2289 1826 2348 τῇ
1865 2279 2086 2348 σποδία,
2126 2278 2318 2334 Casau·

341 2384 513 2438 honus
571 2375 794 2443 σιτοδεία
845 2369 1065 2443 reperit)
1125 2376 1178 2423 et
1233 2368 1374 2440 apud
1428 2367 1756 2441 Hesychium
1803 2368 1842 2421 I.
1905 2384 1954 2438 p.
2002 2371 2162 2422 1504.
2222 2384 2321 2439 pro

341 2469 592 2527 εὐπάθεια
643 2463 843 2532 legitur
905 2459 1138 2513 εὔπλοια.
1233 2456 1432 2528 Nempe
1489 2454 1894 2510 confunduntur
1941 2463 2038 2509 ΑΘ
2092 2461 2145 2509 et
2179 2464 2320 2521 AO,

343 2566 408 2616 ut
429 2559 485 2611 in
506 2552 561 2610 εὗ
582 2553 762 2607 παθεῖν
784 2582 856 2588 --
876 2551 1138 2609 εὐπλοεῖν,
1177 2545 1456 2599 οὶντίπλοια
1477 2576 1551 2583 —
1570 2542 1880 2597 οέντιποὶθεια
1897 2585 1910 2606 ,
1949 2542 2223 2610 ακρόπαθοι
2245 2576 2320 2585 --

344 2646 612 2715 οὶκρόπλοοι
677 2638 940 2713 (Heringa
988 2632 1203 2688 Ohserv.
1263 2651 1312 2705 p.
1354 2631 1466 2705 59.)
1521 2633 1701 2702 itaque
1758 2639 2078 2686 ΕΤΠΑΘΙΑ
2134 2632 2188 2684 in
2238 2631 2319 2686 εὔ-

342 2750 503 2792 ’πλοια
555 2731 905 2800 depravatum
946 2728 1057 2786 est,
1113 2721 1205 2775 sed
1245 2723 1299 2775 in
1344 2721 1427 2774 his
1461 2719 1709 2774 omnihus
1762 2720 1921 2791 periti
1963 2718 2091 2789 quid
2129 2735 2318 2773 verum

344 2827 415 2881 sit
445 2820 699 2875 continuo
732 2811 1042 2883 dispiciunt.
1121 2809 1567 2879 Nonnumquam,
1610 2815 1670 2861 ut
1702 2807 1858 2861 modo
1889 2806 2160 2872 diximus,
2200 2823 2317 2879 per-

341 2912 560 2982 vulgata
619 2904 753 2957 haec
803 2900 936 2953 vitia
994 2914 1155 2951 novos
1213 2913 1422 2951 errores
1482 2895 1740 2949 trahunt:
1799 2895 1935 2963 φέρω
1997 2894 2086 2948 ubi
2145 2895 2314 2963 φαίρω

344 3000 607 3069 scriptum
641 2997 723 3045 est
757 2987 889 3042 solet
926 2987 982 3039 in
1016 2986 1183 3054 φαίνω
1222 2985 1492 3049 converti,
1533 2982 1675 3037 unde
1711 2984 2021 3054 saepissime
2061 2982 2315 3050 φαίνομαι

342 3097 395 3145 et
431 3085 651 3155 φέρομαι
687 3079 831 3131 inter
870 3091 925 3128 se
965 3080 1177 3127 mutant
1211 3072 1404 3126 locum.
1483 3071 1722 3140 Ἀφεθείς
1764 3072 1820 3123 in
1853 3071 2096 3139 οὲφαιθείς
2135 3086 2316 3123 corru-

343 3183 498 3249 ptum
551 3165 836 3236 refingitur
876 3163 933 3215 in
972 3161 1286 3230 ἀφαιρεθείς.
1364 3159 1570 3213 Κλεινόν
1612 3158 1701 3212 ubi
1742 3157 1910 3212 κλινόν
1960 3156 2163 3211 factum
2200 3163 2316 3221 est,

343 3261 523 3318 induit
558 3269 747 3311 novam
787 3250 1013 3304 formam
1056 3248 1418 3318 scribiturque
1458 3247 1644 3300 καινόν.
1723 3245 1998 3299 Ἀπέτισεν
2039 3243 2180 3314 apud
2214 3245 2318 3299 De-

340 3347 541 3407 'm0s1h.
597 3361 648 3415 p.
687 3342 865 3401 1201,
919 3340 1006 3391 28.
1061 3337 1116 3389 in
1168 3335 1288 3390 Cod.
1333 3334 1394 3389 S..
1439 3340 1709 3388 mutatum
1763 3339 1845 3387 est
1898 3333 1952 3386 in
2002 3331 2313 3394 οἷπαίτησεν.

342 3433 677 3497 Felicissima
715 3434 796 3482 est
837 3424 1060 3479 Dobraei
1099 3422 1398 3478 emendatio
1432 3423 1487 3474 in
1524 3419 1740 3475 Diodori
1779 3419 1980 3474 Comici
2015 3419 2315 3492 fragmento

344 3524 486 3600 apud
528 3519 722 3578 Athen.
763 3532 814 3587 p.
844 3517 948 3567 431
992 3512 1046 3565 C.

646 3608 776 3661 πίνει
817 3603 875 3658 τὸ
913 3602 1124 3664 λοιπὸν,
1163 3599 1280 3659 τοὺς
1320 3598 1600 3663 λογισμοὺς
1640 3595 1842 3662 δέξαιμι
1866 3638 1879 3660 ,
