<?xml version="1.0" encoding="UTF-8"?>
<!DOCTYPE html PUBLIC "-//W3C//DTD XHTML 1.0 Transitional//EN"
    "http://www.w3.org/TR/xhtml1/DTD/xhtml1-transitional.dtd">
<html xmlns="http://www.w3.org/1999/xhtml" xml:lang="en" lang="en">
 <head>
  <title>
</title>
<meta http-equiv="Content-Type" content="text/html;charset=utf-8" />
  <meta name='ocr-system' content='tesseract 3.04.00' />
  <meta name='ocr-capabilities' content='ocr_page ocr_carea ocr_par ocr_line ocrx_word'/>
</head>
<body>
  <div class='ocr_page' id='page_1' title='image "./novaelectionesqu00cobeuoft/novaelectionesqu00cobeuoft_0191.png"; bbox 0 0 2436 4068; ppageno 0'>
   <div class='ocr_carea' id='block_1_1' title="bbox 998 246 1099 295">
    <p class='ocr_par' dir='ltr' id='par_1_1' title="bbox 998 246 1099 295">
     <span class='ocr_line' id='line_1_1' title="bbox 998 246 1099 295; baseline 0.01 -1"><span class='ocrx_word' id='word_1_1' title='bbox 998 246 1099 295; x_wconf 77' lang='lat'><strong>157</strong></span> 
     </span>
    </p>
   </div>
   <div class='ocr_carea' id='block_1_2' title="bbox 0 386 2074 3722">
    <p class='ocr_par' dir='ltr' id='par_1_2' title="bbox 0 386 2074 3722">
     <span class='ocr_line' id='line_1_2' title="bbox 73 386 2058 460; baseline -0.001 -15"><span class='ocrx_word' id='word_1_2' title='bbox 73 412 175 458; x_wconf 87' lang='grc' dir='ltr'><strong>μην</strong></span> <span class='ocrx_word' id='word_1_3' title='bbox 215 397 268 444; x_wconf 86' lang='lat' dir='ltr'><strong>et</strong></span> <span class='ocrx_word' id='word_1_4' title='bbox 307 387 554 449; x_wconf 72' lang='grc' dir='ltr'><strong><em>διηκόνουν</em></strong></span> <span class='ocrx_word' id='word_1_5' title='bbox 596 395 647 442; x_wconf 86' lang='lat' dir='ltr'><strong>et</strong></span> <span class='ocrx_word' id='word_1_6' title='bbox 682 387 910 451; x_wconf 89' lang='lat' dir='ltr'><strong>similia,</strong></span> <span class='ocrx_word' id='word_1_7' title='bbox 955 405 1091 459; x_wconf 90' lang='lat' dir='ltr'><strong>quae</strong></span> <span class='ocrx_word' id='word_1_8' title='bbox 1136 386 1337 442; x_wconf 83' lang='lat' dir='ltr'><strong>formae</strong></span> <span class='ocrx_word' id='word_1_9' title='bbox 1378 403 1562 441; x_wconf 88' lang='lat' dir='ltr'><strong>omnes</strong></span> <span class='ocrx_word' id='word_1_10' title='bbox 1602 386 1658 441; x_wconf 91' lang='lat' dir='ltr'><strong>in</strong></span> <span class='ocrx_word' id='word_1_11' title='bbox 1698 388 2058 460; x_wconf 87' lang='lat' dir='ltr'><strong>Antiquorum</strong></span> 
     </span>
     <span class='ocr_line' id='line_1_3' title="bbox 78 474 2062 549; baseline 0 -16"><span class='ocrx_word' id='word_1_12' title='bbox 78 479 278 549; x_wconf 85' lang='lat' dir='ltr'><strong>scripta</strong></span> <span class='ocrx_word' id='word_1_13' title='bbox 321 477 451 529; x_wconf 82' lang='lat' dir='ltr'><strong>vitio</strong></span> <span class='ocrx_word' id='word_1_14' title='bbox 486 477 815 548; x_wconf 89' lang='lat' dir='ltr'><strong>irrepserunt</strong></span> <span class='ocrx_word' id='word_1_15' title='bbox 859 484 911 531; x_wconf 90' lang='lat' dir='ltr'><strong>et</strong></span> <span class='ocrx_word' id='word_1_16' title='bbox 950 475 1134 531; x_wconf 91' lang='lat' dir='ltr'><strong>sedulo</strong></span> <span class='ocrx_word' id='word_1_17' title='bbox 1173 474 1511 547; x_wconf 85' lang='lat' dir='ltr'><strong>expellendae</strong></span> <span class='ocrx_word' id='word_1_18' title='bbox 1550 483 1694 530; x_wconf 90' lang='lat' dir='ltr'><strong>sunt.</strong></span> <span class='ocrx_word' id='word_1_19' title='bbox 1760 476 2062 533; x_wconf 75' lang='lat' dir='ltr'><strong>Admonent</strong></span> 
     </span>
     <span class='ocr_line' id='line_1_4' title="bbox 79 563 2061 637; baseline 0.001 -18"><span class='ocrx_word' id='word_1_20' title='bbox 79 565 296 637; x_wconf 84' lang='lat' dir='ltr'><strong>quidem</strong></span> <span class='ocrx_word' id='word_1_21' title='bbox 350 565 623 635; x_wconf 79' lang='lat' dir='ltr'>magistri,</span> <span class='ocrx_word' id='word_1_22' title='bbox 664 564 755 618; x_wconf 87' lang='lat' dir='ltr'><strong>sed</strong></span> <span class='ocrx_word' id='word_1_23' title='bbox 809 581 965 619; x_wconf 92' lang='lat' dir='ltr'><strong>nemo</strong></span> <span class='ocrx_word' id='word_1_24' title='bbox 1020 563 1199 628; x_wconf 88' lang='lat' dir='ltr'><strong>audit,</strong></span> <span class='ocrx_word' id='word_1_25' title='bbox 1241 572 1293 618; x_wconf 87' lang='lat' dir='ltr'><strong>et</strong></span> <span class='ocrx_word' id='word_1_26' title='bbox 1339 571 1446 618; x_wconf 89' lang='lat' dir='ltr'><strong>tam</strong></span> <span class='ocrx_word' id='word_1_27' title='bbox 1497 564 1826 618; x_wconf 89' lang='lat' dir='ltr'><strong>inveteratus</strong></span> <span class='ocrx_word' id='word_1_28' title='bbox 1860 572 1941 620; x_wconf 86' lang='lat' dir='ltr'><strong>est</strong></span> <span class='ocrx_word' id='word_1_29' title='bbox 1981 583 2061 621; x_wconf 87' lang='lat' dir='ltr'><strong>er-</strong></span> 
     </span>
     <span class='ocr_line' id='line_1_5' title="bbox 73 647 2060 723; baseline 0.001 -15"><span class='ocrx_word' id='word_1_30' title='bbox 73 670 192 716; x_wconf 86' lang='lat' dir='ltr'><strong>ror,</strong></span> <span class='ocrx_word' id='word_1_31' title='bbox 232 660 294 705; x_wconf 90' lang='lat' dir='ltr'><strong>ut</strong></span> <span class='ocrx_word' id='word_1_32' title='bbox 334 651 439 706; x_wconf 91' lang='lat' dir='ltr'><strong>illis</strong></span> <span class='ocrx_word' id='word_1_33' title='bbox 482 653 611 723; x_wconf 91' lang='lat' dir='ltr'><strong>ipsis</strong></span> <span class='ocrx_word' id='word_1_34' title='bbox 649 651 810 715; x_wconf 86' lang='lat' dir='ltr'><strong>lociS‚</strong></span> <span class='ocrx_word' id='word_1_35' title='bbox 864 652 956 706; x_wconf 85' lang='lat' dir='ltr'><strong>ubi</strong></span> <span class='ocrx_word' id='word_1_36' title='bbox 1009 651 1359 706; x_wconf 87' lang='lat' dir='ltr'><strong>Grammatici</strong></span> <span class='ocrx_word' id='word_1_37' title='bbox 1410 653 1712 707; x_wconf 84' lang='lat' dir='ltr'><strong>Atticorum</strong></span> <span class='ocrx_word' id='word_1_38' title='bbox 1767 647 1924 708; x_wconf 84' lang='lat' dir='ltr'><strong>usum</strong></span> <span class='ocrx_word' id='word_1_39' title='bbox 1974 653 2060 709; x_wconf 90' lang='lat' dir='ltr'><strong>de·</strong></span> 
     </span>
     <span class='ocr_line' id='line_1_6' title="bbox 71 738 2060 810; baseline 0.001 -15"><span class='ocrx_word' id='word_1_40' title='bbox 71 746 399 802; x_wconf 89' lang='lat' dir='ltr'><strong>monstrant,</strong></span> <span class='ocrx_word' id='word_1_41' title='bbox 444 738 651 794; x_wconf 91' lang='lat' dir='ltr'><strong>scribae</strong></span> <span class='ocrx_word' id='word_1_42' title='bbox 694 741 979 810; x_wconf 90' lang='lat' dir='ltr'><strong>antiquum</strong></span> <span class='ocrx_word' id='word_1_43' title='bbox 1020 739 1322 794; x_wconf 75' lang='lat' dir='ltr'><strong>obtinentes</strong></span> <span class='ocrx_word' id='word_1_44' title='bbox 1364 740 1620 794; x_wconf 78' lang='lat' dir='ltr'><strong>novitiam</strong></span> <span class='ocrx_word' id='word_1_45' title='bbox 1662 739 1891 796; x_wconf 90' lang='lat' dir='ltr'><strong>formam</strong></span> <span class='ocrx_word' id='word_1_46' title='bbox 1938 742 2060 797; x_wconf 91' lang='lat' dir='ltr'><strong>sub-</strong></span> 
     </span>
     <span class='ocr_line' id='line_1_7' title="bbox 73 825 2063 897; baseline 0.001 -13"><span class='ocrx_word' id='word_1_47' title='bbox 73 830 331 889; x_wconf 84' lang='lat' dir='ltr'><strong>stituant,</strong></span> <span class='ocrx_word' id='word_1_48' title='bbox 386 843 524 897; x_wconf 91' lang='lat' dir='ltr'><strong>quae</strong></span> <span class='ocrx_word' id='word_1_49' title='bbox 575 844 661 881; x_wconf 90' lang='lat' dir='ltr'><strong>res</strong></span> <span class='ocrx_word' id='word_1_50' title='bbox 714 836 796 882; x_wconf 91' lang='lat' dir='ltr'><strong>est</strong></span> <span class='ocrx_word' id='word_1_51' title='bbox 848 825 1101 880; x_wconf 90' lang='lat' dir='ltr'><strong>iocularis</strong></span> <span class='ocrx_word' id='word_1_52' title='bbox 1154 826 1462 883; x_wconf 86' lang='lat' dir='ltr'><strong>admodum.</strong></span> <span class='ocrx_word' id='word_1_53' title='bbox 1542 827 1630 883; x_wconf 93' lang='lat' dir='ltr'><strong>Sic</strong></span> <span class='ocrx_word' id='word_1_54' title='bbox 1683 829 1934 885; x_wconf 82' lang='lat' dir='ltr'><strong>Pliotium</strong></span> <span class='ocrx_word' id='word_1_55' title='bbox 1989 829 2063 885; x_wconf 86' lang='lat' dir='ltr'><strong>sa·</strong></span> 
     </span>
     <span class='ocr_line' id='line_1_8' title="bbox 82 914 2064 983; baseline 0.001 -12"><span class='ocrx_word' id='word_1_56' title='bbox 82 916 234 971; x_wconf 80' lang='lat' dir='ltr'><strong>ciunt</strong></span> <span class='ocrx_word' id='word_1_57' title='bbox 268 914 535 968; x_wconf 79' lang='lat' dir='ltr'><strong>dicentem</strong></span> <span class='ocrx_word' id='word_1_58' title='bbox 573 914 629 967; x_wconf 90' lang='lat' dir='ltr'><strong>in</strong></span> <span class='ocrx_word' id='word_1_59' title='bbox 670 931 720 969; x_wconf 89' lang='lat' dir='ltr'><strong>v.</strong></span> <span class='ocrx_word' id='word_1_60' title='bbox 758 915 1028 982; x_wconf 80' lang='grc' dir='ltr'><em>Ἠνείχετο</em></span> <span class='ocrx_word' id='word_1_61' title='bbox 1067 914 1155 968; x_wconf 73' lang='grc' dir='ltr'><strong>καὶ</strong></span> <span class='ocrx_word' id='word_1_62' title='bbox 1186 916 1409 983; x_wconf 77' lang='grc' dir='ltr'><em>ἠνώχλει</em></span> <span class='ocrx_word' id='word_1_63' title='bbox 1448 916 1535 970; x_wconf 74' lang='grc' dir='ltr'><strong>καὶ</strong></span> <span class='ocrx_word' id='word_1_64' title='bbox 1585 917 1786 979; x_wconf 79' lang='grc' dir='ltr'><em>ἠκηκόει</em></span> <span class='ocrx_word' id='word_1_65' title='bbox 1833 918 1919 972; x_wconf 74' lang='lat' dir='ltr'><strong>uxi</strong></span> <span class='ocrx_word' id='word_1_66' title='bbox 1974 922 2064 982; x_wconf 81' lang='grc' dir='ltr'><em>ἠν-</em></span> 
     </span>
     <span class='ocr_line' id='line_1_9' title="bbox 73 1001 2060 1074; baseline 0.001 -14"><span class='ocrx_word' id='word_1_67' title='bbox 73 1002 357 1071; x_wconf 73' lang='grc' dir='ltr'><em>τιβόλειτ</em></span> <span class='ocrx_word' id='word_1_68' title='bbox 398 1003 554 1056; x_wconf 82' lang='grc' dir='ltr'><em>κοινὸν</em></span> <span class='ocrx_word' id='word_1_69' title='bbox 583 1005 682 1057; x_wconf 79' lang='grc' dir='ltr'><em>τῶν</em></span> <span class='ocrx_word' id='word_1_70' title='bbox 715 1005 967 1057; x_wconf 80' lang='grc' dir='ltr'><strong><em>Ἀττικῶν</em></strong></span> <span class='ocrx_word' id='word_1_71' title='bbox 996 1003 1215 1068; x_wconf 73' lang='grc' dir='ltr'><em>ἰδίωμα,</em></span> <span class='ocrx_word' id='word_1_72' title='bbox 1251 1020 1420 1074; x_wconf 91' lang='lat' dir='ltr'><strong>quum</strong></span> <span class='ocrx_word' id='word_1_73' title='bbox 1453 1001 1798 1059; x_wconf 84' lang='lat' dir='ltr'><strong>manifestum</strong></span> <span class='ocrx_word' id='word_1_74' title='bbox 1831 1007 1903 1060; x_wconf 91' lang='lat' dir='ltr'><strong>sit</strong></span> <span class='ocrx_word' id='word_1_75' title='bbox 1936 1024 2060 1062; x_wconf 91' lang='lat' dir='ltr'><strong>eum</strong></span> 
     </span>
     <span class='ocr_line' id='line_1_10' title="bbox 75 1090 2060 1163; baseline 0.002 -16"><span class='ocrx_word' id='word_1_76' title='bbox 75 1091 141 1147; x_wconf 85' lang='lat' dir='ltr'><strong>de</strong></span> <span class='ocrx_word' id='word_1_77' title='bbox 178 1090 403 1163; x_wconf 79' lang='lat' dir='ltr'><strong>duplicis</strong></span> <span class='ocrx_word' id='word_1_78' title='bbox 439 1093 717 1161; x_wconf 77' lang='lat' dir='ltr'><strong>augmenti</strong></span> <span class='ocrx_word' id='word_1_79' title='bbox 759 1108 862 1146; x_wconf 88' lang='lat' dir='ltr'><strong>usu</strong></span> <span class='ocrx_word' id='word_1_80' title='bbox 902 1091 1082 1146; x_wconf 81' lang='lat' dir='ltr'><strong>dicere</strong></span> <span class='ocrx_word' id='word_1_81' title='bbox 1119 1098 1172 1145; x_wconf 87' lang='lat' dir='ltr'><strong>et</strong></span> <span class='ocrx_word' id='word_1_82' title='bbox 1212 1090 1484 1156; x_wconf 71' lang='grc' dir='ltr'><em>ἠντεβόλει</em></span> <span class='ocrx_word' id='word_1_83' title='bbox 1522 1091 1820 1162; x_wconf 83' lang='lat' dir='ltr'><strong>scripsisse.</strong></span> <span class='ocrx_word' id='word_1_84' title='bbox 1880 1095 2060 1150; x_wconf 88' lang='lat' dir='ltr'><strong>Etiam</strong></span> 
     </span>
     <span class='ocr_line' id='line_1_11' title="bbox 73 1177 2063 1255; baseline 0.002 -20"><span class='ocrx_word' id='word_1_85' title='bbox 73 1178 384 1243; x_wconf 75' lang='lat' dir='ltr'><strong>absurdiuS,</strong></span> <span class='ocrx_word' id='word_1_86' title='bbox 425 1180 470 1232; x_wconf 92' lang='lat' dir='ltr'><strong>si</strong></span> <span class='ocrx_word' id='word_1_87' title='bbox 507 1178 620 1234; x_wconf 85' lang='lat' dir='ltr'><strong>fieri</strong></span> <span class='ocrx_word' id='word_1_88' title='bbox 658 1186 861 1251; x_wconf 88' lang='lat' dir='ltr'><strong>potest,</strong></span> <span class='ocrx_word' id='word_1_89' title='bbox 903 1184 1195 1250; x_wconf 89' lang='lat' dir='ltr'><strong>peccarunt</strong></span> <span class='ocrx_word' id='word_1_90' title='bbox 1235 1179 1290 1231; x_wconf 92' lang='lat' dir='ltr'><strong>in</strong></span> <span class='ocrx_word' id='word_1_91' title='bbox 1344 1177 1660 1251; x_wconf 81' lang='lat' dir='ltr'><strong>Etymologo</strong></span> <span class='ocrx_word' id='word_1_92' title='bbox 1711 1181 1902 1252; x_wconf 85' lang='lat' dir='ltr'><strong>Magno</strong></span> <span class='ocrx_word' id='word_1_93' title='bbox 1942 1200 2063 1255; x_wconf 84' lang='lat' dir='ltr'><strong>pag.</strong></span> 
     </span>
     <span class='ocr_line' id='line_1_12' title="bbox 0 1266 2059 1340; baseline 0 -16"><span class='ocrx_word' id='word_1_94' title='bbox 0 1292 2 1339; x_wconf 70' lang='grc' dir='ltr'><em>ς</em></span> <span class='ocrx_word' id='word_1_95' title='bbox 43 1270 214 1333; x_wconf 62' lang='lat'>1112,</span> <span class='ocrx_word' id='word_1_96' title='bbox 256 1271 344 1322; x_wconf 77' lang='lat'><strong>52.</strong></span> <span class='ocrx_word' id='word_1_97' title='bbox 434 1268 662 1322; x_wconf 86' lang='lat' dir='ltr'><strong>Disertis</strong></span> <span class='ocrx_word' id='word_1_98' title='bbox 718 1266 893 1322; x_wconf 89' lang='lat' dir='ltr'><strong>verbis</strong></span> <span class='ocrx_word' id='word_1_99' title='bbox 945 1266 1201 1337; x_wconf 84' lang='lat' dir='ltr'><strong>Magister</strong></span> <span class='ocrx_word' id='word_1_100' title='bbox 1252 1274 1601 1322; x_wconf 88' lang='lat' dir='ltr'><strong>annotaverat</strong></span> <span class='ocrx_word' id='word_1_101' title='bbox 1665 1268 1804 1340; x_wconf 88' lang='lat' dir='ltr'><strong>apud</strong></span> <span class='ocrx_word' id='word_1_102' title='bbox 1858 1271 2059 1324; x_wconf 85' lang='lat' dir='ltr'><strong>Aristo·</strong></span> 
     </span>
     <span class='ocr_line' id='line_1_13' title="bbox 0 1347 2061 1435; baseline 0.001 -24"><span class='ocrx_word' id='word_1_103' title='bbox 0 1347 2 1435; x_wconf 54' lang='grc' dir='ltr'><strong>ᾖ</strong></span> <span class='ocrx_word' id='word_1_104' title='bbox 72 1355 300 1430; x_wconf 84' lang='lat' dir='ltr'><strong>phanem</strong></span> <span class='ocrx_word' id='word_1_105' title='bbox 341 1355 658 1422; x_wconf 77' lang='grc' dir='ltr'><em>ἠντεβόλησε</em></span> <span class='ocrx_word' id='word_1_106' title='bbox 698 1355 803 1426; x_wconf 84' lang='lat' dir='ltr'><strong>legi</strong></span> <span class='ocrx_word' id='word_1_107' title='bbox 844 1361 899 1410; x_wconf 88' lang='lat' dir='ltr'><strong>et</strong></span> <span class='ocrx_word' id='word_1_108' title='bbox 935 1371 1262 1426; x_wconf 87' lang='lat' dir='ltr'><strong>quamquam</strong></span> <span class='ocrx_word' id='word_1_109' title='bbox 1299 1357 1374 1409; x_wconf 89' lang='lat' dir='ltr'><strong>ita</strong></span> <span class='ocrx_word' id='word_1_110' title='bbox 1407 1354 1544 1409; x_wconf 81' lang='lat' dir='ltr'>dixit</span> <span class='ocrx_word' id='word_1_111' title='bbox 1583 1355 1666 1409; x_wconf 70' lang='grc' dir='ltr'><strong>διαὶ</strong></span> <span class='ocrx_word' id='word_1_112' title='bbox 1706 1361 1795 1411; x_wconf 79' lang='grc' dir='ltr'><strong>τοῦ</strong></span> <span class='ocrx_word' id='word_1_113' title='bbox 1835 1379 1859 1411; x_wconf 92' lang='grc' dir='ltr'><em>ε</em></span> <span class='ocrx_word' id='word_1_114' title='bbox 1888 1360 2061 1421; x_wconf 81' lang='grc' dir='ltr'><em>ἠντε-</em></span> 
     </span>
     <span class='ocr_line' id='line_1_14' title="bbox 69 1442 2060 1512; baseline 0.001 -13"><span class='ocrx_word' id='word_1_115' title='bbox 69 1444 315 1512; x_wconf 78' lang='grc' dir='ltr'><em>βόλησε</em></span> <span class='ocrx_word' id='word_1_116' title='bbox 352 1444 435 1498; x_wconf 76' lang='grc' dir='ltr'><strong>δύο</strong></span> <span class='ocrx_word' id='word_1_117' title='bbox 480 1445 675 1506; x_wconf 78' lang='grc' dir='ltr'><strong><em>κλίσεις</em></strong></span> <span class='ocrx_word' id='word_1_118' title='bbox 718 1445 916 1507; x_wconf 76' lang='grc' dir='ltr'><em>ὑπέςη,</em></span> <span class='ocrx_word' id='word_1_119' title='bbox 960 1450 1140 1497; x_wconf 89' lang='lat' dir='ltr'><strong>tamen</strong></span> <span class='ocrx_word' id='word_1_120' title='bbox 1185 1443 1239 1496; x_wconf 92' lang='lat' dir='ltr'><strong>in</strong></span> <span class='ocrx_word' id='word_1_121' title='bbox 1280 1443 1432 1497; x_wconf 90' lang='lat' dir='ltr'><strong>libris</strong></span> <span class='ocrx_word' id='word_1_122' title='bbox 1479 1442 1589 1498; x_wconf 81' lang='lat' dir='ltr'><strong>sere</strong></span> <span class='ocrx_word' id='word_1_123' title='bbox 1629 1444 1879 1499; x_wconf 89' lang='lat' dir='ltr'><strong>omnibus</strong></span> <span class='ocrx_word' id='word_1_124' title='bbox 1911 1447 2060 1501; x_wconf 76' lang='grc' dir='ltr'><em>οὶντε-</em></span> 
     </span>
     <span class='ocr_line' id='line_1_15' title="bbox 72 1530 2062 1604; baseline 0.001 -16"><span class='ocrx_word' id='word_1_125' title='bbox 72 1532 270 1600; x_wconf 81' lang='grc' dir='ltr'><em>βόλησε</em></span> <span class='ocrx_word' id='word_1_126' title='bbox 301 1533 562 1604; x_wconf 89' lang='lat' dir='ltr'><strong>scriptum</strong></span> <span class='ocrx_word' id='word_1_127' title='bbox 611 1539 713 1587; x_wconf 93' lang='lat' dir='ltr'><strong>est.</strong></span> <span class='ocrx_word' id='word_1_128' title='bbox 790 1531 1191 1587; x_wconf 80' lang='lat' dir='ltr'><strong>Grammaticus</strong></span> <span class='ocrx_word' id='word_1_129' title='bbox 1237 1531 1291 1584; x_wconf 94' lang='lat' dir='ltr'><strong>in</strong></span> <span class='ocrx_word' id='word_1_130' title='bbox 1342 1531 1543 1587; x_wconf 77' lang='lat' dir='ltr'><strong>Anecd.</strong></span> <span class='ocrx_word' id='word_1_131' title='bbox 1598 1530 1762 1587; x_wconf 85' lang='lat' dir='ltr'><strong>Oxou.</strong></span> <span class='ocrx_word' id='word_1_132' title='bbox 1812 1533 2062 1590; x_wconf 86' lang='lat' dir='ltr'><strong>Krameri</strong></span> 
     </span>
     <span class='ocr_line' id='line_1_16' title="bbox 75 1611 2060 1692; baseline 0.001 -15.949"><span class='ocrx_word' id='word_1_133' title='bbox 23 1613 120 1677; x_wconf 90' lang='lat' dir='ltr'><strong>l-.</strong></span> <span class='ocrx_word' id='word_1_134' title='bbox 155 1637 205 1692; x_wconf 87' lang='lat' dir='ltr'><strong>p.</strong></span> <span class='ocrx_word' id='word_1_135' title='bbox 247 1625 382 1682; x_wconf 83' lang='lat'><strong>446,</strong></span> <span class='ocrx_word' id='word_1_136' title='bbox 427 1625 492 1675; x_wconf 90' lang='lat'><strong>17</strong></span> <span class='ocrx_word' id='word_1_137' title='bbox 535 1637 701 1692; x_wconf 84' lang='lat' dir='ltr'><strong>quum</strong></span> <span class='ocrx_word' id='word_1_138' title='bbox 744 1619 810 1675; x_wconf 89' lang='lat' dir='ltr'><strong>de</strong></span> <span class='ocrx_word' id='word_1_139' title='bbox 851 1619 1021 1674; x_wconf 78' lang='lat' dir='ltr'><strong>forma</strong></span> <span class='ocrx_word' id='word_1_140' title='bbox 1056 1611 1340 1686; x_wconf 83' lang='grc' dir='ltr'><em>ἕνεούρησεν</em></span> <span class='ocrx_word' id='word_1_141' title='bbox 1380 1627 1662 1675; x_wconf 81' lang='lat' dir='ltr'><strong>annotaret</strong></span> <span class='ocrx_word' id='word_1_142' title='bbox 1716 1621 1923 1677; x_wconf 88' lang='lat' dir='ltr'><strong>scribae</strong></span> <span class='ocrx_word' id='word_1_143' title='bbox 1974 1622 2060 1678; x_wconf 89' lang='lat' dir='ltr'><strong>de·</strong></span> 
     </span>
     <span class='ocr_line' id='line_1_17' title="bbox 73 1706 1815 1781; baseline 0.001 -18"><span class='ocrx_word' id='word_1_144' title='bbox 73 1707 271 1764; x_wconf 88' lang='lat' dir='ltr'><strong>derunt</strong></span> <span class='ocrx_word' id='word_1_145' title='bbox 310 1710 563 1776; x_wconf 81' lang='grc' dir='ltr'><em>ἑνούρησεν</em></span> <span class='ocrx_word' id='word_1_146' title='bbox 603 1711 873 1770; x_wconf 77' lang='grc' dir='ltr'><em>Ἀττικῶς.</em></span> <span class='ocrx_word' id='word_1_147' title='bbox 955 1706 1156 1762; x_wconf 87' lang='lat' dir='ltr'><strong>Deinde</strong></span> <span class='ocrx_word' id='word_1_148' title='bbox 1194 1724 1259 1762; x_wconf 85' lang='lat' dir='ltr'><strong>ex</strong></span> <span class='ocrx_word' id='word_1_149' title='bbox 1298 1707 1557 1779; x_wconf 85' lang='lat' dir='ltr'><strong>Eupolide</strong></span> <span class='ocrx_word' id='word_1_150' title='bbox 1598 1710 1815 1781; x_wconf 89' lang='lat' dir='ltr'><strong>apponit</strong></span> 
     </span>
     <span class='ocr_line' id='line_1_18' title="bbox 452 1793 1563 1865; baseline -0.001 -15"><span class='ocrx_word' id='word_1_151' title='bbox 452 1793 555 1865; x_wconf 77' lang='grc' dir='ltr'><strong>ἆραι</strong></span> <span class='ocrx_word' id='word_1_152' title='bbox 595 1797 773 1865; x_wconf 75' lang='grc' dir='ltr'><em>σφόδρ’</em></span> <span class='ocrx_word' id='word_1_153' title='bbox 813 1796 1096 1863; x_wconf 81' lang='grc' dir='ltr'><em>ἐνεούρησεν</em></span> <span class='ocrx_word' id='word_1_154' title='bbox 1139 1794 1329 1859; x_wconf 77' lang='grc' dir='ltr'><em>ἕξωλης</em></span> <span class='ocrx_word' id='word_1_155' title='bbox 1369 1795 1563 1863; x_wconf 75' lang='grc' dir='ltr'><em>γέρων,</em></span> 
     </span>
     <span class='ocr_line' id='line_1_19' title="bbox 2 1883 2064 1958; baseline 0.001 -19"><span class='ocrx_word' id='word_1_156' title='bbox 2 1946 3 1949; x_wconf 10' lang='lat'>¹</span> <span class='ocrx_word' id='word_1_157' title='bbox 85 1883 173 1939; x_wconf 89' lang='lat' dir='ltr'><strong>ubi</strong></span> <span class='ocrx_word' id='word_1_158' title='bbox 214 1885 498 1951; x_wconf 83' lang='grc' dir='ltr'><em>ἕνεούρησεν</em></span> <span class='ocrx_word' id='word_1_159' title='bbox 550 1885 812 1939; x_wconf 85' lang='lat' dir='ltr'><strong>Meinekio</strong></span> <span class='ocrx_word' id='word_1_160' title='bbox 864 1884 1088 1939; x_wconf 90' lang='lat' dir='ltr'><strong>debetur</strong></span> <span class='ocrx_word' id='word_1_161' title='bbox 1137 1900 1232 1955; x_wconf 91' lang='lat' dir='ltr'><strong>pro</strong></span> <span class='ocrx_word' id='word_1_162' title='bbox 1286 1884 1614 1951; x_wconf 75' lang='grc' dir='ltr'><em>οὶνεούρησεν,</em></span> <span class='ocrx_word' id='word_1_163' title='bbox 1668 1893 1941 1958; x_wconf 89' lang='lat' dir='ltr'><strong>praeterea</strong></span> <span class='ocrx_word' id='word_1_164' title='bbox 1984 1905 2064 1942; x_wconf 90' lang='lat' dir='ltr'><strong>re·</strong></span> 
     </span>
     <span class='ocr_line' id='line_1_20' title="bbox 2 1971 2064 2044; baseline 0.003 -19"><span class='ocrx_word' id='word_1_165' title='bbox 2 1979 4 1983; x_wconf 80' lang='grc'><strong>“</strong></span> <span class='ocrx_word' id='word_1_166' title='bbox 82 1973 239 2044; x_wconf 88' lang='lat' dir='ltr'><strong>quiro</strong></span> <span class='ocrx_word' id='word_1_167' title='bbox 277 1972 496 2036; x_wconf 71' lang='grc' dir='ltr'><em>οὑξώλης</em></span> <span class='ocrx_word' id='word_1_168' title='bbox 535 1973 714 2039; x_wconf 70' lang='grc' dir='ltr'><em>γέρων.</em></span> <span class='ocrx_word' id='word_1_169' title='bbox 796 1972 941 2027; x_wconf 90' lang='lat' dir='ltr'><strong>Idem</strong></span> <span class='ocrx_word' id='word_1_170' title='bbox 985 1971 1168 2027; x_wconf 91' lang='lat' dir='ltr'><strong>docuit</strong></span> <span class='ocrx_word' id='word_1_171' title='bbox 1210 1971 1336 2026; x_wconf 87' lang='lat' dir='ltr'><strong>ibid.</strong></span> <span class='ocrx_word' id='word_1_172' title='bbox 1378 1972 1629 2039; x_wconf 83' lang='grc' dir='ltr'><em>ἐωνουμην</em></span> <span class='ocrx_word' id='word_1_173' title='bbox 1670 1973 1869 2030; x_wconf 82' lang='lat' dir='ltr'><strong>dixisse</strong></span> <span class='ocrx_word' id='word_1_174' title='bbox 1915 1975 2064 2032; x_wconf 90' lang='lat' dir='ltr'><strong>Vete-</strong></span> 
     </span>
     <span class='ocr_line' id='line_1_21' title="bbox 78 2059 1391 2133; baseline -0.001 -19"><span class='ocrx_word' id='word_1_175' title='bbox 78 2076 167 2115; x_wconf 86' lang='lat' dir='ltr'><strong>res</strong></span> <span class='ocrx_word' id='word_1_176' title='bbox 201 2068 253 2115; x_wconf 93' lang='lat' dir='ltr'><strong>et</strong></span> <span class='ocrx_word' id='word_1_177' title='bbox 290 2068 508 2116; x_wconf 88' lang='lat' dir='ltr'><strong>auctore</strong></span> <span class='ocrx_word' id='word_1_178' title='bbox 547 2062 721 2115; x_wconf 90' lang='lat' dir='ltr'><strong>utitur</strong></span> <span class='ocrx_word' id='word_1_179' title='bbox 760 2059 1017 2133; x_wconf 88' lang='lat' dir='ltr'><strong>Eupolide</strong></span> <span class='ocrx_word' id='word_1_180' title='bbox 1058 2061 1111 2114; x_wconf 89' lang='lat' dir='ltr'><strong>iu</strong></span> <span class='ocrx_word' id='word_1_181' title='bbox 1155 2060 1391 2114; x_wconf 89' lang='lat' dir='ltr'><strong>senario:</strong></span> 
     </span>
     <span class='ocr_line' id='line_1_22' title="bbox 454 2148 1533 2218; baseline -0.002 -14"><span class='ocrx_word' id='word_1_182' title='bbox 454 2151 637 2218; x_wconf 82' lang='grc' dir='ltr'><em>κρούων</em></span> <span class='ocrx_word' id='word_1_183' title='bbox 675 2171 742 2215; x_wconf 73' lang='grc' dir='ltr'><em>γε</em></span> <span class='ocrx_word' id='word_1_184' title='bbox 774 2150 1085 2216; x_wconf 54' lang='lat' dir='ltr'><strong>musaea-024</strong></span> <span class='ocrx_word' id='word_1_185' title='bbox 1120 2148 1371 2214; x_wconf 82' lang='grc' dir='ltr'><em>ἐωνούμην</em></span> <span class='ocrx_word' id='word_1_186' title='bbox 1411 2149 1533 2212; x_wconf 71' lang='grc' dir='ltr'><strong>ἐγώ.</strong></span> 
     </span>
     <span class='ocr_line' id='line_1_23' title="bbox 80 2234 2066 2309; baseline 0.002 -18"><span class='ocrx_word' id='word_1_187' title='bbox 80 2234 280 2308; x_wconf 85' lang='lat' dir='ltr'><strong>Nempe</strong></span> <span class='ocrx_word' id='word_1_188' title='bbox 330 2235 383 2290; x_wconf 91' lang='lat' dir='ltr'><strong>id</strong></span> <span class='ocrx_word' id='word_1_189' title='bbox 431 2245 585 2291; x_wconf 88' lang='lat' dir='ltr'><strong>erant</strong></span> <span class='ocrx_word' id='word_1_190' title='bbox 630 2237 879 2309; x_wconf 84' lang='lat' dir='ltr'><strong>aequales</strong></span> <span class='ocrx_word' id='word_1_191' title='bbox 929 2234 1183 2300; x_wconf 89' lang='lat' dir='ltr'><strong>docendi,</strong></span> <span class='ocrx_word' id='word_1_192' title='bbox 1238 2236 1330 2307; x_wconf 90' lang='lat' dir='ltr'><strong>qui</strong></span> <span class='ocrx_word' id='word_1_193' title='bbox 1381 2235 1631 2302; x_wconf 81' lang='grc' dir='ltr'><em>ὠνούμην,</em></span> <span class='ocrx_word' id='word_1_194' title='bbox 1684 2237 1958 2305; x_wconf 69' lang='grc' dir='ltr'><em>ὠνησάμην</em></span> <span class='ocrx_word' id='word_1_195' title='bbox 2013 2248 2066 2295; x_wconf 87' lang='lat' dir='ltr'><strong>et</strong></span> 
     </span>
     <span class='ocr_line' id='line_1_24' title="bbox 5 2320 2065 2396; baseline 0.002 -17"><span class='ocrx_word' id='word_1_196' title='bbox 5 2320 7 2334; x_wconf 24' lang='grc' dir='ltr'><strong>ζ</strong></span> <span class='ocrx_word' id='word_1_197' title='bbox 81 2324 206 2380; x_wconf 82' lang='lat' dir='ltr'><strong>sim.</strong></span> <span class='ocrx_word' id='word_1_198' title='bbox 245 2324 423 2380; x_wconf 82' lang='lat' dir='ltr'><strong>dicere</strong></span> <span class='ocrx_word' id='word_1_199' title='bbox 458 2324 720 2386; x_wconf 88' lang='lat' dir='ltr'><strong>solebant,</strong></span> <span class='ocrx_word' id='word_1_200' title='bbox 762 2324 953 2380; x_wconf 91' lang='lat' dir='ltr'><strong>deinde</strong></span> <span class='ocrx_word' id='word_1_201' title='bbox 993 2342 1054 2380; x_wconf 93' lang='lat' dir='ltr'><strong>ea</strong></span> <span class='ocrx_word' id='word_1_202' title='bbox 1092 2326 1147 2378; x_wconf 87' lang='lat' dir='ltr'><strong>in</strong></span> <span class='ocrx_word' id='word_1_203' title='bbox 1180 2323 1398 2379; x_wconf 90' lang='lat' dir='ltr'><strong>Codices</strong></span> <span class='ocrx_word' id='word_1_204' title='bbox 1438 2323 1815 2396; x_wconf 85' lang='lat' dir='ltr'><strong>importabant.</strong></span> <span class='ocrx_word' id='word_1_205' title='bbox 1889 2327 2065 2395; x_wconf 87' lang='lat' dir='ltr'><strong>Quum</strong></span> 
     </span>
     <span class='ocr_line' id='line_1_25' title="bbox 56 2411 2066 2486; baseline 0.001 -17"><span class='ocrx_word' id='word_1_206' title='bbox 56 2411 157 2469; x_wconf 50' lang='lat' dir='ltr'><strong>&amp;tic</strong></span> <span class='ocrx_word' id='word_1_207' title='bbox 190 2413 323 2467; x_wconf 91' lang='lat' dir='ltr'><strong>satis</strong></span> <span class='ocrx_word' id='word_1_208' title='bbox 361 2421 568 2468; x_wconf 90' lang='lat' dir='ltr'><strong>constet</strong></span> <span class='ocrx_word' id='word_1_209' title='bbox 600 2413 1014 2486; x_wconf 88' lang='lat' dir='ltr'><strong>Aristophanem</strong></span> <span class='ocrx_word' id='word_1_210' title='bbox 1053 2412 1371 2479; x_wconf 77' lang='grc' dir='ltr'><em>ἠντεβόλησε</em></span> <span class='ocrx_word' id='word_1_211' title='bbox 1411 2412 1612 2468; x_wconf 89' lang='lat' dir='ltr'><strong>dixisse</strong></span> <span class='ocrx_word' id='word_1_212' title='bbox 1652 2421 2066 2472; x_wconf 87' lang='lat' dir='ltr'><strong>consectaneum</strong></span> 
     </span>
     <span class='ocr_line' id='line_1_26' title="bbox 25 2498 1466 2587; baseline 0.001 -32"><span class='ocrx_word' id='word_1_213' title='bbox 25 2501 38 2587; x_wconf 30' lang='grc' dir='ltr'><em>ς</em></span> <span class='ocrx_word' id='word_1_214' title='bbox 83 2505 164 2555; x_wconf 79' lang='lat' dir='ltr'><strong>est</strong></span> <span class='ocrx_word' id='word_1_215' title='bbox 203 2500 255 2554; x_wconf 90' lang='lat' dir='ltr'><strong>in</strong></span> <span class='ocrx_word' id='word_1_216' title='bbox 296 2498 534 2554; x_wconf 85' lang='lat' dir='ltr'><strong>eiusdem</strong></span> <span class='ocrx_word' id='word_1_217' title='bbox 571 2501 684 2556; x_wconf 91' lang='lat' dir='ltr'><strong>loco</strong></span> <span class='ocrx_word' id='word_1_218' title='bbox 719 2501 861 2574; x_wconf 89' lang='lat' dir='ltr'><strong>apud</strong></span> <span class='ocrx_word' id='word_1_219' title='bbox 907 2502 1098 2557; x_wconf 78' lang='lat' dir='ltr'><strong>Athen.</strong></span> <span class='ocrx_word' id='word_1_220' title='bbox 1142 2519 1191 2573; x_wconf 89' lang='lat' dir='ltr'><strong>p.</strong></span> <span class='ocrx_word' id='word_1_221' title='bbox 1237 2506 1363 2557; x_wconf 74' lang='lat'><strong>525.</strong></span> <span class='ocrx_word' id='word_1_222' title='bbox 1405 2502 1466 2558; x_wconf 90' lang='lat' dir='ltr'><strong>A.</strong></span> 
     </span>
     <span class='ocr_line' id='line_1_27' title="bbox 460 2587 1462 2658; baseline 0.003 -16"><span class='ocrx_word' id='word_1_223' title='bbox 460 2589 616 2643; x_wconf 81' lang='grc' dir='ltr'>ἔπειθ’</span> <span class='ocrx_word' id='word_1_224' title='bbox 650 2587 751 2645; x_wconf 76' lang='grc' dir='ltr'><em>ὅσοι</em></span> <span class='ocrx_word' id='word_1_225' title='bbox 784 2597 1021 2658; x_wconf 75' lang='grc' dir='ltr'><em>παρήσοιν</em></span> <span class='ocrx_word' id='word_1_226' title='bbox 1058 2591 1297 2656; x_wconf 76' lang='grc' dir='ltr'><em>ἐπίσημοι</em></span> <span class='ocrx_word' id='word_1_227' title='bbox 1334 2589 1462 2654; x_wconf 81' lang='grc' dir='ltr'><em>ξένοι</em></span> 
     </span>
     <span class='ocr_line' id='line_1_28' title="bbox 31 2678 1609 2746; baseline 0.001 -15"><span class='ocrx_word' id='word_1_228' title='bbox 31 2728 33 2731; x_wconf 81' lang='grc'><em>,</em></span> <span class='ocrx_word' id='word_1_229' title='bbox 458 2678 821 2739; x_wconf 69' lang='grc' dir='ltr'><em>ἐπηκολούθουν</em></span> <span class='ocrx_word' id='word_1_230' title='bbox 859 2678 1193 2745; x_wconf 83' lang='grc' dir='ltr'><em>κήντιβόλουν</em></span> <span class='ocrx_word' id='word_1_231' title='bbox 1233 2679 1609 2746; x_wconf 77' lang='grc' dir='ltr'><em>προσκείμενοι,</em></span> 
     </span>
     <span class='ocr_line' id='line_1_29' title="bbox 12 2763 2068 2844; baseline 0.005 -28"><span class='ocrx_word' id='word_1_232' title='bbox 12 2788 23 2844; x_wconf 62' lang='lat'><strong>&#39;.</strong></span> <span class='ocrx_word' id='word_1_233' title='bbox 76 2788 90 2817; x_wconf 78' lang='grc' dir='ltr'><strong>,ι</strong></span> <span class='ocrx_word' id='word_1_234' title='bbox 124 2779 189 2819; x_wconf 88' lang='lat' dir='ltr'><strong>ou</strong></span> <span class='ocrx_word' id='word_1_235' title='bbox 232 2766 309 2819; x_wconf 91' lang='lat' dir='ltr'><strong>sic</strong></span> <span class='ocrx_word' id='word_1_236' title='bbox 344 2764 434 2820; x_wconf 91' lang='lat' dir='ltr'><strong>sed</strong></span> <span class='ocrx_word' id='word_1_237' title='bbox 474 2763 817 2831; x_wconf 81' lang='grc' dir='ltr'><em>κήντεβόλουν</em></span> <span class='ocrx_word' id='word_1_238' title='bbox 857 2766 1019 2821; x_wconf 90' lang='lat' dir='ltr'><strong>scribi</strong></span> <span class='ocrx_word' id='word_1_239' title='bbox 1062 2773 1324 2838; x_wconf 88' lang='lat' dir='ltr'><strong>oportere.</strong></span> <span class='ocrx_word' id='word_1_240' title='bbox 1404 2766 1600 2821; x_wconf 87' lang='lat' dir='ltr'><strong>Eodem</strong></span> <span class='ocrx_word' id='word_1_241' title='bbox 1645 2767 1763 2822; x_wconf 90' lang='lat' dir='ltr'><strong>iure</strong></span> <span class='ocrx_word' id='word_1_242' title='bbox 1801 2770 2068 2835; x_wconf 75' lang='grc' dir='ltr'><em>ἠντεβόλει</em></span> 
     </span>
     <span class='ocr_line' id='line_1_30' title="bbox 20 2852 2067 2927; baseline 0.003 -20"><span class='ocrx_word' id='word_1_243' title='bbox 20 2852 25 2925; x_wconf 67' lang='lat' dir='ltr'><strong>j</strong></span> <span class='ocrx_word' id='word_1_244' title='bbox 128 2853 447 2926; x_wconf 82' lang='lat' dir='ltr'><strong>¹ponendum</strong></span> <span class='ocrx_word' id='word_1_245' title='bbox 492 2854 543 2906; x_wconf 90' lang='lat' dir='ltr'><strong>in</strong></span> <span class='ocrx_word' id='word_1_246' title='bbox 583 2852 1018 2909; x_wconf 80' lang='lat' dir='ltr'><strong>Aeliarnensibus</strong></span> <span class='ocrx_word' id='word_1_247' title='bbox 1052 2872 1128 2910; x_wconf 81' lang='lat' dir='ltr'><strong>VS.</strong></span> <span class='ocrx_word' id='word_1_248' title='bbox 1175 2859 1310 2919; x_wconf 83' lang='lat'>147,</span> <span class='ocrx_word' id='word_1_249' title='bbox 1351 2861 1403 2910; x_wconf 88' lang='lat' dir='ltr'><strong>et</strong></span> <span class='ocrx_word' id='word_1_250' title='bbox 1438 2855 1488 2909; x_wconf 91' lang='lat' dir='ltr'><strong>in</strong></span> <span class='ocrx_word' id='word_1_251' title='bbox 1526 2854 1813 2927; x_wconf 89' lang='lat' dir='ltr'><strong>Equitibus</strong></span> <span class='ocrx_word' id='word_1_252' title='bbox 1850 2875 1925 2912; x_wconf 89' lang='lat' dir='ltr'><strong>vs.</strong></span> <span class='ocrx_word' id='word_1_253' title='bbox 1960 2862 2067 2914; x_wconf 84' lang='lat'><strong>664</strong></span> 
     </span>
     <span class='ocr_line' id='line_1_31' title="bbox 171 2940 2073 3015; baseline 0.004 -20"><span class='ocrx_word' id='word_1_254' title='bbox 171 2942 365 3013; x_wconf 85' lang='lat' dir='ltr'><strong>passim</strong></span> <span class='ocrx_word' id='word_1_255' title='bbox 409 2940 550 3014; x_wconf 87' lang='lat' dir='ltr'><strong>apud</strong></span> <span class='ocrx_word' id='word_1_256' title='bbox 592 2940 842 2996; x_wconf 83' lang='lat' dir='ltr'><strong>Oratores</strong></span> <span class='ocrx_word' id='word_1_257' title='bbox 878 2949 932 2997; x_wconf 92' lang='lat' dir='ltr'><strong>et</strong></span> <span class='ocrx_word' id='word_1_258' title='bbox 972 2942 1130 3006; x_wconf 92' lang='lat' dir='ltr'><strong>alios,</strong></span> <span class='ocrx_word' id='word_1_259' title='bbox 1183 2943 1378 3015; x_wconf 89' lang='lat' dir='ltr'><strong>quibus</strong></span> <span class='ocrx_word' id='word_1_260' title='bbox 1431 2942 1614 2997; x_wconf 86' lang='lat' dir='ltr'><strong>eadem</strong></span> <span class='ocrx_word' id='word_1_261' title='bbox 1671 2961 1829 3015; x_wconf 88' lang='lat' dir='ltr'><strong>opera</strong></span> <span class='ocrx_word' id='word_1_262' title='bbox 1885 2949 2073 3010; x_wconf 78' lang='grc' dir='ltr'><em>ἠντεδί-</em></span> 
     </span>
     <span class='ocr_line' id='line_1_32' title="bbox 55 3022 2070 3105; baseline 0.004 -22"><span class='ocrx_word' id='word_1_263' title='bbox 55 3022 94 3050; x_wconf 85' lang='lat'><strong>&#39;·</strong></span> <span class='ocrx_word' id='word_1_264' title='bbox 128 3050 201 3084; x_wconf 88' lang='grc' dir='ltr'><em>υν</em></span> <span class='ocrx_word' id='word_1_265' title='bbox 239 3029 398 3084; x_wconf 80' lang='lat' dir='ltr'><strong>redde</strong></span> <span class='ocrx_word' id='word_1_266' title='bbox 429 3038 482 3084; x_wconf 89' lang='lat' dir='ltr'><strong>et</strong></span> <span class='ocrx_word' id='word_1_267' title='bbox 521 3031 895 3099; x_wconf 71' lang='grc' dir='ltr'><em>ἠμφεσβήτουν</em></span> <span class='ocrx_word' id='word_1_268' title='bbox 926 3037 978 3084; x_wconf 91' lang='lat' dir='ltr'><strong>et</strong></span> <span class='ocrx_word' id='word_1_269' title='bbox 1020 3032 1372 3101; x_wconf 73' lang='grc' dir='ltr'><em>ἠμφεγνόουν,</em></span> <span class='ocrx_word' id='word_1_270' title='bbox 1414 3039 1762 3103; x_wconf 89' lang='lat' dir='ltr'><strong>caeteraque,</strong></span> <span class='ocrx_word' id='word_1_271' title='bbox 1813 3050 1948 3105; x_wconf 82' lang='lat' dir='ltr'><strong>quae</strong></span> <span class='ocrx_word' id='word_1_272' title='bbox 1993 3054 2070 3090; x_wconf 86' lang='lat' dir='ltr'><strong>se·</strong></span> 
     </span>
     <span class='ocr_line' id='line_1_33' title="bbox 16 3099 2066 3204; baseline 0.004 -33"><span class='ocrx_word' id='word_1_273' title='bbox 16 3099 38 3204; x_wconf 48' lang='lat' dir='ltr'><strong>li</strong></span> <span class='ocrx_word' id='word_1_274' title='bbox 106 3117 300 3172; x_wconf 82' lang='lat' dir='ltr'><strong>uiores</strong></span> <span class='ocrx_word' id='word_1_275' title='bbox 335 3118 596 3189; x_wconf 84' lang='lat' dir='ltr'><strong>relingere</strong></span> <span class='ocrx_word' id='word_1_276' title='bbox 629 3118 890 3182; x_wconf 83' lang='lat' dir='ltr'><strong>diximus,</strong></span> <span class='ocrx_word' id='word_1_277' title='bbox 930 3120 982 3172; x_wconf 91' lang='lat' dir='ltr'><strong>in</strong></span> <span class='ocrx_word' id='word_1_278' title='bbox 1019 3134 1123 3189; x_wconf 90' lang='lat' dir='ltr'><strong>qua</strong></span> <span class='ocrx_word' id='word_1_279' title='bbox 1166 3135 1221 3173; x_wconf 91' lang='lat' dir='ltr'><strong>re</strong></span> <span class='ocrx_word' id='word_1_280' title='bbox 1254 3136 1410 3191; x_wconf 87' lang='lat' dir='ltr'><strong>saepe</strong></span> <span class='ocrx_word' id='word_1_281' title='bbox 1443 3119 1766 3191; x_wconf 86' lang='lat' dir='ltr'><strong>optimorum</strong></span> <span class='ocrx_word' id='word_1_282' title='bbox 1809 3120 2066 3179; x_wconf 86' lang='lat' dir='ltr'><strong>librorum</strong></span> 
     </span>
     <span class='ocr_line' id='line_1_34' title="bbox 84 3205 2069 3279; baseline 0.004 -20"><span class='ocrx_word' id='word_1_283' title='bbox 84 3205 352 3264; x_wconf 84' lang='lat' dir='ltr'><strong>raesidio</strong></span> <span class='ocrx_word' id='word_1_284' title='bbox 406 3208 597 3270; x_wconf 89' lang='lat' dir='ltr'><strong>uteris,</strong></span> <span class='ocrx_word' id='word_1_285' title='bbox 653 3213 711 3260; x_wconf 92' lang='lat' dir='ltr'><strong>ut</strong></span> <span class='ocrx_word' id='word_1_286' title='bbox 765 3207 816 3260; x_wconf 91' lang='lat' dir='ltr'><strong>in</strong></span> <span class='ocrx_word' id='word_1_287' title='bbox 875 3205 1228 3261; x_wconf 81' lang='lat' dir='ltr'><strong>Demosthene</strong></span> <span class='ocrx_word' id='word_1_288' title='bbox 1279 3224 1328 3279; x_wconf 90' lang='lat' dir='ltr'><strong>p.</strong></span> <span class='ocrx_word' id='word_1_289' title='bbox 1370 3211 1504 3271; x_wconf 82' lang='lat'>886,</span> <span class='ocrx_word' id='word_1_290' title='bbox 1547 3211 1580 3262; x_wconf 88' lang='lat'>9</span> <span class='ocrx_word' id='word_1_291' title='bbox 1620 3214 1671 3262; x_wconf 89' lang='lat' dir='ltr'><strong>et</strong></span> <span class='ocrx_word' id='word_1_292' title='bbox 1724 3212 1861 3274; x_wconf 88' lang='grc'><strong>986,</strong></span> <span class='ocrx_word' id='word_1_293' title='bbox 1904 3214 1974 3265; x_wconf 77' lang='lat'><strong>29</strong></span> <span class='ocrx_word' id='word_1_294' title='bbox 2016 3220 2069 3266; x_wconf 86' lang='lat' dir='ltr'><strong>et</strong></span> 
     </span>
     <span class='ocr_line' id='line_1_35' title="bbox 52 3293 2066 3366; baseline 0.003 -18"><span class='ocrx_word' id='word_1_295' title='bbox 52 3320 65 3353; x_wconf 68' lang='grc' dir='ltr'><strong>ιΔ</strong></span> <span class='ocrx_word' id='word_1_296' title='bbox 136 3298 267 3357; x_wconf 72' lang='lat'>175,</span> <span class='ocrx_word' id='word_1_297' title='bbox 317 3300 382 3350; x_wconf 76' lang='lat'><strong>15</strong></span> <span class='ocrx_word' id='word_1_298' title='bbox 422 3294 595 3349; x_wconf 87' lang='lat' dir='ltr'><strong>Codex</strong></span> <span class='ocrx_word' id='word_1_299' title='bbox 630 3293 665 3347; x_wconf 84' lang='lat' dir='ltr'>S</span> <span class='ocrx_word' id='word_1_300' title='bbox 701 3294 901 3366; x_wconf 88' lang='lat' dir='ltr'><strong>optime</strong></span> <span class='ocrx_word' id='word_1_301' title='bbox 937 3297 1272 3363; x_wconf 75' lang='grc' dir='ltr'><em>ἠμφεσβήτει</em></span> <span class='ocrx_word' id='word_1_302' title='bbox 1309 3302 1360 3350; x_wconf 90' lang='lat' dir='ltr'><strong>et</strong></span> <span class='ocrx_word' id='word_1_303' title='bbox 1398 3297 1782 3365; x_wconf 74' lang='grc' dir='ltr'><em>ἠμφεσβητήθη</em></span> <span class='ocrx_word' id='word_1_304' title='bbox 1819 3301 2066 3355; x_wconf 89' lang='lat' dir='ltr'><strong>servavit.</strong></span> 
     </span>
     <span class='ocr_line' id='line_1_36' title="bbox 18 3381 2070 3456; baseline 0.003 -20"><span class='ocrx_word' id='word_1_305' title='bbox 18 3391 19 3398; x_wconf 77' lang='grc'>’</span> <span class='ocrx_word' id='word_1_306' title='bbox 51 3435 60 3443; x_wconf 79' lang='grc'><em>,</em></span> <span class='ocrx_word' id='word_1_307' title='bbox 144 3383 368 3436; x_wconf 87' lang='lat' dir='ltr'><strong>ntrario</strong></span> <span class='ocrx_word' id='word_1_308' title='bbox 408 3384 539 3437; x_wconf 87' lang='lat' dir='ltr'><strong>vitio</strong></span> <span class='ocrx_word' id='word_1_309' title='bbox 578 3381 785 3437; x_wconf 86' lang='lat' dir='ltr'><strong>scribae</strong></span> <span class='ocrx_word' id='word_1_310' title='bbox 821 3384 1116 3438; x_wconf 84' lang='lat' dir='ltr'><strong>sexcenties</strong></span> <span class='ocrx_word' id='word_1_311' title='bbox 1152 3385 1443 3446; x_wconf 73' lang='grc' dir='ltr'><em>οὶπήλκυσοι</em></span> <span class='ocrx_word' id='word_1_312' title='bbox 1486 3401 1579 3456; x_wconf 91' lang='lat' dir='ltr'><strong>pro</strong></span> <span class='ocrx_word' id='word_1_313' title='bbox 1619 3384 1903 3439; x_wconf 66' lang='grc' dir='ltr'><em>ἀπέλαυσα</em></span> <span class='ocrx_word' id='word_1_314' title='bbox 1943 3386 2070 3443; x_wconf 87' lang='lat' dir='ltr'><strong>dare</strong></span> 
     </span>
     <span class='ocr_line' id='line_1_37' title="bbox 55 3467 2072 3551; baseline 0.004 -27.856"><span class='ocrx_word' id='word_1_315' title='bbox 55 3467 264 3551; x_wconf 61' lang='lat' dir='ltr'><strong>vnolent</strong></span> <span class='ocrx_word' id='word_1_316' title='bbox 311 3479 360 3525; x_wconf 86' lang='lat' dir='ltr'><strong>et</strong></span> <span class='ocrx_word' id='word_1_317' title='bbox 417 3471 735 3540; x_wconf 71' lang='grc' dir='ltr'><em>παρηνόμουν</em></span> <span class='ocrx_word' id='word_1_318' title='bbox 788 3489 881 3543; x_wconf 91' lang='lat' dir='ltr'><strong>pro</strong></span> <span class='ocrx_word' id='word_1_319' title='bbox 932 3472 1271 3539; x_wconf 71' lang='grc' dir='ltr'><em>παρενόμουν,</em></span> <span class='ocrx_word' id='word_1_320' title='bbox 1323 3489 1480 3544; x_wconf 82' lang='lat' dir='ltr'><strong>quem</strong></span> <span class='ocrx_word' id='word_1_321' title='bbox 1539 3471 1785 3544; x_wconf 88' lang='lat' dir='ltr'><strong>putidum</strong></span> <span class='ocrx_word' id='word_1_322' title='bbox 1835 3490 2072 3531; x_wconf 87' lang='lat' dir='ltr'><strong>errorem</strong></span> 
     </span>
     <span class='ocr_line' id='line_1_38' title="bbox 21 3558 2072 3635; baseline 0.005 -26"><span class='ocrx_word' id='word_1_323' title='bbox 21 3630 23 3635; x_wconf 28' lang='grc' dir='ltr'>Ι</span> <span class='ocrx_word' id='word_1_324' title='bbox 71 3564 496 3629; x_wconf 72' lang='lat' dir='ltr'><strong>monnumquam</strong></span> <span class='ocrx_word' id='word_1_325' title='bbox 540 3558 680 3631; x_wconf 88' lang='lat' dir='ltr'><strong>apud</strong></span> <span class='ocrx_word' id='word_1_326' title='bbox 724 3558 973 3615; x_wconf 86' lang='lat' dir='ltr'><strong>Oratores</strong></span> <span class='ocrx_word' id='word_1_327' title='bbox 1011 3561 1061 3614; x_wconf 90' lang='lat' dir='ltr'><strong>in</strong></span> <span class='ocrx_word' id='word_1_328' title='bbox 1106 3560 1490 3614; x_wconf 84' lang='lat' dir='ltr'><strong>recentissimis</strong></span> <span class='ocrx_word' id='word_1_329' title='bbox 1542 3558 1880 3614; x_wconf 78' lang='lat' dir='ltr'><strong>Editionibus</strong></span> <span class='ocrx_word' id='word_1_330' title='bbox 1922 3561 2072 3619; x_wconf 87' lang='lat' dir='ltr'><strong>video</strong></span> 
     </span>
     <span class='ocr_line' id='line_1_39' title="bbox 96 3645 2074 3722; baseline 0.004 -23"><span class='ocrx_word' id='word_1_331' title='bbox 96 3646 392 3719; x_wconf 77' lang='lat' dir='ltr'><strong>propagari.</strong></span> <span class='ocrx_word' id='word_1_332' title='bbox 453 3649 721 3712; x_wconf 75' lang='grc' dir='ltr'><em>Ὠνήσοιτο</em></span> <span class='ocrx_word' id='word_1_333' title='bbox 767 3649 932 3720; x_wconf 76' lang='lat' dir='ltr'><strong>igitur</strong></span> <span class='ocrx_word' id='word_1_334' title='bbox 970 3649 1049 3722; x_wconf 88' lang='lat' dir='ltr'><strong>(ut</strong></span> <span class='ocrx_word' id='word_1_335' title='bbox 1091 3647 1302 3705; x_wconf 85' lang='lat' dir='ltr'><strong>redeam</strong></span> <span class='ocrx_word' id='word_1_336' title='bbox 1343 3647 1498 3712; x_wconf 86' lang='lat' dir='ltr'><strong>illuc,</strong></span> <span class='ocrx_word' id='word_1_337' title='bbox 1543 3645 1681 3701; x_wconf 86' lang='lat' dir='ltr'><strong>unde</strong></span> <span class='ocrx_word' id='word_1_338' title='bbox 1716 3645 1955 3719; x_wconf 86' lang='lat' dir='ltr'><strong>digressa</strong></span> <span class='ocrx_word' id='word_1_339' title='bbox 1994 3660 2074 3707; x_wconf 85' lang='lat' dir='ltr'><strong>est</strong></span> 
     </span>
    </p>
   </div>
   <div class='ocr_carea' id='block_1_3' title="bbox 0 1437 144 4068">
    <p class='ocr_par' dir='ltr' id='par_1_3' title="bbox 0 1437 144 4068">
     <span class='ocr_line' id='line_1_40' title="bbox 0 1437 11 1728; baseline 0 -88"><span class='ocrx_word' id='word_1_340' title='bbox 0 1437 11 1728; x_wconf 95' lang='lat' dir='ltr'><strong>   </strong></span> 
     </span>
     <span class='ocr_line' id='line_1_41' title="bbox 0 1728 11 1846; baseline 0 0"><span class='ocrx_word' id='word_1_341' title='bbox 0 1728 11 1846; x_wconf 95' lang='lat' dir='ltr'><strong>  </strong></span> 
     </span>
     <span class='ocr_line' id='line_1_42' title="bbox 0 1846 16 2197; baseline 0 -202"><span class='ocrx_word' id='word_1_342' title='bbox 0 1846 16 2197; x_wconf 95' lang='lat' dir='ltr'><strong>    </strong></span> 
     </span>
     <span class='ocr_line' id='line_1_43' title="bbox 0 2197 19 2454; baseline 0 -108"><span class='ocrx_word' id='word_1_343' title='bbox 0 2197 19 2454; x_wconf 95' lang='lat' dir='ltr'><strong>   </strong></span> 
     </span>
     <span class='ocr_line' id='line_1_44' title="bbox 0 2454 81 2726; baseline 0 0"><span class='ocrx_word' id='word_1_344' title='bbox 0 2454 81 2726; x_wconf 95' lang='lat' dir='ltr'><strong>   </strong></span> 
     </span>
     <span class='ocr_line' id='line_1_45' title="bbox 0 2726 144 2991; baseline 0 -27"><span class='ocrx_word' id='word_1_345' title='bbox 0 2726 144 2991; x_wconf 95' lang='lat' dir='ltr'><strong>   </strong></span> 
     </span>
     <span class='ocr_line' id='line_1_46' title="bbox 0 2991 143 3247; baseline 0 -172"><span class='ocrx_word' id='word_1_346' title='bbox 0 2991 143 3247; x_wconf 95' lang='lat' dir='ltr'><strong>   </strong></span> 
     </span>
     <span class='ocr_line' id='line_1_47' title="bbox 0 3247 141 3429; baseline 0 -27"><span class='ocrx_word' id='word_1_347' title='bbox 0 3247 141 3429; x_wconf 95' lang='lat' dir='ltr'><strong>   </strong></span> 
     </span>
     <span class='ocr_line' id='line_1_48' title="bbox 0 3429 68 4068; baseline 0 0"><span class='ocrx_word' id='word_1_348' title='bbox 0 3429 68 4068; x_wconf 95' lang='lat' dir='ltr'><strong>  </strong></span> 
     </span>
    </p>
   </div>
  </div>
 </body>
</html>
