2436 4068
1002 182 1102 196 tt-xu

1000 198 1106 231 002>

62 328 277 383 aliunde
321 326 515 380 melius
552 340 715 396 quam
754 340 821 378 ex
860 324 974 395 ipsa
1022 324 1254 380 Anabasi
1304 325 1551 396 componi
1602 324 1894 398 dirimique
1931 345 2047 400 pos-

63 418 135 470 sit
177 432 321 470 nunc
353 412 767 494 difficultatibus
804 411 1127 484 quibusdam
1171 412 1430 485 impedita
1467 420 1550 468 est
1596 420 1651 468 et
1689 413 1927 470 tenebris
1970 417 2049 470 in-

61 504 274 568 voluta,
315 504 570 574 quoniam
611 501 819 556 levibus
860 507 914 555 et
944 502 1219 573 corruptis
1259 502 1488 557 testibus
1525 508 1731 557 temere
1770 510 1823 558 et
1865 505 2049 560 incon-

60 593 202 647 sulto
239 589 468 645 habetur
506 589 655 644 fides.
738 587 795 643 Si
830 590 1143 660 quaerimus
1183 590 1249 643 ab
1290 591 1390 655 iis,
1431 592 1523 662 qui
1565 590 1835 646 Anahasin
1881 592 2052 648 edunt
2138 660 2140 662 v

59 688 111 736 et
153 681 617 750 interpretantur,
659 692 764 747 quo
804 675 978 747 gradu
1017 678 1211 730 aetatis
1234 685 1373 732 esset
1396 678 1688 750 Xenophon
1724 697 1893 752 quum
1931 680 2052 736 illas

59 786 147 823 res
185 775 435 840 gereret,
488 771 673 819 utrum
717 765 773 818 in
815 763 947 819 flore
985 765 1180 819 aetatis
1222 781 1289 818 an
1334 768 1639 833 maturior,
1690 767 1930 824 fervidus
1970 771 2051 824 iu-

0 923 2 926 ·
62 863 219 912 venta
258 874 327 911 an
361 871 546 909 rerum
588 852 977 924 bominumque
1017 869 1118 908 usu
1158 854 1488 907 exercitatus
1541 873 1738 926 magno
1786 875 2051 913 consensu

59 947 133 1000 ita
174 942 500 1016 respondent
542 949 602 995 ut
640 957 766 996 eum
813 948 927 996 tum
985 941 1367 1013 »quadraqinta
1401 942 1530 996 duos
1569 944 1848 1000 minimum
1886 965 2052 1002 annos

58 1034 299 1089 natum''
349 1031 533 1085 dicant
574 1029 758 1084 fuisse.
841 1029 976 1084 Vide
1019 1046 1156 1102 quos
1193 1028 1378 1083 laudat
1418 1029 1485 1083 ad
1540 1030 1710 1086 Anah.
1744 1033 1836 1088 111.
1879 1052 1914 1088 1.
1961 1040 2047 1090 14.

59 1124 123 1179 L.
146 1118 491 1183 DindorfiuS,
531 1118 627 1189 qui
666 1118 883 1172 illorum
924 1118 1306 1172 auctoritatem
1338 1134 1564 1173 securus
1599 1122 1864 1192 sequitur.
1947 1122 2051 1178 Sed

58 1209 310 1284 equidem
363 1224 551 1262 omnes
606 1206 850 1278 appello,
906 1207 999 1278 qui
1041 1206 1315 1262 Anabasin
1371 1208 1540 1278 ipsam
1589 1210 1770 1263 animo
1817 1209 2051 1266 eruditis

58 1297 400 1372 opinionibus
440 1312 608 1350 vacuo
648 1295 938 1367 diligenter
987 1295 1340 1359 lectitarunt,
1384 1302 1442 1349 ut
1485 1295 1621 1351 mihi
1658 1313 1723 1351 ex
1761 1315 1859 1352 suo
1908 1300 2050 1372 ipso-

55 1404 176 1443 rum
217 1402 412 1451 sensu,
452 1401 558 1455 quo
597 1384 814 1438 animus
850 1386 904 1438 in
934 1391 1048 1439 toto
1084 1401 1243 1455 opere
1284 1385 1429 1438 inter
1463 1383 1751 1455 legendum
1778 1385 2047 1453 afficitur,

56 1475 432 1531 testimoninm
472 1472 656 1526 dicant
693 1471 811 1527 fieri
846 1489 951 1526 non
993 1490 1149 1544 posse
1188 1479 1250 1527 ut
1291 1472 1582 1545 Xenophon
1623 1473 1747 1538 ille,
1791 1493 1950 1546 quem
1994 1479 2049 1532 in

57 1562 292 1619 Anabasi
346 1563 615 1633 vigentem
668 1567 722 1615 et
771 1562 1066 1633 spirantem
1123 1562 1434 1627 cernimuS,
1496 1562 1855 1633 quadraginta
1915 1565 2079 1621 duos·

58 1653 347 1707 minimum
387 1667 555 1705 annos
591 1658 751 1705 natus
789 1649 985 1713 fuerit,
1026 1667 1192 1720 quum
1240 1650 1329 1704 illa
1377 1650 1442 1705 ab
1482 1668 1542 1704 eo
1585 1652 1659 1704 sic
1710 1661 2048 1722 gererentur.

59 1741 120 1796 ln
160 1739 444 1804 omnibuS,
484 1755 621 1811 quae
661 1738 1068 1811 Xenophontem
1105 1746 1199 1792 aut
1246 1746 1493 1809 agentem
1536 1738 1784 1795 videmus
1819 1750 1914 1796 aut
1957 1759 2050 1798 au·

58 1829 239 1884 dimus
278 1828 624 1899 loquentem,
671 1828 844 1899 spirat
899 1827 1060 1882 ardor
1101 1827 1322 1899 quidam
1373 1835 1427 1882 et
1470 1834 1652 1882 aestus
1691 1831 1859 1884 animi
1902 1831 2049 1886 iuve-

59 1918 242 1973 niliter
279 1916 681 1972 effervescentis
730 1923 818 1979 et,
881 1923 941 1969 ut
981 1915 1182 1971 Graece
1241 1918 1443 1988 optime
1498 1915 1605 1971 dici
1645 1925 1856 1990 potest,
1895 1926 2048 1989 σφρι-

0 2068 1 2076 ¹
55 2009 281 2073 γῶντος,
323 2007 380 2059 in
421 2005 534 2077 ipso
577 2004 764 2058 robore
799 2011 854 2059 et
894 2003 1026 2058 ssore
1063 2006 1301 2059 ineuntis
1342 2006 1569 2071 aetatiS,
1628 2023 1754 2060 cum
1795 2007 1884 2061 illo
1925 2026 2048 2063 can-

0 2087 2 2155 ῗ
57 2095 186 2150 dore
226 2102 280 2150 ct
333 2093 422 2148 illa
464 2092 755 2159 modestia,
815 2109 953 2164 quae
1001 2094 1234 2164 optimas
1274 2101 1419 2148 artes
1462 2095 1517 2148 in
1560 2096 1752 2150 iuvene
1790 2113 2050 2167 generoso

16 2237 19 2243 ⁴
58 2193 112 2240 et
165 2191 390 2239 strenuo
444 2183 692 2237 comitari
734 2180 868 2236 solet
908 2189 963 2236 et
1002 2181 1377 2236 condecorare.
1459 2182 1768 2238 Ridiculum
1811 2192 1930 2250 est,
1993 2194 2052 2240 ut

58 2272 235 2327 dicam
289 2270 431 2343 quod
483 2271 748 2332 sentiam,
806 2271 1119 2325 existimare
1175 2270 1265 2325 illa
1310 2270 1477 2326 fuisse
1533 2274 1585 2325 in
1646 2274 1761 2327 viro
1820 2274 2049 2345 quadra·

18 2362 323 2433 ‘gesimam
370 2360 590 2414 tertium
647 2360 842 2414 aetatis
898 2374 1104 2414 annum
1161 2367 1353 2430 agente
1402 2368 1454 2414 et
1498 2367 1712 2415 maturo
1758 2370 1811 2416 et
1853 2363 2047 2418 multa·

57 2466 180 2504 rum
217 2465 401 2503 rerum
437 2447 826 2520 hominumque
860 2448 1018 2519 longo
1059 2465 1164 2502 usu
1193 2448 1356 2520 probe
1393 2453 1712 2514 exercitam,
1754 2452 1848 2522 qui
1878 2469 2048 2523 quum

20 2536 155 2611 iper
211 2545 322 2592 tres
377 2544 430 2591 et
477 2537 670 2607 viginti
722 2554 889 2591 annos
947 2536 1215 2608 stipendia
1274 2536 1487 2592 fecisset
1543 2545 1596 2592 et
1651 2555 1788 2610 equo
1838 2541 2049 2612 publico

24 2627 350 2681 'meruisset
389 2625 639 2697 peritiam
687 2627 953 2680 acerrimo
993 2625 1128 2680 bello
1169 2624 1447 2679 collectam
1502 2627 1580 2680 sie
1616 2626 1683 2681 ad
1725 2627 1924 2701 Cyrum
1963 2638 2048 2684 at—

24 2710 277 2778 'tnlerit,
332 2721 392 2768 ut
427 2714 545 2767 sine
586 2714 811 2785 imperio
850 2730 913 2768 ac
958 2730 1127 2785 paene
1162 2714 1424 2785 privatus
1447 2714 1593 2769 illius
1627 2724 1808 2771 castra
1849 2725 1902 2772 et
1946 2717 2048 2773 for·

32 2808 250 2857 ¹tunam
310 2808 660 2875 sequeretur,
722 2802 927 2856 nemini
969 2809 1182 2873 praeter
1218 2801 1521 2858 Proxenum
1579 2812 1740 2860 notus
1790 2806 1894 2860 nisi
1955 2824 2048 2861 no-

58 2891 205 2945 mine
247 2896 497 2955 tantum,
541 2898 600 2944 ut
642 2888 993 2962 Chirisopbus
1045 2890 1225 2945 dicere
1275 2892 1513 2963 potuerit
1548 2892 1638 2947 111.
1682 2911 1719 2949 1.
1766 2898 1856 2950 45.
1897 2897 2049 2951 ἀλλὰ

10 3034 12 3043 Α
58 2980 271 3047 πρόσθεν
301 2981 428 3045 μὲν,
467 2977 503 3033 ὦ
543 2984 806 3047 Ξενοφῶν,
848 2983 1086 3034 τοσοῦτον
1127 2979 1277 3045 μόνον
1311 3001 1370 3034 σε
1410 2981 1725 3046 ἐγίγνωσκον
1760 2981 1872 3038 ὅσον
1905 2986 2050 3049 ἤκου-

57 3086 108 3124 ον
147 3070 412 3130 Ἀθηναῖον
452 3064 600 3123 εἶναι.
679 3067 882 3139 Nempe
919 3066 1211 3139 Xenophon
1260 3067 1378 3123 οὔτε
1427 3072 1687 3138 ςραιτηγὸς
1726 3073 1845 3127 οὔτε
1885 3086 2051 3139 λογα-

57 3157 153 3223 γὸς
191 3155 307 3210 οὔτε
360 3156 643 3223 §petricia-nc
684 3157 748 3210 ὢν
790 3156 1140 3219 συνηκολούθει
1178 3157 1271 3212 111.
1313 3175 1347 3212 1.
1393 3162 1443 3212 4.
1500 3158 1593 3213 sed
1634 3175 1665 3214 a
1706 3168 1887 3216 vetere
1926 3162 2046 3216 hos-

59 3244 171 3317 pite
237 3244 475 3299 Proxeno
528 3245 789 3300 invitatus
843 3262 938 3317 per
1009 3245 1289 3317 epistolam
1351 3245 1482 3320 Cyri
1542 3248 1842 3305 amicitiam
1897 3250 2050 3322 polli-

62 3338 249 3396 cente,
289 3349 451 3403 quam
494 3331 583 3387 ille
632 3350 781 3405 spem
826 3341 935 3388 tam
987 3332 1236 3390 lubenter
1273 3342 1327 3390 et
1369 3335 1623 3392 ardenter
1663 3338 2047 3409 amplectitur,

64 3427 126 3474 ut
167 3420 440 3475 Socratem
482 3429 639 3476 caute
690 3429 745 3476 et
785 3422 1079 3494 prudenter
1118 3422 1498 3479 admonentem
1537 3442 1760 3497 prorsus
1805 3427 2048 3481 iuvenili·

65 3514 148 3562 ter
189 3506 427 3563 eluserit.
512 3509 680 3580 Legat
719 3509 853 3565 milii
888 3510 1085 3582 aliquis
1115 3511 1207 3566 111.
1247 3530 1280 3565 1.
1324 3516 1376 3567 6.
1419 3530 1524 3585 qno
1565 3521 1720 3585 pacto
1754 3514 2047 3587 Xenophon

61 3602 116 3651 et
157 3596 430 3650 Socratem
472 3604 525 3651 et
579 3598 755 3668 ipsum
797 3599 1094 3672 Apollinem
1139 3600 1391 3674 Pythium
1451 3601 1622 3672 lepide
1678 3603 2044 3659 circumvene-
