2436 4068
1059 259 1128 308 59

33 471 45 484 ο
89 421 211 460 rum
253 403 471 459 Codices
514 403 678 457 etiam
724 408 1027 473 perveteres
1078 407 1331 456 excutere
1370 407 1464 455 aut
1520 407 1726 456 veteres
1770 401 2077 471 EditioneS,

89 493 180 547 ubi
218 492 352 546 istae
392 490 575 546 sordes
616 491 854 545 nondum
891 496 1219 561 expurgatae
1251 489 1492 544 omniurn
1526 489 1695 544 oculis
1730 497 1942 562 patent,
1983 492 2078 547 sed

85 578 415 652 permultum
458 578 608 634 abest
646 585 708 633 ut
746 593 893 632 nunc
939 577 1115 631 omnis
1158 577 1250 634 illa
1302 577 1453 649 copia
1491 593 1739 632 errorum
1788 578 2076 651 diligenter

87 662 295 722 sublata
331 668 417 721 sit.
498 666 703 721 Passim
751 686 817 731 γε
858 670 954 719 aut
1000 672 1274 719 servatum
1326 671 1408 720 est
1450 671 1545 720 aut
1584 666 1748 720 etiam
1790 683 1821 721 a
1856 667 2076 724 malese-

84 751 226 808 dulis
266 755 578 818 invectum,
623 753 716 808 ubi
757 751 974 807 difficile
1021 759 1100 806 est
1149 753 1322 807 risum
1360 755 1653 809 continere.
1735 747 2078 822 Ferreus‘sit

84 857 300 898 necesse
338 849 421 898 est
459 840 552 914 qui
593 857 698 896 non
738 839 1015 896 subrideat
1054 839 1123 895 ad
1161 839 1290 895 haec
1331 841 1705 914 Aristophanis
1749 843 1805 898 in
1842 842 2073 899 Acharn.

86 933 247 984 1184.

386 1017 421 1071 ὦ
462 1021 656 1073 κλεινὸν
690 1017 870 1083 ὄμμα,
911 1021 996 1070 νῦν
1035 1016 1338 1073 πανύςοοτόν
1380 1020 1427 1069 σ’
1467 1017 1579 1071 ἰδών

385 1107 548 1161 λείπω
588 1105 726 1175 φοέος
767 1127 842 1170 γε
882 1106 1138 1170 τούμὸν,
1182 1105 1352 1159 οὐκέτ’
1390 1107 1496 1171 εἶμ’
1537 1101 1656 1169 ἐγώ.

84 1193 366 1249 Ravennas
416 1194 561 1248 solus
599 1194 762 1248 λείπω
802 1193 941 1262 φάος
988 1192 1211 1258 τούμόν,
1251 1191 1547 1248 Graeculus
1586 1192 1781 1264 aliquis
1834 1214 1900 1258 γε
1943 1190 2078 1249 insc-

83 1282 224 1346 ruit,
264 1283 480 1353 egregie
514 1282 672 1336 sanel
715 1281 797 1335 Ex
837 1280 1126 1352 Equitibus
1168 1297 1243 1335 vs.
1286 1284 1447 1336 1245.
1490 1281 1733 1352 corrige:

380 1370 544 1425 λείπω
584 1368 722 1439 φάος
762 1368 888 1424 τόδ’.
930 1367 1099 1424 οὐκέτ’
1139 1369 1280 1424 οὐδέν
1315 1371 1420 1435 εἶμ’
1458 1369 1583 1433 ἐγώ.

78 1457 261 1529 Neque
311 1465 492 1514 tamen
535 1458 816 1512 Ravennas
867 1456 1003 1512 liber
1054 1473 1385 1529 quamquam
1443 1462 1781 1512 caeterorum
1835 1459 2078 1513 omnium

82 1545 236 1618 longe
271 1547 508 1619 optimus
547 1553 601 1601 et
635 1560 793 1617 saepe
825 1545 1198 1617 importunum
1238 1566 1306 1612 ys
1348 1559 1488 1600 unus
1528 1545 1784 1600 omittens
1818 1561 1923 1601 non
1952 1546 2078 1601 alibi
2148 1616 2149 1619 Ἴ

80 1649 236 1706 saepe
268 1634 468 1690 chorda
506 1633 720 1689 oberrat
759 1632 975 1697 eadem,
1017 1634 1175 1689 cuius
1211 1634 1290 1689 rei
1330 1649 1500 1706 pauca
1533 1633 1797 1706 quaedam
1835 1636 2079 1707 exempla

82 1723 135 1778 in
172 1730 392 1796 promtu
444 1722 640 1778 habere
687 1721 917 1794 perutile
957 1724 1062 1776 erit
1102 1722 1471 1778 emendaturis
1517 1738 1655 1794 quae
1699 1729 1907 1778 restant
1945 1725 2078 1779 vitia

78 1810 483 1866 eiusdemmodi.
565 1812 624 1866 In
664 1810 948 1884 Equilibus
986 1828 1064 1865 vs,
1095 1815 1222 1866 574.
1265 1826 1361 1881 pro
1400 1813 1667 1875 σούκτεμῶ
1712 1810 1807 1884 (σοι
1849 1812 2072 1886 ἐκτεμῶ)

75 1906 253 1954 servat
305 1905 394 1955 σοῦ
446 1900 505 1965 γ’
549 1901 751 1965 ἕκτεμῶ
810 1906 928 1972 post
981 1899 1157 1954 crasin
1211 1897 1351 1952 male
1405 1897 1699 1953 resolutam
1754 1899 1983 1954 inseruit
2018 1907 2074 1966 γ’

78 1986 287 2041 hiatum
320 1987 496 2042 vitans
533 1987 763 2052 scilicet,
804 1987 967 2059 idque
1007 1987 1221 2059 saepius
1258 1986 1314 2039 in
1349 1985 1508 2040 Codd.
1552 1984 1757 2040 sactum
1786 2003 1902 2041 esse
1932 2005 2074 2043 com-

77 2076 221 2147 peri,
267 2082 327 2129 ut
362 2076 414 2129 in
451 2074 687 2130 Nubibus
721 2092 796 2129 vs,
823 2078 932 2130 440
972 2074 1113 2130 τουτὶ
1155 2074 1216 2129 τό
1248 2075 1304 2138 γ’
1340 2074 1462 2140 ἐμὸν
1496 2077 1626 2139 σῶμ’
1661 2076 1892 2129 αὐτοῖσιν
1928 2074 1938 2147 Ι
1971 2097 2073 2130 ποι·

72 2165 207 2232 ρέχω
247 2164 462 2218 τύπτειν
510 2179 607 2234 pro
645 2164 787 2217 τουτὶ
829 2163 1017 2228 τούμόν
1065 2170 1120 2217 et
1153 2161 1274 2216 aliis
1316 2161 1464 2216 locis.
1545 2161 1604 2216 In
1654 2161 1794 2234 qu.
1845 2179 1922 2217 vs,
1963 2165 2071 2219 865

71 2267 167 2323 pro
195 2252 339 2319 κρίνω
377 2253 425 2305 σ’
459 2247 586 2306 ὅσων
624 2247 797 2320 ἕγῷδοο
826 2282 902 2291 -
933 2249 1071 2317 ἄνδρ’
1112 2247 1313 2318 ἄριςον,
1353 2265 1524 2321 quum
1561 2256 1702 2304 esset
1736 2256 1891 2305 vetus
1924 2266 2072 2306 men-

70 2338 199 2395 dum
243 2337 355 2394 ὄσον
389 2355 484 2411 pro
522 2336 649 2393 ὅσων
687 2340 740 2392 in
791 2339 1099 2394 Ravennate
1139 2344 1415 2410 comparet
1449 2335 1562 2392 ὅσον
1600 2343 1657 2403 γ’
1698 2335 1899 2408 ἐγῷδα,
1939 2339 2069 2396 ibid⁴

72 2443 144 2482 vs.
183 2431 323 2483 1021
371 2443 466 2499 pro
499 2428 601 2494 ἐγὼ
641 2430 731 2482 οὐκ
763 2423 859 2482 οἷδ’
891 2425 922 2481 δ’
949 2446 1000 2482 τι
1035 2426 1213 2493 λέγεις
1247 2424 1425 2481 scriba
1465 2424 1716 2481 indoctus
1760 2433 1934 2483 metro
1971 2428 2070 2484 sol-

69 2515 250 2571 licitus
289 2512 453 2581 {ycoy'
494 2518 582 2571 οὐκ
614 2512 733 2571 οἶδα.
774 2514 922 2571 dedit
961 2522 1015 2570 et
1055 2513 1290 2587 perdidit
1329 2515 1527 2570 omnia.
1607 2511 1951 2571 InrNubt‘bus
1991 2534 2064 2571 vs⁴

72 2608 179 2659 344
219 2601 379 2658 αὗται
421 2604 475 2658 δὲ
525 2608 663 2672 ῥῖνας
704 2603 912 2673 ἔχουσιν
961 2603 1196 2660 ostendit
1234 2619 1400 2676 quam
1444 2610 1583 2659 esset
1631 2603 1826 2659 harum
1880 2621 2063 2661 rerum

74 2694 278 2764 peritus
318 2692 620 2769 rescribens
653 2690 813 2747 αὗται
852 2692 906 2747 δέ
939 2712 1024 2758 γε.
1107 2691 1167 2746 In
1210 2691 1368 2746 Pluto
1401 2694 1529 2746 696.

371 2781 393 2834 ὁ
435 2781 487 2834 δὲ
528 2782 634 2842 θεὸς
671 2782 792 2845 ὑμῖν
826 2783 880 2836 οὐ
918 2782 1191 2850 προσῄεινς
1234 2791 1290 2835 Β.
1332 2779 1543 2835 οὐδέπω.

16 2897 22 2906 ·
70 2869 319 2942 opinatus
351 2871 586 2937 προσῄειν
622 2869 831 2940 primae
870 2884 1128 2941 personae
1163 2885 1280 2924 esse
1324 2867 1631 2924 emendavit
1671 2867 1876 2925 scilicet
1917 2891 2064 2938 προσώ

70 2959 162 3021 ἠιει
202 2958 260 3023 γ’
291 2964 344 3012 et
378 2958 591 3029 saepius
640 2955 767 3011 alibi
821 2955 1005 3012 eodem
1042 2956 1198 3012 modo
1239 2957 1473 3030 turpiter
1512 2972 1569 3011 se
1608 2954 1737 3012 dare
1772 2957 1939 3013 solet.=
2003 2958 2063 3012 In

16 3078 21 3123 J
70 3039 335 3117 plerisque
371 3043 520 3099 fraus
559 3061 664 3099 non
713 3044 909 3110 latuit,
958 3051 1015 3101 at
1066 3045 1229 3100 nimis
1275 3045 1446 3100 multa
1484 3050 1720 3110 restant,
1761 3044 1854 3100 ubi
1890 3045 2066 3101 adhuc

0 3144 2 3147 ’
70 3133 287 3207 impune
322 3130 389 3187 ab
424 3133 545 3187 istis
572 3141 654 3187 est
689 3139 969 3205 peccatum
1006 3139 1060 3189 et
1095 3155 1162 3199 γε
1196 3134 1328 3188 vitio
1365 3140 1553 3188 natum
1594 3133 1825 3188 nimium
1861 3135 2062 3206 patien-

71 3228 152 3277 ter
195 3237 262 3276 ne
299 3220 474 3276 dicam
515 3220 680 3275 stulte
717 3219 973 3287 ferimuS,
1011 3230 1064 3278 et
1105 3228 1233 3277 sunt
1267 3222 1360 3294 qui
1399 3220 1671 3276 subtiliter
1710 3222 2063 3295 interpreten-

69 3316 172 3365 tur.
247 3307 358 3364 Non
400 3317 481 3364 est
521 3308 587 3363 ab
623 3308 722 3364 hoc
763 3309 879 3365 loco
911 3310 1148 3365 alienum
1191 3316 1245 3364 et
1277 3308 1568 3365 Menandro
1602 3312 1935 3382 caeterisque
1969 3310 2060 3364 Co-

70 3398 227 3453 micis
261 3412 362 3452 non
396 3396 586 3453 inutile
619 3397 685 3453 de
718 3398 906 3453 multis
943 3398 1073 3454 locis
1106 3398 1283 3453 adhuc
1318 3396 1408 3451 illo
1438 3397 1596 3453 modo
1629 3399 1898 3470 corruptis
1932 3412 2058 3451 non·

14 3551 21 3562 .
68 3485 239 3541 nullos
281 3485 534 3540 indicare.
617 3485 675 3540 ln
715 3485 952 3541 Nubibus
991 3486 1170 3542 editur
1209 3503 1285 3541 vs,
1327 3490 1487 3541 1189.
1955 3487 1960 3490 ’

371 3576 553 3634 ἐκεῖνος
594 3572 675 3629 οὖν
716 3576 807 3637 τὴν
847 3584 1028 3639 κλῆσιν
1069 3576 1140 3636 εἷς
1183 3576 1259 3630 δύ’
1300 3574 1493 3642 ἡμέρας

370 3661 541 3722 ἔθηκεν
581 3662 652 3723 εἴς
685 3681 750 3726 γε
789 3665 879 3723 τὴν
917 3661 1026 3724 ἕνην
1066 3685 1122 3716 τε
1167 3664 1251 3716 καὶ
1295 3664 1428 3715 νέαν.
