2436 4068
969 244 977 251 ’
1037 261 1138 312 117

81 422 197 459 esse
237 403 518 475 scriptum.
599 402 747 458 Idem
789 404 980 458 vitium
1022 407 1078 459 in
1119 405 1322 460 codem.
1367 422 1415 476 p.
1459 407 1547 459 65.
1590 420 1618 458 c
1657 402 1839 459 codice
1893 420 2068 460 corre-

80 500 228 547 ctum
269 498 351 546 est
392 492 447 545 in
496 490 695 546 verbis:
738 493 795 546 τὸ
835 492 989 559 πεζὸν
1030 492 1165 560 γαρ,
1204 492 1401 563 φασὶν,
1440 495 1648 560 ἀχρεῖον
1689 494 1761 552 εἷς
1802 494 1873 545 τοὶ
1916 505 2065 545 πολε-

76 581 210 645 μικοὶ
263 578 565 641 καθέςηκεν.
616 579 706 633 ubi
759 578 1053 633 Vossianus
1103 579 1238 634 liber
1289 588 1436 635 recte
1486 579 1593 647 γαρ
1645 585 1771 649 σφιν
1818 581 2065 647 ἀχρεῖον,

7 654 10 658 ’
77 668 191 739 ipse
231 673 412 721 autem
454 666 696 720 lulianus
747 682 1027 738 perperam
1081 673 1235 735 σφιν,
1281 675 1340 722 ut
1373 667 1500 722 alibi
1538 668 1715 738 σφίσι,
1755 684 1850 739 pro
1890 670 2066 727 αὐτοῖς

75 755 276 826 posuit,
317 752 771 825 quemadmodum
806 754 1005 824 passim
1039 754 1093 806 in
1130 754 1449 809 Graecitatis
1482 758 1737 827 antiquae
1766 755 2068 809 imitatione

76 842 326 914 impingit
362 849 416 895 et
455 840 656 894 labitur
702 849 837 894 cum'
878 840 1192 911 aequalibus
1233 842 1499 897 omuibus.
1581 842 1940 914 Spanhemius
1977 843 2068 896 Co-

74 929 248 984 dicem
290 929 552 1000 optimum
596 926 932 999 negligenter
985 926 1074 981 hic
1123 926 1232 981 illic
1285 929 1516 1000 inspexit
1566 931 1740 1000 magis
1780 946 1942 1001 quam
1984 946 2067 983 ac—

73 1022 261 1073 curate
312 1016 553 1071 excussit
604 1011 999 1086 neque'oculis
1050 1015 1361 1069 exercitatis
1408 1016 1554 1087 legit.
1634 1018 1802 1072 Cuius
1843 1018 1921 1071 rei
1964 1034 2070 1071 uno

73 1103 314 1176 exemplo
351 1110 474 1158 utar
505 1102 573 1157 ad
606 1100 1032 1157 confirmandam
1072 1101 1499 1158 observationem
1541 1104 2068 1176 palaeograpliicam,

73 1209 234 1266 quam
276 1192 329 1244 in
370 1190 549 1262 priore
588 1197 742 1262 parte
785 1189 1037 1244 indicavi.
1118 1190 1245 1261 Pag.
1289 1194 1417 1246 557.
1460 1192 1520 1245 A.
1574 1190 1775 1262 legitur
1814 1189 1837 1246 ὃ
1881 1194 1940 1254 δὴ
1981 1193 2068 1245 καὶ

74 1281 231 1340 αὐτὸς
265 1281 574 1342 συννοήσας,
614 1277 975 1350 Spanhemius
1007 1294 1037 1332 e
1071 1277 1222 1332 VOSS.
1260 1277 1417 1333 affert
1448 1276 1745 1348 ξυνοῄσθαι,
1786 1295 1956 1350 quum
1992 1278 2069 1331 ‹li-

76 1375 217 1424 serte
248 1365 460 1437 legatur
488 1365 792 1431 ξυννοήσας,
827 1365 921 1421 sed
944 1371 1000 1421 ut
1024 1382 1120 1438 pro
1140 1387 1235 1420 -ασ
1264 1365 1694 1438 compendiolum
1726 1365 2070 1421 notissimum

24 1518 42 1530 ‚
74 1456 338 1527 scriptum
372 1454 469 1518 sit,
500 1452 642 1525 quod
669 1453 858 1509 literae
878 1475 913 1508 σ
932 1452 1230 1508 adhaerens
1258 1455 1282 1507 θ
1317 1453 1523 1509 referre
1552 1453 1815 1509 videatur.
1867 1453 2070 1509 Eodem

75 1543 231 1600 modo
253 1560 301 1615 p.
327 1546 454 1597 351.
478 1541 531 1595 B.
560 1540 972 1609 ἐνεργασάμενος
993 1550 1058 1611 τῇ
1080 1548 1234 1611 ψυχῇ
1257 1543 1345 1597 καὶ
1379 1540 1547 1609 ὥσπερ
1581 1543 1880 1603 {vn-umbem
1905 1541 2073 1613 Span-

76 1631 290 1688 hemius
328 1630 620 1696 ἐντυπώσθῃ
655 1629 906 1701 imperite
952 1628 1134 1693 affert,
1187 1646 1356 1702 quum
1410 1631 1710 1691 ἕντυπώσας
1752 1631 1823 1684 sit
1867 1629 2071 1701 liquido

74 1721 355 1792 scriptum.
436 1716 638 1772 Eadem
677 1733 766 1771 res
799 1717 855 1771 in
901 1716 1170 1791 Hesychio
1217 1717 1401 1772 oculos
1439 1717 1675 1773 Schowii
1702 1712 1936 1782 fefellit,
1974 1719 2067 1788 qui

73 1825 242 1881 quum
284 1806 508 1861 unicum
548 1804 881 1860 Marcianum
921 1804 1171 1861 Codicem
1216 1811 1656 1877 perscrutaretur
1692 1801 1757 1863 in⁴
1789 1822 1916 1860 voce
1955 1807 2070 1868 Μή-

73 1897 167 1953 δεα
205 1900 254 1951 τ’
293 1892 509 1963 ἄνδρῶν,
548 1893 814 1948 enotavit:

452 1981 939 2051 μήδεατεξερύσθλα
977 1982 1007 2046 ἢ
1046 1982 1191 2038 κυσὶν
1229 1981 1350 2050 ἅμα
1387 1982 1610 2050 δασουσ,

77 2087 246 2145 quum
285 2070 499 2144 legatur
535 2069 789 2138 εξερύσασ
839 2083 914 2126 λα
954 2071 983 2135 ἢ
1023 2071 1170 2127 κυσὶν
1213 2071 1399 2126 eodem
1440 2071 1597 2127 modo
1651 2073 1855 2144 scripta
1907 2079 2070 2143 atquc

0 2197 1 2205 κ
74 2161 356 2225 γυμνώσας
397 2159 451 2213 in
486 2158 803 2223 Charitone,
843 2157 1121 2223 ξυννοῆσας
1158 2166 1211 2214 et
1245 2160 1545 2222 ἔντυπώσας
1580 2160 1635 2215 in
1673 2159 1899 2215 Iuliano·
1959 2160 2068 2213 Mu·

74 2262 238 2302 surus
276 2263 341 2302 ex
382 2246 472 2301 illo
506 2251 744 2301 stercore
783 2247 927 2301 eruit
966 2246 1278 2304 Homerica:
2021 2245 2027 2250 ’

375 2332 548 2400 μήδεα
585 2335 635 2388 τ’
671 2332 916 2403 ἐξερύσας
954 2334 1051 2405 δῴη
1090 2336 1237 2390 κυσὶν
1277 2336 1395 2402 ὠμοὶ
1436 2335 1713 2391 δαίσασθαι.

71 2422 151 2479 sic
185 2422 276 2477 isti
307 2420 475 2477 libros
511 2429 721 2478 veteres
753 2420 1129 2479 describebant
1163 2422 1388 2479 scilicet.
1453 2416 1736 2479 Schowius
1780 2440 1899 2495 pag.
1940 2427 2068 2479 596.

70 2507 258 2566 haeret
304 2510 359 2566 in
411 2510 683 2583 scriptura
731 2510 968 2567 Codicis:
1021 2510 1082 2566 ὃσ·
1119 2514 1226 2567 ἀπὸ
1278 2513 1464 2581 χθονὸσ
1515 2512 1676 2581 ὑψόοσ
1715 2511 1890 2580 ἔργον,
1931 2515 2071 2582 quae

70 2597 230 2654 verba
265 2598 520 2654 Musurns
561 2599 822 2671 expunxit
873 2616 977 2654 non
1029 2592 1342 2655 recordatus
1382 2600 1601 2655 Homeri
1650 2599 1801 2654 Iliad.
1843 2608 1897 2657 Ξ.
1940 2603 2067 2654 549.

68 2682 124 2749 ὃς
153 2688 261 2742 ἀπὸ
294 2686 481 2755 χθονὸς.
503 2687 661 2755 Mada-⁹
693 2686 884 2757 ἔεργεν.
954 2688 1015 2743 In
1052 2705 1180 2744 voce
1218 2680 1378 2753 ὅπως,
1415 2686 1510 2742 ἱνα
1537 2686 1671 2748 ὅπως
1707 2695 1834 2749 παῖς
1867 2689 2064 2758 ὀφθαλ-

62 2861 271 2924 Ὀτωςτ
323 2861 436 2917 ἵνα.
477 2865 788 2924 Ὀπωπαῖςε
833 2864 1146 2932 ὀφθαλμοῖς.
1238 2864 1411 2932 Quam
1464 2862 1655 2919 vellem
1704 2864 1916 2928 (tritici,
1969 2865 2062 2935 qui

9 2956 16 3013 ὅ
57 2948 262 3008 fluidae
282 2949 604 3023 quisquilias
625 2950 789 3005 nimis
819 2950 1107 3023 diligenter
1134 2951 1436 3023 expoliunt,
1467 2951 1841 3006 inexhaustam
1873 2968 2062 3022 gazam

10 3074 18 3118 p
66 3037 459 3114 Hesychianam
501 3037 687 3094 eadem
726 3054 858 3093 cura
902 3046 1184 3095 ornassent
1223 3046 1277 3095 et
1318 3040 1560 3094 omnium
1599 3040 1722 3094 usui
1763 3055 2059 3094 accommo-

12 3183 13 3186 ,
63 3123 299 3184 lassent.
360 3126 510 3195 Quod
551 3126 747 3182 Iuliani
780 3125 1029 3183 Codicem
1064 3126 1378 3183 Leidensem
1413 3127 1770 3201 archetypum
1800 3126 1910 3180 dixi
1946 3143 2059 3181 esse

12 3203 13 3206 ¹
64 3216 305 3272 omnium
345 3214 807 3287 apographorum,
853 3214 993 3271 unde
1046 3216 1313 3288 Principis
1355 3217 1557 3287 scripta
1605 3214 1783 3270 adhuc
1823 3214 1965 3270 edita
2005 3222 2058 3268 et

65 3310 305 3360 correcta
328 3302 527 3358 suerint
545 3346 558 3367 ,
580 3302 737 3367 aliaS,
754 3303 798 3357 si
821 3302 950 3375 quid
973 3302 1190 3358 dabitur
1208 3304 1330 3367 otii,
1360 3303 1671 3375 planissime
1692 3301 2059 3356 demonstrare

68 3390 124 3448 in
161 3392 340 3446 animo
376 3398 474 3446 est.
553 3390 707 3446 Nunc
748 3391 880 3446 satis
919 3392 1023 3446 erit
1071 3390 1269 3447 dixisse
1322 3390 1543 3446 lacunas
1594 3407 1807 3453 omnes,
1862 3389 2059 3460 quilms

46 3475 263 3536 'Iuliani
315 3477 479 3534 libros
531 3495 676 3535 nunc
730 3478 980 3534 fatiscere
1031 3478 1301 3543 videmuS‚
1353 3479 1478 3535 hinc
1532 3495 1648 3535 csse
1701 3483 1876 3539 naum,
1918 3478 2058 3546 quod

73 3564 366 3639 fugientem
415 3573 468 3620 et
518 3566 796 3622 evanidam
845 3566 1120 3622 Leidensis
1169 3566 1293 3621 libri
1341 3569 1666 3639 scripturam
1720 3562 1968 3633 expedire
2008 3574 2061 3621 et

18 3678 26 3699 π
73 3654 284 3725 assequi
321 3669 422 3708 non
456 3661 676 3727 potuere
707 3655 936 3721 scribae,
979 3654 1071 3727 qui
1102 3655 1402 3728 apographa
1427 3655 1786 3711 confecerunt.
1849 3650 2061 3710 Lacuna

56 2773 195 2843 nc,
249 2774 503 2830 Musurus
544 2776 780 2831 resecuit
840 2783 969 2837 ταῖς
1017 2777 1320 2847 ὀφθαλμός,
1375 2793 1541 2849 quum
1591 2774 1720 2830 dare
1765 2775 2063 2831 debuisset:
2146 2778 2150 2786 “
