2436 4068
1360 220 1467 273 684

436 371 687 435 γνῶναι
739 369 854 427 τοὺς
907 364 1123 426 δικαςοὶς
1182 366 1526 437 perspicuum
1578 370 1660 420 est
1716 370 2045 433 παραγνῶναι
2098 367 2432 438 significare-

437 476 582 512 secus
619 455 904 517 iudicasse,
958 454 1013 506 in
1059 453 1333 506 iudicando
1386 471 1619 518 errasse,
1679 454 1833 508 cuius
1887 471 2019 507 usus
2054 472 2207 509 nemo
2247 458 2429 530 faciles

434 543 579 599 aliud
621 540 923 612 exemplum
965 557 1028 594 ex
1077 540 1430 611 scriptoribus
1470 542 1664 595 Atticis
1710 540 1930 603 afferet,
1983 542 2073 596 sed
2116 531 2436 621 unusquis-§i

434 649 537 703 que
576 630 700 684 talia
740 646 836 700 pro
885 645 941 683 re
989 635 1114 682 nata
1159 629 1260 682 sihi
1301 630 1605 700 componit,
1656 646 1790 699 quae
1832 630 2014 683 statim
2052 630 2117 683 ab
2170 627 2436 704 unoquo-*³⁴²4

432 737 535 790 que
585 725 730 771 recte
773 715 1166 787 intelliguntur.
1247 716 1335 771 Sic
1378 717 1704 771 recentiores
1743 716 1988 771 Graeculi
2029 719 2084 772 in
2123 703 2432 776 Codicibu

431 804 799 861 descrihendis
838 811 1070 858 utuntur
1106 805 1267 858 verbo
1290 803 1692 874 παραγράφειν,
1732 812 1784 859 et
1824 805 2050 859 lectores
2075 806 2128 858 in
2167 798 2434 870 extremus·

429 894 566 948 libro
621 893 831 946 veniam
884 899 1038 962 rogat
1094 891 1350 946 librarius
1389 897 1446 956 ἤν
1492 913 1541 946 τι
1594 894 1617 946 ὅ
1667 894 1887 960 γράφων
1937 894 2296 964 παραγραψῃ,

429 1000 581 1055 quem
604 982 656 1033 in
684 978 951 1032 scribendo
993 998 1220 1034 errorem
1252 981 1581 1034 commiserit.
1661 981 1797 1034 Hinc
1826 982 2070 1051 suspicor
2108 983 2162 1035 in
2202 964 2436 1039 Hellens'

428 1071 495 1125 ΙΙ.
538 1087 611 1124 111.
646 1072 734 1123 56.
775 1070 1232 1135 παρανενομικέναι
1270 1086 1366 1139 pro
1406 1071 1877 1136 παρανενομηκέναι
1915 1069 2245 1140 probandum

429 1160 484 1212 in
524 1157 730 1211 verbis:
772 1159 826 1209 οὐ
867 1157 1040 1221 μέντοι
1093 1156 1338 1224 θαυμάζω
1372 1177 1439 1222 γε
1479 1159 1537 1212 τὸ
1578 1156 1786 1224 Κριτίαν
1824 1159 2310 1225 παρανενομικέναι,
2349 1179 2421 1214 ι

429 1255 510 1303 est
562 1263 705 1300 secus
765 1244 1124 1308 existimasse,
1182 1241 1267 1298 ὅτε
1307 1246 1410 1312 γαρ
1447 1249 1624 1298 ταῦτα
1659 1243 1716 1308 ἦν
1750 1247 1804 1299 οὐ
1861 1247 2029 1314 παρὼν
2090 1231 2433 1315 ἐτύγχανεν(

424 1337 592 1391 Nemo
644 1349 901 1403 umquam
957 1331 1166 1385 dixerat
1214 1333 1544 1401 παρανομίζω
1596 1350 1656 1388 eo
1705 1349 1896 1398 senSU,
1951 1333 2342 1404 quemadmodu
2380 1360 2423 1389 n·

427 1440 584 1478 nemo
624 1423 666 1475 οἱ
707 1419 914 1477 δικαςαὶ
968 1420 1305 1487 παρέγνωσαν
1360 1420 1604 1484 dixerat,
1665 1420 1756 1476 Sed
1797 1421 2045 1476 omnibus
2103 1423 2177 1476 ita
2226 1423 2429 1479 dicer

422 1512 639 1582 linguae
679 1508 922 1578 analogia
964 1507 1324 1578 permittebat.

500 1599 559 1653 In
599 1599 637 1651 1.
671 1615 724 1650 ιι.
758 1601 808 1650 5.
863 1596 1098 1660 καίτοιγε
1138 1597 1460 1651 οὐδεπώποτε
1510 1595 1966 1668 transponendum
2003 1614 2192 1652 censeo
2234 1601 2436 1660 καίτοι

422 1685 746 1743 οὐδεπώποτέ
795 1705 897 1749 γε,
953 1690 1005 1737 et
1066 1683 1249 1738 eodem
1307 1684 1463 1738 modo
1502 1683 1589 1739 lv.
1631 1703 1689 1740 11.
1736 1690 1784 1739 7.
1842 1686 2008 1740 καίτοι
2060 1688 2280 1755 τοσούτῳ
2334 1689 2417 1754 γε’

424 1773 790 1847 reponendum
830 1789 924 1843 pro
963 1771 1128 1826 καίτοι
1179 1793 1245 1837 γε
1286 1773 1525 1842 τοσούτῳ.
1606 1773 1826 1827 Veteres
1867 1773 2050 1828 eodem
2095 1774 2250 1829 modo
2291 1768 2410 1835 καίι

422 1885 497 1919 τοι
522 1883 678 1928 -γε
715 1859 1040 1914 dirimebant
1082 1866 1243 1931 atque
1281 1861 1367 1915 καὶ
1407 1862 1510 1926 μήν
1545 1894 1620 1904 -
1653 1882 1754 1926 γε,
1793 1863 1849 1915 οὐ
1888 1863 1991 1928 μήν
2030 1894 2104 1905 —-
2138 1884 2230 1928 γε,
2273 1865 2433 1920 οὶλλ-ῑ.

424 1951 727 2015 osv—ys,
770 1951 825 2011 νὴ
867 1950 975 2003 Δία
1013 1979 1085 1988 —
1120 1969 1218 2013 γε,
1275 1955 1328 2002 et
1365 1948 1562 2003 similia
1598 1948 1877 2020 quaedam.
1961 1950 2244 2021 Sequiores
2279 1968 2428 2015 conf„

425 2042 650 2110 iungere
690 2037 860 2092 solent
895 2038 1156 2102 καίτοιγε,
1199 2053 1334 2107 quae
1368 2053 1454 2091 res
1498 2038 1843 2108 antiquorum
1881 2041 2244 2093 monumentis
2280 2031 2423 2094 suu-'i

423 2127 546 2182 inde
582 2127 773 2180 vitium
810 2125 1010 2180 attulit.
1091 2126 1253 2179 Recte
1292 2126 1555 2197 scriptum
1593 2132 1672 2180 est
1715 2125 2028 2180 1V.v11.5.
2086 2129 2251 2182 καίτοι
2293 2092 2422 2183 οὐδὲ·ὲ

423 2217 612 2271 τούτων
650 2235 716 2278 γε
759 2221 812 2267 et
848 2213 936 2266 IV.
971 2230 1080 2266 vlu.
1125 2216 1174 2266 2.
1225 2213 1389 2267 καίτοι
1431 2214 1516 2267 τὸν
1553 2213 1828 2280 ἔμπροσθέν
1869 2235 1966 2279 γε,
2008 2223 2060 2270 et
2102 2216 2321 2287 passim.
2382 2218 2403 2270 ι’

500 2304 559 2357 In
601 2303 756 2356 Mem.
793 2301 832 2355 I.
875 2319 930 2356 11.
979 2304 1066 2357 14.
1117 2301 1386 2365 ἐγενέσθην
1417 2332 1488 2341 —
1519 2303 1586 2355 τὼ
1626 2299 1771 2369 ανδρε
1812 2301 1974 2356 τούτω
2006 2330 2076 2342 -*
2097 2288 2424 2372 ,ᾔδεσαν-Ι

422 2423 496 2432 —-
518 2390 829 2458 προείρησθον
856 2422 923 2431 -—
945 2390 1286 2455 ὁμιλησαίτην
1307 2420 1376 2432 ——
1402 2389 1668 2453 ἐγενέσθην
1700 2419 1762 2429 ·-
1786 2388 2082 2457 ἐπραξατην
2106 2424 2176 2432 -
2213 2393 2392 2460 ἑπρατ·

422 2477 996 2544 πέτην-ὠρεχθήτην.
1079 2475 1312 2531 offendit
1350 2475 1572 2554 pluralis
1615 2478 1800 2545 ηδεσαν
1841 2477 1896 2530 in
1938 2477 2028 2531 illa
2072 2477 2226 2550 longa
2270 2471 2423 2572 duat}

422 2568 558 2622 lium
615 2567 782 2631 serie,
843 2582 940 2619 nec
991 2565 1176 2619 dubito
1217 2565 1345 2636 quin
1389 2565 1680 2636 Xenophon
1741 2567 1864 2635 ηςην
1933 2566 2241 2638 scripserit,
2308 2585 2418 2634 se

424 2655 630 2711 scribae
669 2653 857 2707 formis
899 2654 1056 2722 η’ςην,
1099 2674 1296 2720 ησμεν,
1337 2674 1427 2720 ηςε
1475 2659 1527 2707 ct
1571 2675 1701 2721 ησαν
1740 2653 1980 2709 indixere
2020 2654 2248 2719 bellum,
2289 2673 2348 2710 ea
2397 2637 2420 2743 {s

421 2761 526 2815 que
589 2743 786 2814 passim
843 2740 1199 2794 obliterarunt
1260 2747 1318 2794 ut
1375 2741 1463 2793 vix
1524 2743 1860 2796 emerserint.
1955 2743 2211 2815 Exempla
2270 2719 2425 2799 alial

422 2831 701 2902 complura
751 2829 1069 2893 attulimus,
1130 2827 1324 2899 quibus
1378 2846 1548 2884 unum
1606 2828 1739 2883 addo
1794 2830 2168 2885 Demosthenis
2224 2832 2342 2887 locu
2409 2810 2435 2897 ἶ

425 2921 481 2973 in
524 2918 669 2973 Orat.
707 2918 889 2972 XLIX.
931 2920 1018 2970 46.
1074 2916 1269 2978 πάντες
1324 2918 1429 2985 γαρ
1486 2917 1585 2975 ἴςε
1635 2922 1720 2971 τὸν
1771 2917 1974 2985 πατέρα
2026 2922 2111 2974 τὸν
2171 2921 2292 2986 ἐμὸν
2343 2940 2364 2973 0
2434 2957 2436 2988 ᾗ

421 3014 519 3063 τῶν
561 3006 810 3072 δημοσίων
864 3006 1049 3065 ἀδίκως
1105 3006 1489 3070 ἐπιθυμοῦντα,
1544 3006 1809 3059 sententia
1863 3005 2060 3061 clamat
2121 2996 2436 3067 Oratores-⁴

422 3096 652 3150 dixisse:
694 3112 814 3146 ozam
856 3093 1093 3146 sciebatis
1131 3111 1342 3157 omnes,
1384 3095 1565 3164 itaque
1620 3093 1815 3154 παντες
1864 3095 1968 3162 γαρ
2022 3094 2133 3163 ᾖςε
2186 3113 2215 3149 a
2269 3095 2372 3150 Bek
2415 3086 2431 3142 ’ἦ

421 3186 551 3239 kero
581 3182 828 3236 lubenter
857 3181 1169 3250 accipimus,
1251 3181 1445 3235 Contra
1478 3181 1649 3236 forma
1690 3183 1812 3249 ᾕςην
1854 3183 2020 3236 invito
2052 3183 2433 3255 Aristophane*

419 3271 731 3326 obtruditur
768 3269 820 3321 in
860 3266 1061 3321 Avibus
1116 3285 1193 3323 vs.
1234 3273 1319 3322 19.
2388 3251 2419 3289 ’“““

645 3360 712 3412 τὼ
754 3358 797 3410 δ’
838 3358 925 3409 οὐκ
965 3354 1043 3422 αρ’
1086 3357 1232 3424 η’ςην
1273 3358 1409 3410 οὐδὲν
1447 3355 1580 3410 αλλο
1621 3358 1755 3419 πλην
1795 3357 2032 3421 δακνειν,

402 3448 512 3502 ubi
554 3447 677 3509 ηςην
733 3461 921 3498 verum
973 3450 1089 3509 est,
1137 3444 1301 3498 Attici
1345 3445 1488 3498 enim
1536 3445 1592 3497 in
1644 3443 1731 3496 illa
1772 3444 2040 3501 locutione
2080 3469 2240 3511 ειναι,
2290 3461 2387 3501 non

417 3535 636 3597 ειδέναι,
677 3538 960 3604 usurpant.
1042 3531 1264 3604 Amphis
1303 3532 1445 3605 apud
1486 3532 1635 3602 Diog.
1678 3532 1853 3589 Laert.
1891 3535 1980 3589 111.
2027 3538 2152 3610 23&
