2436 4068
1285 206 1390 255 528

367 351 565 405 formas
605 351 817 421 appicta
863 351 1020 417 διπλῇ
1069 352 1369 414 σημειοῦται
1412 354 1463 401 et
1509 348 1717 418 vulgari
1764 348 1932 403 forma
1972 349 2210 421 apposita
2258 351 2335 403 in-

368 445 729 511 terpretatur,
769 436 935 491 veluti
977 445 1039 490 Θ.
1077 440 1203 489 517.
1246 434 1774 500 azyysmo'vwv:
1831 439 1858 499 ἧ
1898 438 2054 500 διπλῆ
2095 435 2169 492 ότι
2219 439 2334 491 ἀντὶ

366 532 458 581 τοῦ
500 524 1077 591 αγγελλέτωσαν,
1118 530 1172 576 et
1209 532 1271 576 Θ.
1299 527 1422 576 521.
1465 522 1818 577 καιόντων;
1861 527 1889 587 ἦ
1925 526 2080 588 διπλῆ
2117 523 2333 579 ὅτιοέντὶ

368 619 459 668 τοῦ
496 613 876 667 καιέτωσαν
898 653 910 672 ,
961 619 1015 664 et
1051 611 1248 682 passim
1273 653 1286 674 ,
1328 627 1463 681 quae
1503 609 1654 663 nobis
1690 627 1857 681 paene
1897 612 2123 682 puerilia
2157 612 2338 666 viden-

370 708 478 756 tur.
559 698 753 753 Sedulo
792 697 978 753 eadem
1032 699 1280 768 magistri
1319 698 1533 768 linguae
1568 697 1820 768 antiquae
1865 706 2150 754 annotant:
2207 699 2340 754 Moe-

371 789 450 842 ris
490 805 537 858 p.
579 792 681 840 15:
724 785 1088 850 Ἀγόντων,
1127 786 1403 856 ᾀδόντων
1450 786 1718 844 Ἀττικῶς.
1759 786 2157 850 ἀγέτωσαν,
2202 787 2340 857 ᾀδέ·

371 895 574 929 τωσαν
626 875 970 936 Ἑλληνικῶς,
1023 872 1116 927 sed
1169 875 1346 928 caveri
1387 891 1490 927 non
1531 874 1704 944 potuit
1753 874 1884 944 quin
1932 874 2142 945 saepius
2194 875 2342 927 novi-

370 963 486 1017 ciae
522 959 724 1015 formae
759 962 819 1014 ἐκ
853 968 947 1024 τῆς
989 963 1250 1023 συνηθείας
1300 964 1356 1015 in
1398 968 1579 1016 vetera
1620 968 1965 1015 monumenta
2006 961 2343 1016 insinuarent

373 1066 507 1105 sese.
588 1049 719 1116 Quis
773 1049 958 1103 credat
1007 1048 1375 1123 Thucydidem
1413 1049 1639 1103 caeteris
1688 1048 1935 1102 omnibus
1984 1047 2117 1102 locis
2168 1049 2347 1102 Attica

377 1137 546 1192 forma
587 1145 734 1192 recte
773 1154 933 1192 usum
974 1138 1137 1193 semel
1170 1138 1209 1192 1.
1253 1142 1340 1192 54.
1383 1137 1619 1210 potuisse
1658 1136 1918 1190 scribere:
1973 1137 2344 1202 μαθέτωσαν

375 1229 440 1287 ὡς
482 1228 634 1279 ποῖσα
670 1225 884 1280 οὲποικία
924 1222 979 1280 εὖ
1021 1225 1305 1294 πάσχουσα
1343 1232 1476 1296 τιμᾷ
1514 1226 1607 1287 τὴν
1647 1223 1997 1291 μητρόπολινῖ
2051 1224 2243 1287 Nem0‚
2285 1230 2345 1277 ut

377 1314 601 1385 opinor,
642 1316 735 1384 qui
775 1312 994 1384 quidem
1034 1313 1089 1367 in
1129 1313 1430 1366 Atticorum
1473 1313 1688 1382 scriptis
1732 1311 1826 1365 diu
1868 1318 1921 1366 et
1962 1311 2194 1365 multum
2233 1309 2347 1364 fue-

376 1403 452 1456 rit
482 1408 762 1465 versatu8,
803 1400 895 1455 sed
930 1401 1192 1467 μαθόντων
1240 1399 1367 1453 olim
1414 1398 1579 1454 fuisse
1615 1401 1877 1471 scriptum
1918 1398 2180 1469 intelliget
2205 1441 2217 1462 ,
2260 1397 2346 1452 de-

375 1488 501 1544 inde
540 1490 1081 1559 interpretamentum
1120 1488 1318 1543 veteris
1357 1487 1601 1542 lectionis
1641 1488 1821 1542 sedem
1861 1503 2163 1558 occupasse.
2243 1487 2347 1541 An·

379 1577 683 1648 tiquissima
737 1575 1039 1647 scripturae
1086 1575 1252 1639 vitia,
1305 1577 1600 1646 pervetusti
1641 1575 1938 1630 scribarum
1975 1591 2183 1628 errores
2218 1591 2351 1628 non—

379 1681 677 1736 numquam
726 1664 900 1735 ipsam
939 1663 1244 1717 Atticorum
1298 1680 1520 1717 manum
1567 1663 1632 1718 ad
1680 1681 1775 1718 nos
1823 1679 1988 1735 prope
2041 1661 2351 1716 inviolatam

383 1753 834 1808 transmiserunt:
890 1752 942 1804 in
985 1766 1090 1821 quo
1130 1767 1324 1821 genere
1365 1750 1499 1804 nihil
1538 1758 1618 1805 est
1657 1750 1984 1806 luculentius
2034 1766 2195 1821 quam
2245 1748 2351 1820 pal-

382 1842 555 1897 maria
574 1839 946 1894 Valckenaerii
974 1837 1276 1892 emendatio
1314 1840 1367 1892 in
1393 1838 1706 1911 Thucydide
1740 1838 1800 1891 V.
1828 1842 1913 1893 79.
1955 1838 2043 1892 ταὶ
2076 1836 2240 1892 ἄλλαι
2264 1838 2352 1892 πό-

381 1943 490 1991 λιες
529 1926 984 1983 κοινανεόντων
1023 1930 1121 1980 τᾶν
1151 1927 1372 1982 σπονδαν
1411 1943 1508 1999 pro
1542 1925 1775 1980 absurda
1809 1925 2069 1980 librorum
2112 1926 2353 1981 omnium

384 2018 655 2088 scriptura
710 2018 879 2069 κοινέιν
933 2014 1129 2069 ἐόντων.
1212 2013 1398 2069 Simile
1459 2013 1719 2069 indicium
1778 2029 1935 2068 verae
1980 2013 2224 2068 lectionis
2273 2020 2354 2067 est

384 2106 440 2159 in
482 2103 847 2176 Xenophontis
888 2102 1115 2157 Hierone
1142 2102 1280 2157 VIII.
1325 2107 1374 2156 5.
1432 2102 1523 2156 ubi
1562 2101 1924 2173 deprehendes
1959 2103 2042 2156 ἐπ’
2078 2103 2353 2171 αὐτοφώρῳ

383 2192 671 2248 Graeculos
707 2191 985 2262 antiquam
1026 2190 1332 2261 imperativi
1370 2189 1597 2244 sormam
1632 2189 1980 2244 obscurantes
2020 2197 2076 2244 et
2117 2207 2358 2261 pessum-

387 2280 593 2335 dantes.
673 2278 869 2333 Editur
907 2278 1286 2333 ἐπαινεσάντων
1336 2277 1739 2346 ἀμφοτέρων
1777 2278 1863 2332 τὸν
1903 2276 2089 2341 αὐτόν,
2134 2294 2197 2331 ex
2230 2279 2356 2331 vici-

387 2369 473 2423 nis
514 2366 669 2421 facile
707 2365 924 2437 colliges
971 2365 1372 2421 rescribendum
1414 2382 1530 2421 esse
1575 2366 1951 2421 ἐπαινεσάντων
2004 2365 2354 2434 ἀμφότεροι

384 2459 472 2512 τὸν
525 2455 717 2519 αὐτόν,
770 2453 961 2509 deinde
1002 2453 1227 2509 emenda
1280 2453 1697 2522 θεραπευσοίντων
1738 2461 1791 2508 et
1839 2454 2019 2508 δόντων
2074 2470 2171 2525 pro
2217 2455 2358 2522 θερα·

388 2543 734 2600 πευσοὲτωσαν
773 2548 824 2596 et
867 2541 1110 2596 δότωσαν.
1189 2542 1305 2597 1)υο
1335 2542 1575 2614 exempla
1608 2543 1902 2613 insigniora
1942 2542 2183 2596 eiusdem
2217 2541 2358 2596 frau-

386 2633 471 2688 dis
505 2636 718 2686 exstant
754 2629 891 2701 apud
928 2627 1302 2684 Onosandrum
1331 2647 1444 2702 cap.
1467 2630 1559 2686 IV.
1603 2647 1654 2700 p.
1678 2635 1766 2685 50.
1810 2631 1898 2685 ubi
1930 2632 1985 2685 in
2019 2629 2267 2684 omnibus
2299 2630 2359 2684 li-

388 2720 501 2774 bris
541 2725 623 2773 est
656 2717 775 2786 όρθοὶ
814 2720 857 2772 δ’
892 2719 1074 2777 ἑςῶτες
1109 2724 1206 2772 τῶν
1238 2717 1643 2787 φυλασσόντων,
1683 2718 1774 2774 Sed
1813 2720 2114 2774 rectissime
2148 2718 2359 2773 Schwe-

386 2807 487 2863 hel.
529 2812 626 2861 τῶν
666 2805 925 2878 expunxit
962 2811 1016 2859 et
1050 2806 1431 2877 imperativum
1474 2806 1847 2875 φυλασσόντων
1882 2807 2068 2862 multis
2106 2806 2361 2878 exemplis

388 2896 639 2950 munivit.
721 2895 844 2948 Post
895 2910 1067 2966 pauca
1103 2893 1228 2947 libri
1268 2893 1518 2949 exhibent
1562 2896 1649 2949 καὶ
1694 2895 1843 2949 όντων
1883 2897 1934 2949 δὲ
1969 2900 2066 2949 τῶν
2110 2893 2359 2963 φυλάκων

387 2983 557 3051 πυροὶ,
610 2999 752 3036 unus
804 2981 891 3036 καὶ
931 2981 1083 3036 όντων
1116 2983 1170 3036 δὲ
1203 2985 1246 3036 οἱ
1298 2982 1538 3051 φύλακες
1582 2982 1755 3051 πυροὶ,
1812 2984 2012 3054 optime
2063 2981 2355 3037 Schwebel.

390 3071 727 3127 emendavit:
769 3070 1012 3124 καιόντων
1049 3071 1100 3124 δὲ
1146 3073 1189 3124 οἱ
1228 3071 1470 3138 φύλακες
1510 3070 1664 3138 πυροὶ.

468 3157 642 3213 Redeo
693 3156 759 3211 ad
809 3156 1172 3228 Xenophontis
1214 3157 1390 3212 locum
1444 3158 1671 3212 eundem
1706 3158 1744 3211 Ι.
1787 3174 1873 3210 v11.
1917 3161 2004 3210 25.
2063 3157 2154 3211 ubi
2195 3158 2360 3211 corri-

390 3246 626 3319 gendum
681 3251 760 3299 est
813 3244 1027 3313 ὁποτέρῳ
1084 3245 1333 3309 βούλεσθε
1387 3252 1508 3300 τῶν
1555 3246 1765 3311 νόμων
1809 3262 1903 3316 pro
1949 3247 2019 3313 τῷ
2071 3245 2238 3313 νόμῳ,
2294 3262 2358 3299 ne

389 3335 594 3389 soloeca
627 3335 697 3388 sit
737 3335 906 3386 oratio
942 3338 995 3386 et
1031 3332 1251 3387 Latinae
1293 3350 1452 3405 quam
1490 3333 1719 3387 Graecae
1757 3332 1998 3387 similior.

466 3423 743 3477 Delitescit
782 3420 958 3474 Attica
997 3418 1167 3474 forma
1207 3422 1338 3475 satis
1377 3427 1495 3475 tuto
1536 3419 1626 3473 sed
1668 3420 1829 3473 nimis
1869 3419 1962 3474 diu
1999 3421 2063 3474 II.
2105 3439 2158 3474 11.
2203 3426 2254 3475 5.
2306 3421 2358 3473 in

391 3516 642 3581 corrupta
679 3509 904 3564 lectione
959 3507 1159 3571 ἱςιέασ,
1220 3508 1359 3579 quod
1412 3524 1515 3562 non
1557 3507 1611 3560 in
1652 3508 1891 3568 Ἱςιαιὲας
1933 3508 2108 3562 suerat
2149 3514 2358 3561 mutan·

389 3596 517 3652 dum
557 3596 647 3652 sed
689 3598 741 3651 in
778 3599 1024 3660 Ἱςιαιοῖς,
1067 3603 1127 3649 ut
1170 3595 1340 3650 solent
1389 3595 1584 3658 Attici,
1628 3594 1690 3650 de
1727 3613 1829 3667 qua
1866 3613 1922 3651 re
1964 3613 2106 3650 nunc
2143 3595 2357 3666 quidem
