2436 4068
1044 247 1112 297 29

384 394 470 447 καὶ
513 393 586 456 μὴ
624 390 875 458 λαθραίαν
910 390 1103 458 Κύπριν
1143 390 1392 458 αἱσχίςην
1427 390 1566 445 νόσον

88 536 97 548 ἑ
383 486 562 534 πασῶν
603 481 819 542 διώκειν,
860 476 1037 545 ῦβρεος
1078 482 1132 533 οὐ
1173 477 1324 533 πόθου
1363 477 1556 547 χάριν.

82 573 220 627 νόσον
274 570 467 624 merito
519 567 782 622 Meinekio
829 564 1033 636 placuit
1078 582 1173 636 pro
1223 566 1404 623 νόσων;
1460 571 1587 622 sunt
1638 566 1769 621 haec
1821 585 2074 639 magnam

80 666 289 732 partem
343 674 408 711 ex
454 653 712 725 Euripide
763 653 1018 730 conflata,
1073 654 1162 706 cui
1217 656 1467 722 αἷσχίςην
1527 654 1666 709 νόσον
1720 655 1953 726 sublegit
2008 675 2073 712 ex

79 746 267 811 Oreste
305 762 382 798 vs,
427 748 512 798 10.
566 741 701 795 Male
741 740 808 794 ad
846 738 1158 794 Comoediae
1198 742 1454 813 reliquias
1489 741 1730 798 referunt
1767 746 2073 809 senarium,
2138 761 2140 765 ’

81 851 186 906 quo
221 833 305 888 bis
338 832 522 886 Cicero
567 830 743 884 utitur
776 828 843 883 ad
878 828 1122 882 Atticum
1161 829 1402 884 scribens
1438 831 1556 887 XV.
1602 834 1688 885 11.
1729 831 1866 886 XVI.
1911 836 1948 886 6

386 923 414 983 ἦ
455 918 587 985 δεῦρ’
628 917 736 978 ὁδός
776 937 851 971 σοι
892 917 947 971 τί
984 916 1234 980 δύναται,
1275 917 1547 985 θεοπρόπες

0 1069 7 1080 ,
82 1011 286 1066 inserto
320 1013 405 1070 νῦν
441 1012 567 1062 ante
599 1004 862 1073 θεοπρόπε.
942 1003 1095 1059 Color
1137 1004 1397 1059 orationis
1436 1011 1489 1059 et
1533 1008 1747 1061 numeri
1784 1025 1812 1063 e
1851 1010 2076 1080 Tragoe-

83 1098 173 1153 dia
210 1104 453 1153 sumtum
495 1099 750 1165 arguunt.
830 1092 892 1146 In
933 1090 1211 1164 Hermippi
1252 1091 1367 1148 loco
1407 1094 1463 1147 in
1503 1093 1666 1149 Bekk.
1709 1096 1907 1151 Anecd.
1946 1098 1984 1151 Ι.
2026 1115 2074 1170 p.

0 1219 18 1247 .·
85 1189 221 1250 404,
262 1188 354 1240 28.

385 1273 609 1333 λεπτοὺς
650 1270 996 1345 διαψαίρουσα
1029 1269 1261 1342 πέπλους
1301 1269 1488 1334 ἀνθέων
1527 1269 1822 1336 γέμοντας,

84 1353 382 1418 Meinekius
420 1361 652 1421 πέπλους
687 1365 741 1414 et
774 1358 999 1419 λεπτούς
1038 1357 1435 1430 transponenda
1472 1358 1814 1429 suspicatur,
1855 1360 1947 1415 sed
1971 1381 2079 1414 πα-

85 1449 432 1519 ρατραγῳδεῖν
480 1454 694 1520 poetam
746 1447 877 1501 satis
918 1453 1154 1517 apparet.
1232 1445 1430 1500 Contra
1469 1445 1755 1501 manifesto
1792 1447 2080 1503 mendosus

86 1544 170 1594 est
206 1536 525 1609 Philippidis
565 1535 714 1590 locus
751 1534 893 1606 apud
929 1534 1068 1588 Plut.
1110 1537 1165 1587 in
1208 1535 1443 1589 Demetr.
1486 1552 1600 1607 cap.
1651 1538 1734 1588 12.

389 1626 452 1679 δι’
493 1622 544 1678 ὃν
586 1623 885 1678 ἀπέκαυσεν
926 1625 954 1686 ἦ
996 1621 1180 1690 πάχνη
1217 1622 1316 1685 τάς
1358 1623 1663 1690 ἀμπέλους,

387 1714 450 1767 δι’
491 1709 542 1766 ἓν
582 1712 854 1777 ἀσεβοῦνθ’
895 1712 918 1764 o‘
960 1710 1161 1772 πέπλος
1204 1713 1394 1780 ε’ρράγη
1436 1712 1624 1778 μέσος,

388 1801 488 1862 τοὶς
525 1807 623 1855 τῶν
662 1801 780 1854 θεῶν
815 1800 978 1864 τιμάς
1018 1802 1240 1854 ποιοῦντ’
1277 1800 1594 1868 ἀνθρωπίνοις
1619 1840 1631 1853 .

88 1891 421 1963 ineleganter
459 1889 756 1945 Meinekius
792 1887 854 1940 δι’
893 1884 944 1940 ὃν
983 1888 1285 1952 ἀσεβοῦντα
1319 1889 1365 1942 δ’
1399 1890 1422 1942 o‘
1459 1889 1660 1949 πέπλος
1702 1891 1811 1943 κτὲ.
1876 1889 2080 1945 Vitium

87 1987 169 2035 est
208 1982 262 2033 in
300 1978 489 2046 ἐρράγη
530 1977 717 2043 μέσος,
756 1973 897 2045 quod
946 1975 992 2028 si
1040 1976 1338 2030 correxeris
1390 1975 1577 2043 eadem
1631 1993 1790 2047 opera
1847 1985 2083 2034 metrum

90 2067 362 2123 fulcietur.
444 2062 799 2120 Scribendum
840 2063 1009 2117 enim:
1051 2064 1114 2117 δι’
1149 2060 1200 2116 ὃν
1235 2064 1509 2129 ἀσεβοῦνθ’
1544 2068 1565 2120 o‘
1603 2064 1803 2127 πέπλος
1840 2066 2081 2134 διερράγη

88 2156 278 2222 μέσος,
318 2153 459 2225 quod
500 2152 721 2207 verbum
764 2152 819 2203 in
864 2149 955 2203 tali
993 2166 1051 2204 re
1095 2152 1463 2205 necessarium
1505 2158 1602 2206 est.
1683 2153 1743 2206 In
1786 2152 2086 2225 fragmento

86 2241 462 2315 Aristophanis
494 2239 637 2312 apud
675 2237 925 2294 Eustath.
968 2255 1088 2310 pag.
1136 2242 1308 2293 1419.
1354 2243 1444 2293 52.

390 2328 528 2383 ἄκων
568 2333 724 2382 κτενῶ
765 2347 853 2391 σε,
894 2326 1104 2391 τέκνον,
1145 2327 1167 2379 ὅ
1209 2327 1254 2380 δ’
1294 2328 1640 2396 ἀπεκρίνατο·

395 2418 480 2471 ἐπὶ
521 2415 806 2483 Παλλαδίῳ
846 2410 980 2482 τᾶρ’,
1020 2412 1055 2468 ὦ
1095 2413 1293 2483 πάτερ,
1333 2416 1507 2478 δώσεις
1548 2417 1706 2480 δίκην.

91 2505 297 2563 fallitur
333 2506 622 2577 Bergkiu8‚
663 2505 757 2575 qui
795 2506 865 2568 σ’,
906 2501 941 2558 ὦ
981 2502 1186 2568 τέκνον,
1228 2509 1250 2562 0‘
1285 2504 1330 2557 δ’
1370 2501 1453 2558 οὖν
1497 2506 1800 2574 ἀπεκρίνετο
1837 2507 2085 2574 refinxit,

91 2593 280 2657 credo,
320 2611 387 2649 ne
423 2593 597 2648 τέκνον
639 2593 873 2663 priorem
910 2592 1257 2663 produceret,
1301 2608 1534 2664 namque
1567 2594 1915 2663 παρῳδοῦντος
1957 2596 2089 2652 haec

92 2681 255 2738 verba
298 2698 413 2737 esse
447 2689 501 2736 et
541 2699 570 2736 e
609 2681 838 2751 Tragico
891 2687 1071 2735 sumta
1111 2686 1259 2735 certo
1307 2679 1506 2735 indicio
1559 2687 1640 2735 est
1690 2680 1860 2738 forma
1899 2691 2088 2750 κτενῶ,

93 2786 201 2844 qua
252 2767 520 2825 nemo‘de
564 2768 757 2840 populo
804 2768 1086 2832 utebatur,
1139 2770 1405 2823 ἀποκτενῶ
1455 2768 1704 2825 dicebant
1754 2787 1970 2836 omneS‚
2027 2779 2088 2828 ut

93 2865 403 2915 constanter
441 2858 773 2921 ἀποθνήσκω,
825 2857 1215 2922 ἀποθανοῦμαι,
1254 2857 1530 2911 ἀποθανεῖν
1571 2857 1800 2931 populus
1839 2859 2084 2924 dicebat,

92 2945 404 3019 relinquens
436 2947 629 3010 θνήσκω
663 2946 993 3010 κατθνήσκω,
1033 2946 1283 3009 θανοῦμαι
1326 2946 1710 3012 κατθανοῦμαι,
1755 2947 1921 3002 θανεῖν
1961 2970 2088 3004 κατ-

95 3035 261 3091 θανεῖν
312 3034 587 3104 Tragicis‚
650 3033 743 3103 qui
784 3031 1067 3104 populares
1119 3031 1238 3086 illas
1278 3030 1477 3088 formas
1525 3052 1811 3106 numquam
1864 3052 2086 3108 usurpa-

94 3121 255 3179 bant:
296 3128 352 3176 at
379 3138 566 3176 omnes
598 3121 801 3193 pariter
830 3119 1078 3174 dicebant
1109 3119 1355 3185 τέθνηκα,
1385 3121 1650 3187 τεθνάναι,
1680 3124 1918 3189 τεθνεώς,
1953 3142 2090 3196 quae

97 3209 269 3267 forma
308 3227 592 3282 numquam
628 3208 1013 3281 componitur,
1059 3214 1128 3263 ut
1171 3225 1274 3262 non
1323 3208 1601 3265 Plutarchi
1648 3209 1741 3265 sed
1788 3211 2088 3267 scribarum

98 3315 280 3356 errore
313 3305 499 3353 natum
542 3314 658 3352 esse
698 3303 913 3368 putem,
954 3294 1095 3367 quod
1135 3295 1335 3367 legitur
1373 3298 1431 3352 in
1472 3299 1582 3353 vita
1622 3298 1846 3354 Periclis
1880 3316 1993 3371 cap.
2040 3304 2087 3354 7.

100 3388 214 3444 ἐπεὶ
255 3388 298 3442 δ’
339 3387 620 3456 ’Λριςείδης
659 3387 756 3452 μὲν
807 3385 1142 3447 ἀπετεθνήκει
1192 3385 1279 3439 καὶ
1336 3373 1664 3452 Θεμιςοκλῆς
1717 3386 2091 3453 ἐξεπεπτώκει,

100 3482 158 3531 et
196 3473 600 3531 rescribendum
651 3474 931 3538 ἐτεθνήκει,
985 3472 1438 3543 quemadmodum
1479 3481 1533 3529 et
1571 3475 1770 3530 caeteri
1810 3490 1994 3529 omnes
2041 3482 2095 3531 et

105 3562 428 3619 Plutarchus
465 3568 774 3618 constanter
807 3560 1069 3615 scribunt.
1131 3559 1515 3635 Aristophanes
1555 3563 1723 3633 igitur
1757 3560 1918 3616 verba
1956 3561 2096 3619 ἄκων

106 3657 263 3706 κτενῶ
298 3672 387 3715 σε,
425 3651 597 3707 τέκνον
632 3668 695 3707 ex
729 3649 908 3722 aliqua
941 3647 1237 3724 Tragoedia
1271 3650 1452 3706 iocans
1489 3649 1708 3714 sumsit,
1750 3654 1812 3704 ut
1845 3658 2096 3708 sexcenta
