2436 4068
1035 206 1137 255 :365

94 354 319 425 quisque
371 348 638 420 colligite:
698 349 943 421 equidem
998 366 1141 403 nunc
1197 350 1374 422 potius
1432 350 1815 406 Graeculorum
1865 355 1919 406 in
1974 354 2070 408 hoc

92 456 286 514 genere
332 438 599 491 incuriam
654 445 707 492 et
754 439 1000 493 vitiosam
1049 440 1314 502 συνήθειαν
1355 438 1591 494 breviter
1640 456 1866 510 arguere
1900 441 2073 505 malo,

92 545 196 583 non
240 533 299 580 ut
340 527 453 597 ipse
502 525 648 580 hunc
694 526 900 589 locum,
949 527 1042 597 qui
1090 526 1350 583 latissime
1389 534 1571 600 patet,
1625 527 1938 583 exhauriam
1979 530 2071 584 scd

92 624 152 671 ut
191 630 477 686 generosae
513 614 807 668 iuventutis
840 614 1019 668 studia
1055 615 1361 670 accendam.
1422 615 1882 684 Quemadmodum
1925 618 2071 671 enim
2150 671 2152 673 ,

7 766 10 770 ,
90 705 310 759 Veteres
348 703 403 756 in
445 701 528 755 his
582 700 741 756 rebus
788 708 916 756 sunt
957 702 1334 770 ἀπαράπτωτοι
1374 711 1427 758 et
1469 721 1765 776 numquam
1801 704 2072 776 negligen-

7 822 11 826 ·
91 801 172 848 ιω
209 797 371 853 sunt,
411 805 706 861 numquam
746 788 1038 854 labuntur,
1079 791 1156 844 sic
1203 792 1477 862 sequiores
1521 809 1707 847 omnes
1759 794 2070 864 saepissime

88 882 141 935 in
179 880 247 933 iis
286 884 470 933 errant
510 884 563 931 et
596 878 906 950 impingunt
941 885 995 934 et
1030 878 1169 933 male
1202 879 1431 933 miscent
1468 882 1676 945 omnia,
1717 898 1873 953 saepe
1912 888 2071 936 ποιεῖν

0 990 26 1018 μ
86 974 342 1040 ponentes
376 982 472 1038 pro
510 968 790 1030 ποιεῖσθαι,
831 982 1236 1038 nonnumquam
1290 966 1383 1020 ubi
1421 976 1581 1022 ποιεῖν
1624 970 1925 1039 requiritur
1964 991 2071 1025 ποι-

85 1058 248 1111 εῒσθαι
282 1061 641 1126 usurpanteS,
681 1070 838 1126 saepe
876 1055 1114 1127 priscum
1160 1071 1318 1109 usum
1373 1055 1614 1110 Ionicum
1656 1056 1804 1110 verbi
1843 1059 2068 1114 τίθεσθαι

24 1187 31 1202 ,
86 1146 264 1216 inepte
302 1149 669 1214 recoquenteS.
749 1142 1073 1198 Plutarchus
1114 1143 1165 1197 in
1218 1144 1380 1198 Arato
1429 1143 1769 1214 cap.›XXVI.
1830 1163 1934 1199 non
1974 1147 2069 1202 du-

7 1221 35 1306 'j‘
87 1232 278 1287 bitavit
325 1231 559 1286 scribere
605 1229 767 1294 ἔξοδον
806 1232 1011 1298 θέμενος
1056 1249 1151 1304 pro
1202 1231 1546 1298 ποιησάμενος
1599 1231 1654 1286 id
1702 1240 1785 1287 est
1823 1233 2069 1299 ἐξελθών,

0 1309 26 1365 ἶ
85 1328 139 1376 et
177 1337 294 1392 cap.
337 1319 622 1374 XXXVIII.
664 1318 851 1388 μάχην
889 1319 1057 1384 ἔθετο,
1097 1327 1151 1374 et
1191 1321 1268 1378 sic
1309 1337 1466 1392 saepe
1500 1320 1627 1375 alibi
1662 1322 1831 1377 θέσθαι
1873 1323 1927 1376 in
1969 1323 2069 1378 hac

6 1403 28 1463 :⁹
84 1408 383 1483 periphrasi
440 1415 665 1480 usurpat
713 1425 808 1480 pro
859 1410 1203 1472 ποιήσασθαι,
1264 1416 1326 1462 ut
1372 1410 1426 1462 in
1474 1410 1706 1464 Antonio
1764 1427 1879 1483 cap.
1913 1412 2069 1467 XLV.

82 1500 269 1566 τροπὴν
319 1497 484 1553 ἔθεντο
536 1497 754 1569 scripsit
806 1513 902 1567 pro
949 1498 1252 1562 ἐποιήσαντο
1287 1497 1342 1551 id
1394 1504 1476 1553 est
1514 1498 1816 1568 ἐτρέψαντο.
1897 1500 2069 1568 Quam
2148 1527 2149 1530 ¹

83 1586 217 1642 bene
266 1587 411 1641 enim
471 1584 626 1639 Solon
681 1583 823 1656 apud
882 1583 1025 1639 Stob.
1083 1585 1264 1640 Floril.
1298 1586 1388 1640 IX.
1433 1589 1520 1640 25.
1564 1604 1640 1641 νε.
1683 1592 1774 1644 46.
1828 1606 1924 1661 pro
1971 1597 2069 1653 τῆς

24 1678 27 1689 ’
83 1681 264 1743 ψυχῆς
304 1677 359 1728 οὐ
398 1673 715 1743 φεισάμενος
756 1672 838 1727 vel
876 1675 1169 1742 ἀφειδήσας
1209 1682 1301 1737 τῆς
1342 1679 1524 1742 ψυχῆς
1560 1674 1727 1731 dixit:

531 1763 787 1830 Φειδωλην
824 1768 1007 1830 ψυχῆς
1046 1763 1288 1828 οὐδεμίαν
1327 1763 1531 1829 θέμενος
1553 1805 1568 1825 ,

83 1858 138 1907 et
177 1850 347 1905 multa
386 1849 582 1904 similia
635 1851 689 1904 in
733 1851 972 1921 antiquis
1026 1852 1358 1906 carminibus
1397 1853 1778 1924 reperiuntur,
1829 1860 1938 1908 tam
1981 1854 2067 1910 de·

83 1939 236 1997 decet
292 1938 390 1992 hoc
448 1937 698 2010 loquendi
747 1955 917 2009 genus
970 1939 1244 1995 Plutarchi
1299 1941 1613 1996 orationem.
1669 1942 1854 2010 <Peius
1904 1944 2068 1998 etiam

0 2095 2 2100 ,
85 2030 333 2083 ποιεῖσθαι
387 2026 614 2081 subinde
667 2043 763 2099 pro
813 2034 972 2081 ποιεῖν
1012 2029 1319 2104 ροηίῑ,,ιιι
1371 2030 1423 2082 in
1488 2029 1732 2100 Agesilao
1791 2048 1905 2102 cap.
1946 2033 2064 2087 XX.

83 2117 288 2177 οῐκείους
343 2117 400 2168 ἐκ
455 2115 707 2183 διαφόρων
763 2117 1016 2180 ἐποιεῖτο,
1058 2124 1112 2171 et
1164 2124 1282 2188 post
1335 2133 1507 2188 pauca
1543 2119 1778 2173 ἐποιεῖτο·
1801 2123 2068 2188 χειροήθη,

0 2218 3 2253 ÷
90 2222 191 2258 non
232 2204 374 2258 enim
418 2210 477 2257 ut
530 2203 830 2257 rectissime
883 2203 1087 2259 dicitur
1139 2206 1394 2260 ποιεῖσθαί
1428 2227 1544 2260 τινα
1600 2208 1738 2270 υἱὸν,
1787 2210 2069 2278 γαμβρὸν,

82 2294 272 2361 φίλον,
326 2290 462 2354 ξένον
514 2297 568 2345 et
621 2291 812 2347 civitas
860 2291 1061 2347 dicitur
1107 2294 1324 2355 πολίτην
1377 2294 1495 2348 τινα
1547 2297 1835 2360 ποιεῖσθαι,
1895 2306 1954 2352 ut
2012 2300 2066 2353 in

83 2379 517 2436 Acharnensibus
552 2384 687 2434 145:

383 2468 408 2522 ὂ
444 2469 488 2523 δ’
527 2469 661 2531 υἱὸς,
701 2466 752 2524 ὃν
786 2472 1051 2532 Ἀθηναῖον
1091 2471 1442 2535 ἐπεποιήμεθα
1465 2515 1479 2534 ,

83 2556 160 2611 sic
211 2556 294 2610 ius
346 2564 428 2611 est
479 2555 657 2612 dicere
709 2561 941 2626 χειροήθη
1002 2559 1121 2614 τινα
1173 2561 1424 2614 ποιεῖσθαι
1466 2559 1494 2622 ἢ
1537 2567 1697 2631 πρᾷον
1746 2571 1840 2617 aut
1893 2565 2068 2621 simile

30 2636 36 2653 ’
82 2645 248 2718 quid,
288 2661 517 2716 quorum
558 2644 924 2700 diversissima
960 2647 1096 2701 ratio
1136 2655 1234 2701 est.
1316 2647 1545 2704 Foedius
1582 2650 1743 2707 etiam
1781 2653 2072 2728 Dionysius

7 2722 45 2809 ᾗ
85 2733 251 2789 Halic.
293 2736 355 2788 A.
391 2731 453 2788 R.
490 2733 578 2789 IV.
623 2737 709 2788 59.
760 2750 925 2805 quum
981 2751 1165 2789 omnes
1206 2735 1331 2790 olim
1374 2736 1616 2791 dicerent
1654 2739 1875 2796 ἐκποδὼν
1915 2753 2069 2800 ποιεῖ-

80 2823 195 2877 σθαι
238 2821 428 2877 maluit
469 2823 580 2894 ipse
620 2822 830 2877 dicere:
881 2823 996 2890 πρὶν
1043 2824 1115 2883 εἷς
1155 2825 1247 2886 τήν
1287 2826 1450 2879 οἰκίαν
1498 2827 1655 2880 αὐτὸν
1695 2831 1941 2886 εἰσελθεῖν
1981 2835 2065 2888 ἐκ·

81 2912 241 2965 ποδῶν
279 2912 521 2974 ποίησον,
578 2917 631 2964 et
677 2911 756 2966 sic
811 2914 1119 2983 sequiorum
1165 2910 1360 2966 multos
1398 2929 1555 2984 saepe
1591 2915 1772 2970 audivi
1813 2918 2067 2979 dicentes,

81 2997 263 3071 Neque
301 3006 481 3053 tamen
524 3015 738 3071 possum
780 2999 832 3053 in
876 3001 1117 3054 animum
1158 2998 1414 3055 inducere
1456 3002 1798 3059 Theocritum
1828 3048 1842 3070 ,
1881 3025 2066 3079 quam-

7 3104 28 3169 s
85 3103 244 3160 quam
288 3087 623 3159 saepiuscule
661 3087 896 3143 dictione
941 3089 1113 3143 utitur
1152 3086 1439 3144 admodum
1477 3091 1702 3158 vitiosa,
1742 3093 1941 3151 dixisse
1983 3099 2067 3153 λό-

4 3198 31 3233 fl
82 3195 175 3240 γον
213 3177 389 3232 οὐδένα
430 3184 589 3231 ποιεῖν
630 3177 763 3237 τινός
807 3192 903 3248 pro
940 3177 1225 3241 ποιεῖσθαι,
1266 3177 1407 3248 quod
1442 3195 1585 3235 nunc
1627 3180 1815 3238 secisse
1854 3185 2067 3240 videtur

9 3240 14 3261 ι
83 3262 148 3318 11.
190 3268 252 3318 61
283 3284 296 3319 :

5 3354 11 3429 J
535 3354 557 3406 ὁ
597 3353 650 3408 δέ
690 3372 791 3417 μευ
829 3352 983 3418 λόγον
1022 3353 1199 3409 οὐδένα
1239 3361 1405 3421 ποιεῖ,

8 3470 9 3473 =
84 3438 174 3494 sed
216 3441 515 3495 rectissime
568 3440 707 3495 idem
748 3441 842 3497 Ill.
885 3446 973 3495 33.
1028 3441 1272 3496 dixerat:
1325 3445 1389 3498 τὺ
1439 3444 1492 3498 δέ
1538 3465 1638 3510 μευ
1686 3446 1841 3512 λόγον
1886 3451 2063 3505 οὐδένα

82 3537 219 3595 ποιῇ.
301 3527 483 3599 Itaque
518 3528 672 3600 plane
707 3530 969 3583 assentior
1004 3529 1266 3584 Alircnsio
1302 3549 1402 3587 non
1440 3533 1554 3587 sinc
1589 3532 1765 3605 aliqua
1805 3536 2064 3594 librorum

81 3617 400 3670 auctoritate
441 3623 609 3670 totum
653 3633 866 3671 versum
909 3619 1249 3689 expungenti.
