2436 4068
1334 217 1440 265 416

475 360 614 414 Satis
671 358 1011 413 manifestum
1064 357 1323 412 emblema
1377 366 1457 412 est
1496 359 1534 412 I.
1582 375 1666 410 vn.
1714 363 2026 414 15„wa
2070 362 2118 414 δὲ
2160 361 2361 427 ἤγγελι-

394 463 479 504 λον
514 451 555 502 οἱ
597 448 1050 512 αὐτομολήσαντες
1089 477 1163 485 ——
1203 447 1294 512 πρὸ
1335 453 1427 508 τῆς
1467 445 1650 513 μάχης
1686 447 1771 499 καὶ
1820 447 1981 519 [μετα
2018 451 2108 511 τὴν
2147 450 2358 523 μάχην]

394 530 436 589 οἳ
488 534 716 602 ὕςερον
768 535 1067 602 ἐλήφθησαν
1117 539 1214 588 τῶν
1255 535 1508 599 πολεμίων
1555 534 1729 588 ταῦτα
1786 535 2081 601 ἤγγελλον,
2126 537 2205 591 vel
2247 540 2361 610 ipsa

394 623 544 677 sedes
597 622 778 692 arguit
826 619 1083 674 fraudem.
1164 622 1340 675 Minus
1380 622 1543 675 etiam
1590 622 1734 676 tueri
1781 638 1837 676 se
1886 625 2079 693 poterit
2125 626 2359 694 πρότερον

396 712 446 763 in
495 715 522 779 ᾖ
562 713 644 763 18.
699 718 763 778 τῇ
813 708 1054 777 ἑνδεκάτῃ
1102 711 1196 763 ἀπ’
1250 710 1440 772 ἐκείνης
1474 717 1564 772 τῆς
1611 709 1802 777 ἡμέρας
1845 711 2123 784 [πρότερον]
2180 715 2359 779 θυόμε-

391 818 487 858 νος.
569 795 794 850 Perinde
849 802 931 851 est
982 813 1044 850 ac
1097 798 1141 850 si
1192 797 1376 852 Latine
1430 797 1663 852 diceres:
1725 798 1895 851 decem
1954 798 2143 855 abhinc
2183 802 2364 856 diebus

402 884 624 959 [antea].

468 973 527 1026 ln
563 971 604 1026 I.
647 989 754 1026 vm.
801 977 850 1026 5.
905 974 1082 1034 ἱππεῖς
1125 975 1218 1039 μὲν
1255 975 1611 1043 Παφλαγόνες
1652 975 1722 1035 εἷς
1754 974 1956 1042 χιλίους
1993 977 2136 1043 παρὰ
2172 978 2364 1045 Κλέαρ-

395 1082 490 1131 χον
536 1059 787 1122 ἔςησαν
839 1061 890 1114 ἐν
936 1063 1005 1130 τῷ
1052 1061 1232 1130 δεξιῷ,
1274 1063 1484 1116 variant
1534 1060 1656 1114 libri
1697 1063 1748 1114 in
1792 1061 2017 1127 ἔςησαν,
2073 1062 2268 1122 ἕςασαν
2312 1072 2365 1120 et

397 1151 611 1209 έςασαν.
692 1147 761 1202 Et
798 1146 992 1205 ἔςασαν
1037 1149 1252 1220 quidem
1294 1148 1450 1203 nihili
1497 1149 1816 1204 vocabulum
1858 1159 1964 1217 est,
2004 1151 2146 1206 inter
2176 1152 2365 1215 ἔςησοιν

397 1246 451 1295 et
488 1235 684 1295 ἕςασαν
729 1252 836 1288 non
877 1243 957 1290 est
997 1253 1191 1309 anceps
1243 1238 1419 1309 optin,
1461 1238 1711 1309 quoniam
1763 1239 1907 1306 παρὰ
1957 1240 2226 1309 Κλέαρχον
2278 1241 2366 1295 ad·-

398 1327 571 1381 ditum
632 1322 962 1378 demonstrat
1020 1326 1353 1379 constiterunt
1412 1325 1643 1400 (ἔςησαν)
1704 1327 1944 1397 requiri,
2003 1343 2106 1380 non
2166 1329 2369 1383 stabant

403 1411 660 1490 (ἕςασαν).
738 1408 938 1464 Eadem
981 1411 1222 1467 confusio
1262 1421 1343 1468 est
1392 1415 1445 1468 in
1483 1415 1523 1469 Ι.
1565 1431 1612 1467 v.
1658 1418 1743 1468 15.
1801 1413 1891 1468 ubi
1944 1411 2138 1471 ἕςασαν
2179 1432 2366 1471 verum

399 1511 509 1568 est,
549 1507 602 1555 et
640 1498 681 1552 I.
722 1514 769 1550 v.
814 1500 864 1551 2.
919 1498 1011 1552 ubi
1051 1499 1286 1555 diximus
1323 1501 1695 1570 προδραμόντες
1735 1501 1798 1556 ἂν
1834 1499 2030 1558 ἕςασαν
2069 1504 2370 1560 rectissime

402 1610 431 1646 a
469 1593 699 1645 Porsono
745 1601 860 1639 esse
898 1586 1264 1654 vindicatum,
1306 1589 1427 1643 libri
1464 1590 1659 1648 ἔςασαν
1689 1597 1743 1643 et
1780 1589 1968 1647 ἴσασαν
2009 1598 2061 1645 et
2098 1593 2370 1656 εἱς-ἥκεσαν

402 1677 669 1737 exhibent.
747 1672 995 1729 Graeculi
1037 1674 1262 1731 formam
1306 1685 1537 1733 veterem
1590 1676 1784 1736 ἕςασαν
1839 1685 1932 1732 aut
1973 1679 2200 1750 pessime
2259 1696 2370 1734 cor-

405 1769 663 1838 rumpunt
705 1767 798 1816 aut
831 1761 897 1815 ad
945 1781 1102 1819 suum
1145 1781 1303 1819 usum
1353 1765 1658 1835 refingunt,
1713 1766 1874 1820 sicuti
1915 1772 1967 1820 et
2001 1767 2053 1819 in
2095 1767 2371 1821 ἐτέθνασαν

402 1858 576 1912 facere
611 1850 809 1913 solent,
846 1857 899 1904 et
939 1852 992 1905 in
1034 1851 1190 1921 ἦσαν,
1219 1861 1271 1908 et
1315 1855 1366 1907 in
1407 1854 1650 1908 ἐδέδισαν.
1714 1854 1850 1907 Hinc
1888 1851 2040 1908 facile
2081 1861 2160 1908 est
2197 1871 2372 1909 emen·

403 1947 531 2002 dare
566 1943 741 1996 locum
781 1937 820 1992 I.
865 1956 898 1993 1.
941 1944 993 1995 6.
1047 1941 1167 1996 τότε
1202 1943 1244 1996 δ’
1284 1943 1623 2009 ἄφες-ἥκεσαν
1663 1943 1781 2008 πρὸς
1828 1945 1984 2006 Κῦρον
2034 1945 2234 2006 πᾶσαι,
2281 1941 2371 1996 uhi

403 2033 650 2091 meliores
688 2025 810 2080 libri
850 2030 1188 2098 αφεςήκεσαν
1228 2029 1517 2094 exhibent,
1570 2029 1750 2100 plures
1789 2030 2090 2096 απέςησαν,
2140 2030 2231 2086 sed
2285 2047 2371 2102 ge-

404 2124 632 2178 nuinum
673 2127 754 2177 est
798 2120 1097 2191 ἀφέςασαν.

482 2214 710 2291 Prorsus
749 2209 1010 2265 assentior
1063 2206 1164 2270 iis,
1218 2207 1312 2276 qui
1354 2207 1407 2259 in
1452 2206 1491 2259 Ι.
1545 2223 1654 2261 vm.
1699 2210 1749 2260 6.
1806 2205 1964 2260 verba
2022 2206 2260 2278 [λέγεται
2318 2208 2370 2263 δὲ

406 2299 492 2354 καὶ
555 2301 670 2359 τοὺς
725 2298 918 2358 ἄλλους
976 2294 1177 2362 Πέρσας
1219 2299 1404 2361 ψιλαῖς
1460 2301 1577 2355 ταῖς
1624 2299 1890 2362 κεφαλαῖς
1945 2295 1996 2347 ἐν
2046 2296 2116 2361 τῷ
2166 2296 2374 2364 πολέμῳ

406 2387 821 2459 διακινδυνεύειν]
888 2383 1123 2438 insiticia
1180 2387 1232 2435 et
1290 2381 1472 2452 spuria
1536 2398 1651 2436 esse
1706 2380 2185 2453 deprehenderunt.
2279 2383 2375 2437 Est

406 2476 652 2546 magistri
689 2471 945 2530 erudituli
985 2469 1457 2532 annotatiuncula,
1499 2469 1803 2524 cuiusmodi
1841 2477 1892 2523 et
1940 2468 2075 2524 aliae
2113 2470 2372 2541 quaedam

408 2562 582 2617 adhuc
622 2563 679 2616 in
723 2560 951 2616 Anabasi
997 2558 1230 2613 latitant.
1313 2557 1424 2611 Non
1480 2564 1705 2629 possunt
1759 2573 2011 2628 uniquam
2069 2558 2215 2612 scioli
2261 2576 2374 2614 ora·

405 2652 604 2705 tionem
649 2647 1014 2721 Xenophontis
1049 2647 1127 2701 sic
1172 2644 1406 2711 referre,
1451 2653 1509 2700 ut
1559 2662 1660 2699 non
1700 2645 1878 2716 aliqua
1929 2646 2122 2700 vitium
2175 2654 2369 2718 pateat.

410 2738 698 2810 Xenophon
738 2737 879 2792 enim
925 2753 1026 2790 non
1058 2734 1279 2789 dixisset
1317 2735 1368 2787 ἐν
1409 2736 1478 2801 τῷ
1513 2734 1719 2802 πολέμῳ
1767 2733 1859 2787 sed
1899 2735 1949 2787 ἕν
1983 2742 2100 2796 ταῖς
2145 2735 2373 2803 μάχαις.

482 2826 594 2881 Non
643 2824 875 2880 arbitror
923 2823 1115 2879 mendo
1168 2838 1359 2876 vacare
1410 2822 1733 2894 scripturam
1790 2822 1889 2877 loci
1929 2822 1969 2877 I.
2012 2840 2117 2876 vm.
2163 2827 2250 2877 15.
2305 2825 2374 2891 τῷ

406 2914 459 2967 δὲ
492 2913 632 2981 Κύρῳ
671 2913 978 2980 ἁπεκρίνατο
1019 2908 1093 2966 ὅτι
1135 2912 1302 2977 αὐτῷ
1349 2910 1534 2975 μέλοι
1569 2907 1702 2972 ὅπως
1749 2916 1920 2971 καλῶς
1969 2909 2097 2978 ἔχοι,
2178 2910 2373 2978 Quam·-

405 3018 566 3073 quam
603 3007 822 3072 apparet
857 3017 960 3055 non
993 2999 1149 3054 aliter
1187 3015 1347 3070 quam
1383 2999 1461 3053 sic
1495 2998 1688 3068 legisse
1722 2996 2069 3052 Plutarchum
2106 2998 2160 3051 in
2187 2998 2371 3054 Artox.

404 3107 518 3161 cap.
561 3087 700 3142 VIII.
783 3088 956 3162 (Κῦρος
997 3087 1266 3155 Κλέαρχον
1305 3085 1508 3140 ἐκέλευε
1548 3086 1828 3140 τάττεσθαι
1874 3086 2015 3139 κατα
2055 3086 2225 3151 μέσον.
2268 3089 2370 3141 ὅδὲ

405 3179 568 3246 αὐτῷ
614 3175 851 3242 μέλειν
902 3177 1051 3231 εἰπὼν
1092 3173 1225 3235 ὅπως
1279 3171 1379 3237 ἕξει
1427 3173 1661 3231 καλλιςα
1699 3175 1757 3227 τὸ
1805 3176 1910 3228 πᾶν
1959 3173 2252 3248 διέφθειρεν)
2294 3181 2370 3229 ta·

403 3282 526 3321 men
580 3262 823 3335 suspicor
881 3280 986 3317 non
1045 3269 1155 3316 tam
1222 3267 1536 3332 arroganter
1586 3260 1782 3315 dixisse
1853 3260 2200 3318 clearchum:
2257 3264 2368 3329 ἐμοὶ

404 3354 553 3421 μέλει
601 3350 733 3414 ὅπως
770 3356 941 3412 καλῶς
986 3349 1114 3418 ἔχῃ,
1155 3347 1246 3402 sed
1287 3354 1346 3402 ut
1384 3347 1622 3402 solebant
1669 3347 1723 3400 in
1759 3348 1854 3402 tali
1902 3366 1959 3404 re
1996 3349 2204 3407 dicere:
2258 3351 2369 3417 ἐμοὶ

400 3443 651 3507 μελήσει,
707 3438 902 3511 quibus
955 3436 1130 3492 verbis
1191 3435 1488 3507 perurbane
1541 3435 1660 3506 quis
1715 3436 1888 3490 utitur
1941 3454 2037 3509 pro
2088 3441 2160 3504 μὴ
2219 3453 2372 3494 πολυ-

402 3528 729 3597 πραγμόνει,
769 3527 877 3582 noli
916 3527 1009 3581 hoc
1048 3542 1234 3597 ayere,
1277 3542 1367 3595 eqo
1397 3524 1705 3595 providebO,
1747 3530 1807 3577 ut
1849 3525 1900 3578 in
1942 3526 2220 3580 notissimo
2255 3543 2370 3581 ora-

399 3616 546 3671 culo:
