2436 4068
1279 199 1384 248 572

346 349 375 415 §
427 348 506 398 11.
571 344 762 398 Οὔκουν
808 342 1070 408 μέμνησαι
1131 343 1239 394 κτὲ.
1298 347 1351 394 et
1402 343 1430 409 §
1482 341 1565 391 1⁴2.
1647 341 1799 392 Ἀλλ’
1843 339 1998 393 ἐδόκει
2041 341 2160 404 ἡμῖν
2202 342 2311 393 κτὲ.

341 433 566 487 Miratus
622 431 800 484 nescio
859 430 980 500 quis
1029 444 1090 482 ea
1145 426 1303 482 verba
1356 426 1539 481 abesse
1600 425 1886 497 adscripsit
1936 428 1989 479 in
2050 442 2140 479 ora
2191 426 2316 480 libri

343 520 654 588 ἀπεφήνατο
695 518 717 570 ὃ
759 515 1066 584 Σωκράτης,
1124 532 1260 586 quae
1315 521 1532 586 postea,
1593 515 1672 568 uti
1715 514 1809 576 fit,
1868 513 2006 568 male
2048 515 2101 567 in
2146 515 2320 568 Xeno-

348 607 563 679 phontis
597 606 892 659 orationem
936 605 1288 676 irrepserunt.

421 694 536 748 Non
590 694 771 747 minus
826 692 957 746 mihi
1019 690 1274 745 additicia
1333 696 1386 744 et
1443 691 1629 762 spuria
1690 707 1805 744 esse
1857 689 2109 743 videntur
2163 688 2324 744 verba

347 780 572 848 μεγαλα
608 787 775 835 τελεῖν
813 781 866 834 in
909 779 993 834 his
1036 782 1064 850 ὅ
1104 783 1155 834 6.
1210 780 1301 842 τὴν
1342 777 1492 832 πόλιν
1532 777 1840 844 αἰσθάνομαι
1875 778 1947 831 τα
1987 777 2081 841 μὲν
2114 777 2202 839 ἤδη
2245 797 2320 831 σοι

349 868 770 937 προστάττουσαν
837 867 1090 941 [μεγαλα
1144 867 1348 936 τελεῖν]
1408 867 1755 934 ἱπποτροφίαις
1809 886 1868 919 τε
1923 865 2009 919 καὶ
2069 866 2323 933 χορηγίας

349 973 471 1010 nam
515 956 796 1027 expunctis
849 955 1064 1010 demum
1110 954 1195 1008 his
1245 952 1425 1007 verbis
1465 955 1636 1007 oratio
1674 959 1820 1006 recte
1861 952 2099 1024 procedit
2139 960 2192 1006 et
2230 974 2326 1018 με-

348 1043 502 1110 γαλα
556 1050 726 1098 τελεῖν
781 1061 882 1097 non
940 1042 1209 1115 significat
1264 1040 1351 1103 id,
1407 1041 1546 1112 quod
1599 1041 1699 1095 loci
1752 1042 2017 1094 sententia
2075 1041 2326 1112 postulat.

348 1133 509 1187 Peius
549 1133 711 1187 etiam
754 1130 988 1186 abundat
1043 1131 1251 1197 μισθούς
1293 1131 1346 1182 in
1390 1147 1502 1201 sqq.
1545 1130 1600 1194 ἢν
1641 1129 1692 1184 δὲ
1732 1129 1790 1191 δὴ
1831 1128 2058 1194 πόλεμος
2109 1130 2324 1194 γένηται

347 1218 537 1276 οἷδ’ὅτι
560 1221 646 1275 καὶ
684 1220 1015 1288 τριηραρχίας
1064 1216 1316 1291 [μισθοὺς]
1363 1218 1450 1271 καὶ
1487 1218 1732 1286 εἰσφορὰς
1765 1217 2029 1276 τοσαύτας
2063 1238 2136 1271 σοι
2178 1239 2327 1286 προσ-

350 1308 621 1372 ταξουσιν,
667 1325 786 1361 nam
825 1309 946 1379 quis
988 1324 1089 1360 non
1132 1306 1275 1359 videt
1313 1306 1522 1371 μισθούς
1582 1304 1737 1375 plane
1775 1303 2071 1378 absurdum
2110 1322 2224 1360 esse
2276 1312 2330 1361 et

347 1403 532 1451 contra
574 1397 893 1451 sententiam
938 1402 989 1449 et
1028 1393 1278 1465 loquendi
1321 1410 1478 1446 usum
1521 1409 1636 1447 csse
1676 1393 2100 1463 interpositum?

425 1484 577 1552 Quod
618 1484 817 1555 legitur
865 1487 916 1536 in
957 1482 1023 1536 II.
1070 1486 1154 1534 11.
1213 1481 1305 1546 ἐμὲ
1345 1482 1397 1535 δὲ
1437 1486 1541 1542 πῶς
1587 1480 1684 1535 τινὶ
1730 1481 1920 1534 τούτων
1967 1480 2054 1535 οἴει
2091 1502 2155 1535 αν
2202 1483 2326 1536 ἐπι-

349 1575 631 1635 ςηθῆναι
679 1573 902 1640 χρησθαι
946 1570 1298 1641 compositum
1343 1585 1466 1623 cum
1507 1568 1620 1622 loco
1674 1567 2231 1624 HerodoteoIlI.15.
2285 1571 2328 1624 εἰ

349 1661 402 1714 δὲ
442 1662 529 1714 καὶ
573 1662 867 1723 ἦπιςήθη
916 1660 988 1725 μὴ
1038 1663 1487 1724 πολυπρηγμονεῖν
1533 1672 1744 1710 omnem
1788 1655 2176 1712 dubitationem
2217 1658 2326 1711 exi-

354 1754 460 1802 met
502 1747 566 1801 de
621 1747 790 1801 forma
832 1747 1047 1810 ἠπιςήθη
1097 1746 1162 1799 ab
1211 1746 1470 1810 ἐπίςαμαι
1526 1761 1632 1798 11011
1679 1743 1744 1797 ab
1796 1747 1966 1802 απιςῶ
2019 1744 2326 1815 repetenda.

278 1840 284 1846 '
352 1835 631 1890 Sententia
682 1843 796 1890 est:
858 1837 898 1891 εἰ
950 1836 1002 1890 δὲ
1061 1834 1147 1887 καὶ
1203 1837 1293 1887 τοῦ
1348 1840 1802 1900 πολυπραγμονεῖν
1854 1831 2142 1900 ἀπέσχετο.
2225 1833 2328 1888 Sed

348 1923 502 1995 plura
539 1924 776 1995 exempla
812 1924 996 1977 aot-isti
1037 1923 1331 1982 ἐπιςηθῆναι
1375 1928 1426 1975 et
1454 1920 1593 1975 -haec
1630 1921 1744 1991 ipsa
1784 1919 1938 1974 video
1977 1919 2327 1993 adscripsisse

349 2012 683 2067 Dindorfium
727 2012 790 2065 ad
837 2011 1016 2083 Steph.
1062 2009 1219 2063 Thes.

426 2101 632 2154 Vitiosa
682 2106 734 2154 et
787 2116 888 2152 non
942 2097 1160 2152 ferenda
1195 2103 1278 2152 est
1327 2097 1721 2152 coniunctionis
1776 2098 1818 2150 εἱ
1868 2097 2115 2167 repetitio
2163 2098 2217 2151 in
2258 2096 2323 2152 ΙΙ.

351 2193 436 2244 15.
481 2190 522 2243 εἷ
569 2189 654 2243 ἐπὶ
689 2192 788 2255 πῦρ
837 2187 1064 2246 ἐλθόντος
1103 2205 1191 2239 σου
1232 2185 1319 2239 καὶ
1366 2187 1439 2250 μη
1485 2184 1621 2245 ὄντος
1676 2185 1942 2251 παρ’,ἐμοὶ
1990 2185 2080 2259 [εἰ]
2126 2183 2320 2239 ἄλλοσε

346 2276 646 2342 ἡγησαίμην.
725 2276 919 2329 Contra
956 2273 1232 2328 intercidit
1282 2272 1467 2327 vocula
1507 2289 1729 2344 prorsus
1765 2272 1831 2326 ad
1873 2274 2194 2327 sententiam
2236 2290 2326 2327 ne·
2408 2277 2434 2359 j

346 2365 580 2418 cessaria
617 2365 670 2417 in
714 2381 826 2435 sqq.
869 2365 912 2418 εἶ
954 2361 1183 2427 δείξαιμί
1231 2382 1306 2415 σοι
1349 2361 1482 2415 πολὺ
1524 2360 1819 2427 δεινοτέρους
1875 2361 1999 2426 ἐμοῦ
2041 2360 2151 2428 περὶ
2201 2381 2323 2426 μου·

345 2473 487 2514 σικην
528 2453 620 2507 καί
653 2473 727 2507 σοι
768 2471 926 2520 χαριν
970 2449 1169 2510 εἰδότας
1208 2451 1250 2503 εἰ
1292 2450 1477 2509 ἐθέλοις
1513 2451 1634 2515 παρ’
1675 2451 1842 2502 αυτῶν
1886 2449 2187 2514 μανθανειν,
2230 2449 2320 2504 ubi

343 2541 476 2593 satis
517 2547 736 2612 appatet
778 2537 1132 2612 supplendum
1171 2553 1287 2591 esse
1325 2536 1418 2590 καί
1453 2557 1527 2590 σοι
1571 2556 1727 2604 χαριν
1770 2535 1874 2609 (αν)
1918 2536 2117 2598 εἰδότας
2156 2539 2264 2591 κτὲ.

422 2628 480 2682 In
527 2645 640 2700 cap.
684 2629 777 2685 111.
821 2631 850 2699 §
890 2632 941 2682 5.
990 2634 1096 2687 τοῖς
1137 2627 1232 2692 μὲν
1273 2622 1396 2679 ὅπου
1442 2625 1630 2692 ἔτυχεν
1672 2623 1840 2681 έκαςα
1876 2626 2324 2692 καταβέβληται,
2398 2649 2432 2698 j

343 2723 447 2778 τοῖς
488 2717 538 2771 δὲ
595 2718 647 2772 ἐν
685 2718 831 2786 χώρῳ
894 2713 1062 2772 ἕκαςα
1121 2713 1509 2779 τεταγμένα
1568 2734 1768 2776 κειται,
1809 2713 2203 2768 emendandum
2238 2721 2320 2769 est

340 2804 672 2873 τεταγμένη,
701 2821 872 2875 neque
913 2803 1053 2858 enim
1093 2804 1143 2856 ἕν
1163 2803 1310 2871 χώρα
1338 2800 1607 2871 significat
1643 2800 1696 2854 id
1721 2801 1859 2871 quod
1902 2801 2048 2855 locus
2088 2803 2318 2873 requirit

342 2907 516 2962 neque
569 2892 829 2959 τετάχθαι
885 2891 1135 2945 convenit
1181 2890 1298 2956 rei,
1349 2889 1414 2944 de
1460 2906 1565 2960 qua
1620 2888 1837 2942 dicitur.
1920 2890 2017 2944 Est
2058 2891 2318 2961 cuiusque

342 2980 422 3032 rei
463 2981 491 3042 ἡ
527 2980 673 3047 χώρα
713 2980 1034 3046 τεταγμένη.
1117 2978 1259 3033 Satis
1310 2977 1442 3031 haec
1484 2976 1719 3031 stabiliet
1758 2977 1838 3031 vel
1888 2993 2028 3031 unus
2064 2977 2211 3058 locus
2254 2995 2318 3032 ex

342 3066 442 3120 hoc
479 3069 594 3138 ipso
634 3066 769 3120 libro
808 3068 944 3122 VIII.
991 3070 1077 3120 ⁶22.
1132 3068 1182 3119 ἕν
1222 3066 1369 3134 χώρα
1409 3072 1577 3119 κεῖται
1617 3065 2015 3134 τεταγμένη.

418 3154 531 3209 Non
576 3154 688 3209 fero
736 3156 791 3207 in
832 3155 925 3209 III.
970 3161 1019 3210 5.
1069 3154 1187 3214 ἴσως
1239 3175 1344 3221 γαρ
1386 3154 1748 3208 αναλίσκουσιν
1789 3186 1862 3194 -—
1901 3154 1972 3213 εἷς
2022 3175 2058 3206 α
2099 3152 2317 3220 βλαβην

343 3242 486 3311 φέρει
526 3244 699 3310 αὐτῷ
739 3265 797 3297 τε
832 3243 919 3296 καὶ
962 3245 1031 3310 τῷ
1072 3242 1186 3310 οἴκῳ
1234 3249 1287 3295 et
1323 3243 1541 3312 requiro
1581 3244 1806 3302 αὐτοῖς
1852 3262 1910 3294 τε
1951 3242 2037 3294 καὶ
2077 3243 2146 3310 τῷ
2184 3242 2313 3309 οἴκῳ.

416 3330 475 3383 In
521 3334 549 3400 ᾗ
590 3335 641 3385 7.
691 3331 791 3396 ἐγώ
827 3351 901 3384 σοι
942 3330 1144 3384 σύνοιδα
1180 3331 1262 3383 ἐπὶ
1304 3330 1399 3394 μὲν
1445 3330 1690 3397 κωμῳδῶν
1733 3329 1848 3382 θέαν
1884 3329 1970 3383 καὶ
2013 3328 2149 3383 ποένυ
2185 3326 2316 3397 πρωῒ

340 3419 628 3486 ἀνιςαμένῳ
685 3420 928 3490 suspicor
968 3425 1184 3490 propter
1224 3417 1602 3482 ὂμοιοτέλευτον
1650 3417 1727 3470 1·6ἰ
1775 3419 2105 3471 necessariae
2159 3433 2310 3470 men-

340 3505 541 3560 tionem
583 3524 610 3560 a
651 3508 841 3560 scribis
882 3523 995 3560 esse
1023 3507 1274 3560 omissam
1319 3505 1471 3559 etsie
1510 3521 1625 3559 esse
1666 3503 2050 3575 supplendum:
2092 3504 2175 3558 ἐπὶ
2217 3503 2310 3568 μὲν

339 3595 581 3662 κωμῳδῶν
626 3596 702 3668 (τε
749 3597 833 3648 καὶ
873 3593 1163 3665 τραγῳδῶν)
1207 3595 1350 3657 θέαν,
1396 3609 1625 3664 namque
1675 3594 1947 3660 τραγῳδῶν
1987 3592 2305 3646 mentionem
