2436 4068
1324 235 1390 284 54

369 384 532 444 αὐτῆς
575 376 703 434 οἶδεν
747 377 859 443 ἔνθ’,
907 377 931 431 ὁ
972 377 1014 432 δ’
1049 375 1230 432 οἵετοιι.
1314 376 1496 429 Potuit
1549 373 1679 430 haec
1730 374 2017 447 Euripides
2069 376 2124 430 in
2173 375 2351 447 aliqua

367 469 546 525 sabula
589 466 834 540 Satyrica
867 464 1139 537 posuisse,
1180 463 1355 535 potuit
1388 462 1517 516 haec
1553 462 1754 517 dixisse
1793 463 2115 529 Menander,
2156 462 2248 517 sed
2289 470 2351 517 ut

367 558 433 613 ab
486 563 715 627 utroque
759 552 951 607 iisdem
1000 550 1175 604 verbis
1222 549 1363 604 idem
1407 549 1613 604 dictum
1659 551 1758 614 sit,
1810 549 1864 602 id
1920 567 2044 604 vero
2085 551 2200 605 fieri
2243 567 2348 604 non

364 645 557 718 potuit.
637 642 817 711 Neque
858 639 1119 708 Tragicus
1155 638 1430 692 Comicum
1464 637 1677 692 dicendi
1720 637 1986 708 elegantia
2021 639 2177 691 vicit:
2219 634 2352 692 οἶδεν

364 733 468 789 υἱόν
510 731 773 786 Graecum
807 742 912 780 non
947 731 1058 779 est:
1099 725 1284 781 infelix
1323 727 1595 781 coniector
1624 742 1688 780 ex
1720 733 2350 780 ΟΙΔΕΝΟΝΘΟΔΟΙΕ-

365 829 492 876 ΤΑ1
529 817 719 872 bellam
762 814 900 868 hanc
939 812 1221 868 lectionem
1264 813 1541 886 procudit,
1581 821 1643 867 ut
1684 830 1839 884 saepe
1887 814 1941 866 in
1985 812 2207 867 Stohaeo
2248 812 2353 867 fac·

364 916 485 963 tum
507 922 622 960 esse
643 901 1003 957 ostendemus.
1052 901 1281 956 Foedius
1315 902 1479 956 etiam
1521 901 1651 955 haec
1684 901 1971 972 depravata
2004 907 2131 954 sunt
2166 901 2222 953 in
2259 917 2353 954 an·
2426 958 2428 961 ,

367 995 534 1066 tiquis
567 992 634 1047 ad
665 989 955 1063 Odysseam
991 989 1054 1046 A.
1079 993 1204 1044 215.
1230 989 1482 1052 scholiis,
1513 988 1655 1043 unde
1676 1005 1773 1042 sua
1803 988 2122 1042 Eustathius
2154 987 2348 1041 hausit.

367 1086 395 1147 ἡ
437 1083 531 1148 μὲν
580 1080 685 1146 γὰρ
726 1081 890 1140 αὐτῆς
941 1074 1034 1132 οἷδ’
1077 1077 1255 1137 §duwe
1298 1078 1320 1130 ὃ
1363 1078 1405 1131 δ’
1448 1075 1641 1140 οἴεται,
1695 1075 1787 1129 ubi
1835 1075 1976 1147 quod
2025 1075 2352 1130 adscribitur

365 1167 644 1225 Menandri
683 1165 891 1220 dictum
934 1165 1012 1219 sic
1045 1164 1178 1218 mihi
1216 1163 1502 1234 legendum
1543 1162 1783 1218 videtur:

665 1254 820 1309 αὑτὸν
861 1252 967 1318 γὰρ
1007 1253 1165 1313 οὐδεὶς
1206 1249 1302 1306 οἶδ’
1343 1250 1458 1306 ὅτου
1499 1256 1614 1306 ποτ’
1656 1251 1886 1316 ἐγένετο,

668 1343 794 1396 ἀλλ’
836 1341 1141 1405 ὑπονοοῦμεν
1181 1338 1376 1400 πάντες
1419 1341 1447 1404 ἢ
1489 1339 1798 1405 πιςεύομεν.

365 1449 462 1506 pro
501 1428 604 1485 οἶδε
645 1433 733 1483 τοῦ
775 1426 859 1482 vel
890 1423 992 1481 οἶδε
1032 1432 1157 1488 πῶς.

438 1518 791 1574 Notissimum
840 1522 922 1570 est
959 1514 1313 1569 Menandrum
1362 1522 1844 1586 argumentorum,
1884 1531 2100 1580 rerum,
2141 1521 2350 1569 senten·

365 1608 568 1663 tiarum
591 1647 604 1670 ‚
650 1605 891 1659 iocorum
933 1603 1196 1656 suavitate
1236 1609 1291 1656 et
1327 1601 1648 1668 festivitate,
1688 1603 2034 1673 moribusque
2069 1601 2350 1658 hominum

365 1692 716 1767 depingendis
750 1691 1031 1762 egregium
1065 1689 1359 1756 artificem,
1401 1692 1456 1745 in
1494 1691 1672 1746 verbis
1711 1697 1765 1745 et
1804 1691 2045 1744 oratione
2078 1689 2349 1759 negligen-

363 1784 559 1838 tiorem
590 1780 772 1834 fuisse.
855 1780 1021 1833 Totus
1051 1779 1106 1831 in
1146 1777 1331 1842 rebu8,
1371 1779 1568 1850 quibus
1607 1777 1926 1842 excellebat,
1968 1776 2182 1832 dicendi
2222 1778 2349 1831 arti·

366 1871 581 1934 ficium,
623 1885 727 1940 quo
755 1866 964 1921 valebat
992 1867 1201 1929 11110113,
1246 1883 1349 1919 non
1387 1866 1626 1921 curabat.
1710 1867 1885 1921 Testis
1910 1864 2234 1919 Plutarchus
2266 1871 2350 1918 est

365 1960 428 2014 de
467 1958 638 2030 qloria
671 1955 1065 2010 Atheniensium
1095 1971 1212 2026 pag.
1240 1958 1364 2008 547.
1398 1954 1455 2008 F.
1487 1954 1707 2020 λέγεται
1737 1954 1789 2008 δὲ
1824 1953 1910 2007 καὶ
1945 1952 2220 2021 Μενοὶνδρῳ
2250 1957 2348 2007 τῶν

365 2049 582 2111 συνήθων
618 2067 698 2107 τις
738 2045 926 2098 εἰπεῖν·
967 2043 1161 2108 ἐγγὺς,
1202 2040 1237 2096 ὦ
1278 2042 1579 2110 Μένανδρε,
1621 2043 1694 2096 τοὶ
1736 2041 1980 2096 Διονύσιοι
2020 2042 2106 2096 καὶ
2149 2042 2212 2095 σὺ
2255 2042 2347 2103 τὴν

363 2135 630 2204 κωμῳδίαν
671 2135 724 2188 οὐ
766 2131 1080 2194 πεποίηκας.
1123 2131 1207 2185 τὸν
1241 2131 1293 2185 δὲ
1322 2131 1720 2198 ἀποκρίναιο-θαι·
1762 2131 1818 2192 νη
1852 2130 1970 2191 τοὺς
2005 2130 2140 2190 θεοὺς
2178 2127 2348 2194 ἔγωγε

364 2222 626 2284 πεποίηκοο
667 2222 758 2283 την
799 2220 1094 2287 κωμῳδίαν,
1145 2217 1459 2286 ᾠκονόμηται
1501 2218 1606 2284 γὰρ
1647 2219 1675 2280 ἡ
1718 2216 1974 2281 διάθεσις,
2015 2219 2095 2271 δεῖ
2129 2218 2172 2271 δ’
2212 2219 2348 2284 αὐτῇ

363 2312 435 2367 τοὶ
471 2311 673 2378 ς-ιχίδιοι
713 2309 927 2378 ἐπᾷσαι.
1019 2305 1161 2359 Satis
1201 2312 1439 2376 arguunt
1479 2304 1778 2375 fragmenta
1821 2305 1958 2359 hanc
2008 2302 2218 2358 dicendi
2260 2319 2347 2357 ne·

363 2398 677 2471 gligentiam
725 2402 778 2449 et
814 2392 1107 2448 versiculos
1147 2393 1345 2465 raptim
1385 2410 1501 2447 esse
1539 2392 1798 2448 conflatos
1834 2399 1888 2447 et
1925 2393 2039 2446 sine
2079 2408 2210 2446 cura
2254 2397 2348 2446 aut

361 2488 494 2542 lima
544 2489 894 2557 properanter
950 2482 1289 2553 compositos,
1389 2479 1674 2552 Complura
1725 2487 1932 2535 veteres
1983 2480 2232 2551 magistri
2290 2481 2345 2533 in
2427 2551 2431 2554 .

362 2573 653 2631 Menandro
695 2587 875 2626 severe
916 2576 1171 2624 notarunt
1203 2570 1493 2640 improprie
1523 2574 1575 2622 et
1609 2567 1940 2639 ineleganter
1965 2574 2018 2623 et
2050 2566 2261 2622 sordide
2294 2573 2349 2621 et

364 2663 630 2730 μοχθηρῶς
672 2659 831 2712 dicta.
912 2659 1239 2712 Etiamnunc
1276 2656 1430 2711 facile
1481 2662 1563 2709 est
1611 2655 2038 2711 animadvertere
2081 2653 2343 2726 complus-

366 2750 488 2806 cula
519 2748 584 2803 ab
617 2765 677 2802 00
706 2762 984 2818 perperam
1013 2751 1108 2800 aut
1138 2745 1415 2799 socordius
1447 2746 1673 2817 scripta,
1713 2743 1853 2816 quod
1887 2760 2057 2815 genus
2089 2744 2345 2797 vitiorum

365 2835 777 2908 diligentissime
818 2833 969 2887 nobis
1010 2832 1345 2904 arguendum
1384 2841 1498 2896 est,
1541 2849 1608 2886 ne
1645 2831 1922 2886 Menandri
1963 2832 2172 2886 incuria
2211 2831 2346 2885 nito·

366 2943 482 2981 rem
528 2923 790 2978 sermonis
829 2922 996 2976 Attici
1035 2921 1302 2976 obscuret.
1381 2920 1517 2975 Cave
1553 2937 1620 2975 ne
1663 2921 1857 2975 Atticis
1900 2921 2165 2992 imputes,
2205 2918 2346 2990 quod
2433 2936 2436 2965 1

365 3015 444 3069 illi
475 3011 675 3068 excidit
711 3009 1041 3083 imprudenti
1071 3017 1125 3064 et
1151 3010 1206 3063 in
1244 3007 1327 3062 his
1361 3009 1543 3063 minus
1577 3007 1876 3063 attendenti
1908 3008 1960 3061 in
1993 3007 2138 3063 Stob.
2163 3006 2343 3062 Floril.

364 3101 544 3158 CXIII.
586 3103 638 3154 9.

668 3186 932 3253 Δέρκιππε
973 3187 1060 3241 naal
1101 3187 1412 3250 Μνήσιππε,
1452 3191 1557 3245 τοῖς
1598 3184 1868 3252 εἰρημένοις

668 3276 807 3339 ἡμῶν
850 3275 948 3328 ὑπό
987 3295 1119 3334 τινος
1155 3275 1182 3338 ἢ
1225 3273 1520 3328 πεπονθόσιν
1561 3276 1730 3334 κακῶς

672 3360 774 3418 {w
815 3364 1108 3431 κοοτοοφυγη
1149 3364 1307 3416 πᾶσιν
1350 3363 1391 3416 οἱ
1431 3361 1609 3430 χρηςοὶ
1651 3362 1795 3429 φίλοι
1821 3403 1832 3414 .

367 3465 694 3526 quamquam
738 3464 933 3520 anceps
986 3457 1038 3503 et
1092 3448 1414 3503 invidiosum
1470 3450 1744 3520 negotium
1800 3454 1880 3502 est
1937 3446 2129 3500 melius
2182 3463 2343 3518 quam

368 3537 718 3596 Menandrum
778 3536 977 3591 Graece
1026 3539 1163 3591 scire
1215 3537 1348 3592 velle
1399 3536 1602 3601 videri,
1656 3543 1834 3592 tamen
1898 3552 1999 3588 non
2056 3533 2342 3589 reformido
2422 3568 2424 3581 -

367 3629 507 3684 hanc
542 3624 798 3681 invidiam
831 3625 884 3678 in
916 3631 1024 3679 tam
1056 3631 1237 3695 aperto
1265 3632 1517 3697 certoque
1542 3626 1784 3680 crimine.
1866 3624 2078 3687 Dicine,
2119 3638 2314 3693 quaeso
2334 3663 2349 3686 ,
