2436 4068
1061 164 1164 216 875

104 306 615 381 plusquamperfecti
666 308 970 378 περίφρασις
1021 308 1074 362 in
1126 309 1433 376 γεγενημέν’
1474 304 1530 371 ἦν
1569 325 1666 381 pro
1704 311 1982 377 ἐγεγένητο
2022 324 2069 371 et

180 399 302 452 sim.
344 400 469 451 561.

103 483 381 539 Plutarchi
422 501 525 538 non
566 491 647 539 est
686 484 821 539 liber
860 485 1152 557 inscriptus
1190 490 1445 540 Γυναικῶν
1484 487 1670 554 ἀρεταί
1708 491 1796 543 56.

103 571 392 627 Plutarcho
431 589 707 644 perperam
751 572 1011 627 tribuitur
1048 572 1183 627 liber
1221 573 1333 640 περὶ
1375 571 1534 641 ὕψους
1575 578 1702 630 645.

99 659 422 715 Plutarchus
462 659 863 731 Xenophontem
915 678 1020 715 non
1071 662 1406 716 nominatum
1461 660 1717 718 describit
1758 667 1902 728 708,
1945 658 2091 718 725.’

103 747 399 821 Polycratis
437 749 725 815 κατηγορία
764 747 1064 816 Σωκράτους
1105 752 1211 803 662
1254 766 1371 822 sqq.

104 836 530 907 Praepositiones
567 835 623 887 in
662 834 823 891 Codd.
865 852 992 891 cum
1034 836 1340 891 nominibus
1381 837 1787 909 coniunguntur
1812 882 1826 905 ‚
1882 846 1943 894 ut
1981 861 2075 894 κα-

177 923 346 987 eaxan,
386 930 615 991 παροῑνον
655 939 751 994 pro
788 925 902 977 καθ’
942 924 1049 979 ὁδόν
1066 962 1086 986 ,
1129 926 1251 990 παρ’
1289 921 1412 978 οἶνον
1454 928 1580 979 480.

102 1010 285 1065 Prima
323 1027 549 1082 persona
588 1011 644 1064 in
679 1012 894 1066 tertiam
943 1012 1229 1085 depravata
1275 1015 1379 1065 197
1420 1029 1536 1084 sqq.

100 1098 420 1154 Proverbia:
460 1097 541 1153 οἵα
572 1100 678 1167 γὰρ
718 1100 756 1153 ὁ.
792 1099 1031 1154 δέσποινα
1069 1100 1187 1154 τοία
1224 1101 1308 1167 χαί
1346 1100 1477 1155 κύων
1517 1105 1644 1156 545.

327 1189 379 1241 ἕν
416 1188 630 1257 τυφλῶν
669 1187 818 1242 πόλει
858 1189 1128 1255 γλαμυρὸς
1166 1188 1438 1252 βασιλεύει
1482 1191 1608 1243 254.

103 1273 474 1348 Reduplicatio
510 1292 543 1330 a
573 1274 767 1330 scribis
812 1277 1010 1330 omissa
1051 1276 1255 1347 peperit
1308 1273 1507 1331 formas
1546 1276 1829 1342 barbaraS,
1869 1284 1930 1332 ut
1966 1279 2080 1334 ἐνω-

176 1362 399 1428 γάλιςαι
440 1380 535 1435 pro
574 1364 917 1429 νενωγάλιςαι
959 1370 1012 1417 et
1052 1363 1174 1417 sim.
1218 1366 1345 1418 448.

102 1449 473 1523 Reduplicatio
511 1452 690 1506 Attica
730 1452 786 1505 in
828 1449 1196 1518 ὅδοιπεπόρηκα
1236 1456 1290 1506 et
1329 1451 1450 1506 sim.
1494 1454 1621 1507 567.

104 1539 276 1610 Reges
316 1538 703 1637 Spartanorum
742 1539 992 1606 Ἀγιάδαι
1032 1540 1119 1595 καὶ
1161 1540 1543 1607 Εὐρυπωντίδαι
1587 1543 1716 1594 716.

102 1626 384 1690 RhetoriS,
424 1626 517 1698 qui
557 1626 781 1698 Longini
823 1629 1039 1682 nomine
1081 1626 1494 1692 circumfertur,
1534 1629 1714 1700 gravis
1755 1644 1906 1684 error
1945 1634 2078 1688 611.

103 1713 314 1769 Scholia
355 1715 411 1768 in
456 1714 723 1769 Anabasin
763 1714 965 1769 nullius
1004 1717 1163 1788 pretii
1204 1719 1331 1770 546.

102 1801 312 1858 Scholia
351 1803 575 1873 antiqua
614 1803 669 1856 in
709 1801 984 1857 Platonem
1023 1803 1167 1875 apud
1207 1804 1456 1859 Photium
1503 1806 1640 1866 114,
1686 1806 1826 1867 151,
1872 1758 2000 1862 584.

101 1890 463 1946 Siebenkeesii
501 1889 828 1962 negligentia
869 1892 923 1945 in
963 1890 1311 1947 describendo
1350 1891 1704 1964 Theophrasti
1753 1893 1942 1949 Codice
1977 1896 2075 1950 Pa·

175 1978 344 2033 latino
385 1982 475 2033 70.

101 2066 379 2123 Secundae
417 2082 675 2138 personae
713 2067 854 2140 apud
898 2068 1115 2123 Veteres
1156 2069 1211 2122 in
1246 2090 1323 2123 ·ει
1365 2076 1598 2134 exeunt,
1642 2085 1744 2124 non
1785 2070 1836 2124 in
1873 2092 1975 2139 -ῃ,
2015 2078 2076 2126 ut

174 2158 384 2222 ἐνθυμεῖ
419 2171 523 2209 non
560 2156 778 2225 ἐνθυμῇ,
822 2161 957 2222 119,
998 2159 1135 2220 242,
1177 2159 1304 2211 567.

100 2245 248 2317 Sigla
287 2244 694 2318 praepositionis
733 2244 856 2312 πρός
898 2248 1028 2302 347.

101 2333 247 2406 Sigla
288 2331 504 2387 voculae
543 2330 645 2399 ἄρα
688 2337 815 2389 551.

101 2422 490 2495 Spartanorum
527 2421 735 2489 φιδίτια
775 2420 903 2475 olim
942 2423 1148 2491 ἀνδρεῖα
1189 2421 1508 2477 dicebantur
1547 2425 1672 2476 729.

99 2509 294 2582 Spuria
334 2509 389 2563 in
429 2508 708 2563 Aeschinis
749 2507 1093 2565 Orationibus
1133 2511 1314 2565 omnia
1353 2516 1480 2565 sunt
1520 2526 1655 2581 quae
1695 2516 1907 2582 praeter
1951 2526 2070 2566 ver-

9 2660 22 2670 ,
172 2598 238 2653 ba
277 2596 519 2654 Orator-is
559 2598 746 2651 insunt
788 2601 912 2652 790.

99 2685 355 2759 Stephani
395 2685 676 2759 Byzantini
718 2701 926 2739 errores
967 2688 1070 2748 22,
1117 2690 1242 2743 177.

98 2774 312 2831 Stobaei
366 2772 583 2828 Codices
643 2774 869 2845 pessime
928 2774 1232 2846 interpolati
1291 2778 1398 2838 49,
1459 2779 1528 2830 85
1591 2790 1746 2846 sqq.,
1802 2776 1926 2829 204.
1991 2793 2069 2848 sq.

176 2866 284 2917 294
326 2878 404 2934 sq.

98 2950 308 3006 Stobaei
348 2949 521 3005 Codex
560 2950 618 3006 Β.
661 2950 939 3006 Parisinus
977 2950 1264 3006 levissimis
1322 2950 1704 3008 Graeculorum
1746 2952 2069 3007 coniecturis

173 3041 488 3112 inquinatus
528 3043 654 3095 550.

98 3129 383 3184 Terentius
424 3126 798 3200 Apollodorum
840 3127 1103 3199 quomodo
1141 3129 1327 3185 Latine
1368 3129 1589 3185 verterit
1635 3130 1752 3181 125.

101 3218 432 3273 Themistius
472 3216 645 3289 qualis
683 3217 754 3270 sit
794 3223 983 3271 auctor
1022 3220 1149 3274 665.

99 3306 498 3377 Themistogeni
539 3305 877 3378 Syracusano
919 3305 1180 3363 tribuitur
1219 3307 1478 3364 Anabasis
1521 3310 1645 3363 758.

99 3394 452 3467 Theophrasti
493 3393 667 3450 Codex
711 3394 984 3449 Palatinus
1026 3399 1113 3451 70.

98 3483 425 3557 Theopompi
465 3482 607 3553 regis
648 3481 1033 3555 Spartanorum
1076 3490 1222 3539 aetas
1266 3487 1388 3537 717.

101 3570 478 3645 Thucydideae
518 3568 683 3634 λέξεις
723 3571 862 3644 apud
906 3570 1229 3644 Hesychium
1279 3574 1397 3625 167.
