2436 4068
1058 220 1162 269 4:25

110 366 333 431 γε’λλετο
373 363 418 417 δ’
453 364 542 426 ἤδη
578 365 660 416 ἐπ’
698 364 855 418 αὐτὸν
889 364 1137 431 ςρατεία,
1177 364 1268 418 setl
1302 365 1465 422 etiam
1509 365 1625 419 sine
1659 364 1812 420 libris
1852 375 2091 438 emerget

106 452 341 524 genuina
389 450 548 505 lectio
598 453 959 519 παρήγγελτο.
1040 451 1190 506 ltlem
1247 453 1437 506 vitium
1489 452 1859 526 Thucydidem
1917 455 2092 511 inlicit

111 539 247 593 vlu.
292 543 378 594 79.
435 540 608 601 ἐπειδὴ
665 539 754 593 καὶ
818 540 1336 603 εἶσηγγέλλετο
1395 543 1570 602 αὐτοῖς
1620 543 1649 604 ἧ
1691 543 1743 595 ἐν
1794 551 1859 611 τῇ
1923 543 2090 611 Σάμῳ

104 628 355 695 ταραχή,
407 629 515 680 imo
569 642 694 680 vero
743 627 1099 691 εἰσήγγελτο,
1159 637 1220 682 ιιι
1266 629 1442 684 locum
1504 630 1812 701 inspicienti
1868 630 2088 702 patebit.
2151 672 2153 674 .

105 713 447 771 Memorabile
490 713 794 785 exemplum
838 713 1077 768 eiusdem
1128 718 1327 770 erroris
1376 724 1701 789 postpauca
1755 719 1898 790 apud
1947 718 2090 774 Thu·

105 802 352 877 cydidem
381 802 622 857 occurrit
646 801 1012 868 προσεδέχοντο
1042 804 1128 858 τὸν
1162 806 1554 872 Στρομβιχίδην
1573 807 1840 871 βοηθήσειν
1861 825 1874 839 ·
1914 809 2088 875 πρού-

104 891 467 957 πέπεμπτο
516 890 802 958 γάρ,αύτῷ
843 888 1112 956 ἄγγελος,
1158 892 1247 945 ubi
1290 893 1346 945 in
1387 892 1539 947 libris
1579 893 1830 948 omnihus
1869 902 1951 950 est
1991 902 2086 949 aut

104 979 444 1046 προύπεμπο
491 985 588 1034 aut
643 977 1028 1045 προύπέμπετο.
1124 978 1509 1051 Imperfectum
1563 981 1932 1049 προύπέμπετο
1981 1000 2086 1037 nou

105 1068 286 1125 minus
320 1065 449 1120 huic
485 1065 602 1120 loco
634 1064 802 1119 officit
853 1073 1015 1138 atque
1068 1067 1143 1121 illi
1183 1067 1595 1132 εἶσηγγέλλετο,
1636 1075 1690 1122 et
1740 1086 1957 1140 prorsus
2003 1088 2086 1125 ea-

102 1155 225 1211 ‹lem
264 1162 346 1210 est
396 1155 681 1225 utriusque
739 1155 940 1208 erroris
981 1155 1148 1225 origo.
1231 1155 1382 1210 Addo
1422 1155 1597 1210 locum
1655 1156 1872 1211 Diodori
1918 1158 2087 1213 Siculi

108 1243 254 1299 xlx.
295 1247 346 1298 9.
401 1243 770 1308 ἐπηγγέλλετο
806 1242 912 1309 γὰρ
951 1245 1281 1308 Ἀγαθοκλῆς
1315 1244 1403 1298 καὶ
1435 1251 1599 1312 χρεῶν
1631 1246 1904 1307 ἀποκοπάς
1944 1249 2061 1310 ποιή

105 1333 291 1386 σασθαι
335 1331 425 1385 καὶ
459 1337 566 1392 τοῖς
620 1331 799 1393 πένησι
838 1331 1014 1399 χώραν
1053 1333 1404 1399 δωρήσασθαι,
1465 1333 1553 1386 ubi
1596 1339 1744 1388 recte
1782 1333 2091 1388 Dindorfius

107 1420 400 1482 ποιήσεσθαι
439 1420 679 1492 reposuit
706 1427 761 1474 et
797 1421 1136 1487 δωρήσεσθαι,
1178 1420 1270 1475 sed
1305 1421 1567 1476 debuerat
1601 1420 1742 1475 idem
1783 1422 2089 1488 ἐπήγγελτο

106 1523 377 1580 reponere.
455 1506 776 1578 Agathocles
813 1507 959 1563 enim
1006 1508 1216 1563 tabulas
1268 1526 1433 1564 novas
1484 1517 1538 1566 et
1592 1509 1763 1586 legem
1816 1511 2086 1582 agrariam
2125 1545 2127 1547 ψ

107 1611 212 1649 non
259 1595 630 1666 promittebat,
690 1596 783 1651 sed
836 1597 892 1650 in
946 1597 1203 1652 concione
1257 1599 1586 1668 promiserat.
1669 1597 1879 1653 Similia
1934 1598 2091 1670 plura

104 1682 232 1739 alibi
270 1699 429 1738 nemo
466 1682 562 1739 diu
602 1682 806 1740 frustra
846 1693 1086 1757 quaeret.

177 1771 377 1827 Novam
428 1770 694 1828 fallaciam
734 1780 1055 1829 struxerunt
1094 1772 1503 1846 interpolatores
1537 1773 1603 1828 11.
1645 1790 1701 1829 11.
1748 1778 1839 1830 ΞΟ.
1891 1776 2087 1844 Κλέαρ-

102 1880 199 1928 χος
237 1860 291 1915 δὲ
322 1861 589 1926 Τολμίδην
631 1863 834 1916 Ἠλεῖον
871 1863 1100 1917 ἀνειπεῖν
1139 1862 1380 1917 ἐκέλευσε
1422 1862 1575 1927 σιγὴν
1612 1861 2087 1931 κατακηρύξαντα·

105 1945 207 2015 [ὅτι
239 1948 660 2017 προαγορεύουσιν
699 1952 742 2005 οἱ
794 1947 1072 2022 ἄρχοντες]
1125 1947 1177 2012 ὃς
1228 1951 1292 2006 ἂν
1337 1950 1424 2004 τὸν
1461 1949 1675 2019 ἀφέντα
1721 1951 1807 2005 τὸν
1861 1950 1966 2006 ὄνον
2014 1954 2087 2013 εἷς

100 2035 172 2090 τοὶ
208 2034 353 2091 ὅπλα
389 2038 591 2106 μηνύσῃ
635 2034 712 2092 ὅτι
763 2039 998 2106 λήψεται
1035 2040 1265 2113 [μισθὸν]
1310 2038 1573 2094 τάλαντον
1609 2040 1851 2108 ἀργυρίου
1873 2082 1888 2102 ,
1950 2057 2088 2112 quae

104 2122 264 2179 verba
299 2141 331 2180 a
369 2126 598 2180 caeteris
647 2125 997 2181 distinximus
1050 2144 1271 2198 prorsus
1309 2128 1478 2181 otiosa
1531 2133 1660 2181 sunt
1699 2134 1754 2182 et
1793 2144 1824 2182 a
1865 2129 2090 2184 veritate

102 2212 178 2267 rei
219 2213 424 2284 pariter
463 2219 517 2267 et
555 2229 658 2268 usu
693 2212 907 2269 dicendi
948 2214 1263 2272 deflectunt.
1344 2215 1526 2287 Ipsum
1562 2217 1809 2284 κήρυγμα
1842 2223 1992 2271 erat:
2034 2214 2087 2279 ὃς

100 2299 165 2355 ἂν
208 2331 280 2343 -
315 2300 519 2371 μηνύσῃ
566 2302 800 2371 λήψεται
864 2301 1129 2358 τάλαντον
1183 2304 1442 2372 ἀργυρίου.
1535 2304 1596 2359 In
1655 2303 1853 2360 talibus
1908 2306 2087 2372 μισθόν

100 2403 204 2444 uon
244 2387 538 2453 addebant,
578 2390 738 2445 cuius
782 2391 859 2444 rei
902 2392 1206 2464 exemplum
1258 2409 1426 2446 unum
1468 2408 1532 2446 ex
1569 2392 1927 2466 Aristophane
1964 2393 2088 2450 affe-

100 2491 213 2533 ram
258 2483 316 2532 ut
355 2476 528 2532 obiter
567 2479 854 2550 corrigam.
937 2479 1134 2535 Editur
1171 2481 1224 2534 in
1269 2480 1470 2534 Avibus
1516 2485 1678 2536 1076.

324 2567 381 2629 ἣν
419 2567 697 2637 ἀποκτείνῃ
733 2589 812 2628 τις
854 2569 989 2634 ὑμῶν
1031 2570 1321 2638 Φιλοκράτη
1361 2570 1450 2623 τὸν
1490 2569 1754 2636 Στρούθιον

321 2654 553 2720 λήψει-αι
592 2654 885 2718 τάλαντον,
928 2657 986 2719 ἢν
1026 2658 1078 2711 δὲ
1119 2657 1287 2725 ζῶντά
1324 2660 1380 2722 γ’
1419 2656 1612 2727 ἀγάγη
1650 2657 1903 2726 τέτταρα.

100 2740 156 2796 in
215 2742 318 2796 line
373 2740 473 2797 loci
519 2763 598 2803 τις
644 2742 783 2798 male
830 2743 1204 2810 desideratur,
1259 2745 1399 2818 quod
1455 2762 1559 2798 non
1599 2751 1774 2817 potest
1822 2763 1886 2801 ex
1933 2763 2081 2818 prae-

98 2827 411 2884 cedentibus
455 2831 661 2903 repeti,
705 2837 758 2885 et
802 2830 911 2902 ἄγη
950 2835 1249 2904 requiritur
1290 2851 1385 2906 pro
1425 2833 1631 2903 ἀγάγῃ.
1713 2832 1853 2901 Quid
1911 2835 2082 2907 igitur

99 2915 308 2974 facilius
359 2926 439 2974 est
482 2935 642 2991 quam
697 2918 835 2975 hanc
885 2921 1167 2977 lectionem
1209 2924 1528 2978 restituere:
1570 2922 1627 2985 ἢν
1666 2922 1718 2976 δὲ
1761 2922 1906 2990 ζῶντ’
1946 2920 2081 2994 ἄγῃ

98 3025 200 3068 τις
245 3006 493 3075 τέτταρα.
575 3006 677 3063 Sed
725 3009 896 3065 multo
945 3011 1107 3065 etiam
1160 3012 1341 3065 minus
1377 3026 1540 3082 quam
1596 3008 1773 3075 μισθόν
1832 3008 1956 3064 addi
1994 3028 2079 3082 po-

100 3095 233 3149 tuit:
292 3096 721 3164 Προαγορεύουσιν
778 3100 821 3153 οἱ
873 3097 1156 3167 ἄρχοντες,
1216 3100 1469 3172 quoniam
1540 3097 1748 3154 nullum
1811 3105 1929 3153 erat
1982 3105 2079 3153 τῶν

96 3181 359 3250 ἀρχόντων
398 3183 682 3256 collegium
738 3193 791 3240 et
843 3186 1130 3243 Clearchus
1185 3187 1330 3242 solus
1376 3193 1494 3242 erat
1534 3202 1659 3241 cum
1714 3187 1969 3258 imperio,
2026 3194 2080 3241 et

96 3270 222 3341 quia
278 3270 496 3326 verbum
554 3276 875 3342 προαγορεύω
933 3275 998 3331 ab
1053 3275 1359 3331 huiusmodi
1411 3292 1468 3330 re
1524 3291 1746 3347 prorsus
1805 3274 2074 3329 abhorret.

99 3355 322 3413 Ponitur
360 3362 717 3428 προαγορεύειν
745 3369 840 3418 aut
874 3363 939 3418 de
978 3381 1040 3419 eo
1074 3365 1165 3436 qui
1211 3366 1430 3436 imperat
1467 3362 1699 3434 aliquid,
1741 3369 1833 3416 aut
1876 3360 2077 3416 malum

98 3443 311 3516 aliquod
341 3455 434 3502 aut
477 3465 698 3519 poenam
744 3452 1015 3516 minatur,
1052 3453 1096 3506 si
1139 3453 1261 3524 quis
1302 3469 1458 3507 secus
1499 3436 1700 3506 fecerit}
1784 3449 2073 3522 Xenophon

101 3534 329 3599 προλέγω
370 3542 423 3589 et
462 3539 781 3606 προαγορεύω
823 3557 883 3594 eo
922 3557 1082 3597 sensu
1118 3540 1423 3613 promiscue
1467 3545 1690 3608 usurpat
1727 3554 1852 3594 eum
1895 3537 2078 3593 futuro

97 3628 280 3689 προερῶ
326 3629 378 3676 et
419 3625 615 3678 aoristo
660 3635 925 3693 προεῖπον,
982 3636 1031 3684 ct
1086 3629 1316 3700 perfeeto
1367 3629 1674 3693 προείρηκα,
1741 3633 1796 3681 nt
1859 3627 1910 3679 in
1966 3626 2076 3683 vll.
