2436 4068
1278 249 1346 297 58

329 402 381 448 et
421 393 496 446 sic
531 406 716 446 omnes
768 389 1022 444 solebant.
1102 388 1257 441 Certa
1306 387 1608 458 corruptela
1667 389 1744 442 sic
1794 391 1971 444 sanari
2022 392 2218 461 poterit
2261 398 2320 447 ut

330 481 629 535 scribatur:

636 567 709 633 μὴ
749 570 897 620 τοῦτο
937 564 1207 631 μέμψησθ’
1248 563 1290 617 εἰ
1332 562 1562 630 νεώτερος
1603 564 1742 628 λέγω

639 654 704 709 ἂν
743 650 799 708 εὖ
839 657 1136 721 φρονοῦντος
1177 652 1293 712 τοὺς
1329 651 1516 717 λόγους
1555 651 1731 718 ἀνδρὸς
1770 651 1933 715 λέγω.

338 744 428 799 ubi
479 742 643 797 semel
680 739 888 795 scribae
941 753 1122 795 errore
1160 739 1429 807 μέμψησθ’
1470 740 1524 792 in
1565 739 1773 807 βλέψῃς
1815 737 1948 792 abiit
1981 744 2228 804 caetera,
2268 746 2330 795 ut

342 831 400 885 fit
422 873 436 895 ‚
477 829 725 884 indoctus
765 834 1037 882 corrector
1069 826 1135 881 ad
1169 826 1314 881 hunc
1349 843 1586 881 errorem
1628 826 2068 881 accommodavit.

414 917 664 971 Creditur
695 914 986 971 Menander
1011 914 1234 980 dixisse,
1275 921 1411 969 teste
1446 915 1800 984 grammatico
1835 915 1890 968 in
1927 914 2088 969 Bekk.
2130 913 2328 970 Anecd.

338 1022 386 1077 p.
427 1009 553 1061 429.

639 1093 705 1153 ὡς
746 1091 903 1157 μηδὲν
944 1090 1346 1158 ἀποκρινουμένῳ
1386 1091 1429 1145 δ’
1463 1088 1592 1144 οὕτω
1632 1095 1834 1144 λαλεῖν.

340 1180 431 1235 sed
473 1197 578 1234 non
617 1180 749 1234 satis
789 1179 965 1233 Attice
1004 1178 1135 1232 haec
1175 1177 1319 1232 dicta
1361 1183 1515 1232 sunt:
1557 1178 1858 1248 requiritur
1891 1177 2034 1231 enim
2073 1179 2138 1238 ὡς
2173 1176 2330 1243 μηδὲν

338 1266 759 1334 ἀποκρινουμένου
800 1269 843 1322 δ’
882 1266 1009 1321 οὕτω
1049 1267 1203 1320 λαλει
1228 1308 1241 1329 ,
1282 1266 1407 1336 quia
1442 1272 1753 1320 constanter
1791 1266 1845 1318 in
1889 1265 1984 1318 tali
2028 1281 2084 1320 re
2118 1266 2332 1337 partici-

341 1358 492 1428 pium
530 1355 770 1410 absolute
809 1354 976 1408 solent
1014 1371 1246 1425 ponere,
1287 1360 1347 1408 ut
1383 1354 1439 1406 in
1481 1353 1716 1407 Platonis
1755 1352 2111 1426 Euthydemo,
2134 1371 2183 1425 p.
2205 1357 2331 1408 295.

341 1445 397 1498 B.
440 1447 504 1505 ὡς
544 1443 963 1510 ἀποκρινουμένου
1005 1443 1194 1510 ἐρώτα,
1236 1441 1327 1495 ubi
1357 1442 1775 1508 ἀποκρινούμενον
1817 1441 1945 1496 ferri
1986 1459 2090 1496 non
2133 1448 2333 1513 potest,

342 1538 398 1586 et
433 1530 744 1603 saepissime
782 1531 860 1585 sic
901 1530 1041 1602 apud
1077 1530 1349 1584 Platonem
1389 1535 1442 1583 et
1476 1529 1607 1583 alios
1636 1529 1850 1600 legitur.

418 1618 531 1672 Non
585 1619 767 1672 minus
815 1618 956 1690 apud
996 1618 1346 1673 Menandrum
1393 1630 1554 1688 quam
1608 1616 1751 1688 apud
1805 1624 2046 1672 caeteros
2082 1617 2334 1689 frequens

344 1713 424 1760 est
458 1707 651 1760 vitium
690 1707 1029 1778 perineptum
1054 1750 1067 1771 ‚
1109 1706 1265 1778 quale
1318 1705 1650 1777 conspicitur
1690 1706 1744 1759 in
1784 1704 1868 1760 his
1909 1705 2152 1761 versibus
2193 1704 2334 1777 apud

348 1793 539 1848 Athen.
575 1795 636 1849 X.
682 1798 809 1849 454.
851 1794 904 1848 C.

1253 1882 1476 1940 κοτύλας
1508 1886 1702 1949 χωροῦν
1743 1881 1868 1935 δέκα

649 1971 698 2022 ἐν
738 1969 1090 2039 Καππαδοκία
1131 1969 1276 2024 κόνδυ
1315 1973 1536 2037 χρυσοῦν
1560 2010 1573 2030 ,
1616 1970 1899 2035 Στρουθία,

592 2057 594 2059 ’
649 2058 755 2124 τρὶς
797 2056 992 2121 ἐξέπιον
1033 2059 1190 2123 μεςόν
1231 2063 1304 2123 γ’.
1345 2067 1400 2111 Β.
1442 2055 1781 2124 Ἀλεξάνδρου
1822 2058 1976 2111 πλέον

648 2152 738 2200 τοῦ
777 2147 1038 2212 βασιλέως
1081 2146 1350 2206 πέπωκας.

346 2231 476 2304 quid
510 2232 556 2286 si
597 2230 817 2287 dixisset
851 2234 1189 2300 Ἀλεξάνδρου
1230 2234 1383 2287 πλέον
1425 2231 1673 2292 πέπωκας
1709 2253 1815 2298 γε,
1855 2232 2040 2302 ecquis
2074 2231 2336 2287 hocaferri

348 2338 503 2392 posse
543 2320 799 2392 putaret?
861 2328 917 2374 at
956 2338 1061 2375 non
1103 2322 1284 2376 minus
1335 2321 1586 2375 insanum
1628 2327 1710 2375 est
1761 2319 2053 2391 gloriosum
2107 2321 2333 2376 militem

347 2408 616 2463 dicentem
656 2408 860 2463 facere:
900 2409 1008 2476 τρὶς
1048 2408 1243 2472 ἐξέπιον
1282 2409 1440 2475 μεςόν
1479 2429 1582 2473 γε,
1626 2407 1719 2462 ubi
1755 2428 1822 2473 γε
1859 2414 1954 2462 aut
1993 2407 2128 2460 nihil
2168 2410 2334 2462 omni-

349 2513 418 2550 no
458 2496 762 2567 significat,
803 2496 943 2568 quod
983 2496 1182 2568 ubique
1225 2495 1518 2552 absurdum
1550 2502 1661 2559 est,
1703 2502 1797 2550 aut
1839 2495 1979 2550 idem
2017 2495 2160 2567 quod
2199 2514 2334 2551 sem-

347 2601 443 2656 per
472 2585 766 2655 significat,
807 2583 948 2655 quod
980 2591 1060 2639 est
1093 2587 1148 2638 in
1183 2584 1283 2639 hoc
1316 2584 1430 2638 loco
1463 2583 1777 2638 absurdum.
1858 2583 2063 2638 Addam
2099 2586 2335 2656 primum

351 2672 456 2725 duo
505 2672 605 2727 alia
643 2670 885 2744 exempla
933 2670 1171 2727 eiusdem
1209 2672 1329 2726 vitii
1375 2671 1517 2744 apud
1555 2671 1938 2737 Menandrum,
1989 2672 2182 2728 deinde
2233 2673 2338 2727 sin·-

351 2759 491 2829 gulis
531 2777 686 2830 opem
741 2759 927 2815 seram.
1005 2760 1283 2816 Menandri
1330 2759 1613 2814 consilium
1655 2775 1770 2815 esse
1816 2766 2042 2831 putatur
2080 2762 2135 2815 in
2193 2759 2338 2817 Stoh.

352 2847 531 2901 Flo'ril.
571 2849 725 2902 LXX.
771 2853 820 2902 7.

653 2937 728 2990 δύ’
767 2934 885 3000 ἔσθ’,
925 2933 962 2990 ἃ
998 2943 1161 3004 κρῖναι
1201 2937 1287 2991 τὸν
1328 2942 1526 3002 γαμεῖν
1557 2935 1826 3001 μέλλοντα
1867 2937 1946 2990 δεῖ

656 3023 763 3086 ἤτοι
804 3032 1030 3091 προσηνῆ·
1060 3026 1116 3089 γ’
1154 3023 1272 3090 ὅφιν
1314 3025 1342 3086 ἢ
1381 3024 1574 3091 χρῇς-ὸν
1614 3023 1813 3091 τρόπον.

354 3110 581 3164 alterum
617 3119 699 3164 est
739 3112 879 3182 apud
920 3111 1081 3166 Clem.
1125 3108 1271 3166 Alex.
1318 3110 1514 3165 Strom.
1550 3111 1618 3165 II.
1662 3129 1710 3182 p.
1741 3115 1866 3165 502.

1110 3201 1303 3254 παίδων
1342 3201 1424 3252 ἐπ’
1465 3198 1627 3267 οΞρότῳ
1659 3201 1878 3264 γνησίων

771 3286 951 3351 δίδωμί
985 3289 1064 3343 σοί
1101 3308 1167 3354 γε
1206 3289 1298 3350 τὴν
1339 3289 1566 3353 ἐμαυτοῦ
1608 3287 1888 3353 θυγατέρα.

352 3372 670 3428 Incredibile
704 3371 854 3426 dictu
892 3382 975 3428 est
1008 3391 1169 3446 quam
1205 3382 1408 3430 temere
1443 3375 1568 3428 olim
1608 3374 1844 3438 librarii,
1885 3372 2076 3427 deinde
2110 3372 2339 3429 editores

349 3461 591 3514 voculam
630 3481 728 3525 γε,
769 3462 989 3531 perinde
1018 3480 1079 3517 ac
1120 3465 1165 3516 si
1205 3463 1339 3517 nihil
1373 3463 1590 3516 omnino
1624 3461 1983 3532 significaret,
2024 3460 2089 3515 de
2125 3479 2224 3515 suo
2259 3463 2337 3516 in-

351 3548 541 3601 fercire
588 3548 826 3612 soleant,
876 3549 1203 3621 ubicumque
1257 3551 1434 3623 aliqua
1488 3552 1647 3606 metri
1695 3550 1840 3604 labes
1893 3549 2192 3603 remedium
2246 3556 2339 3603 aut

350 3637 779 3707 supplementum
820 3636 1066 3691 videatur
1107 3640 1337 3710 exigere.
1419 3638 1644 3694 Difficile
1700 3644 1779 3692 est
1822 3638 1937 3692 sine
1985 3639 2098 3692 risu
2148 3638 2334 3691 Poeta·
2426 3659 2429 3678 ι
