2436 4068
1345 215 1446 262 254

421 364 572 428 μεθα.
657 359 841 414 Inutili
909 359 1212 411 coniectura
1273 355 1557 413 Elmsleius
1623 357 1676 408 iu
1731 356 2003 428 Iphigenia
2064 358 2238 414 Aulid.
2277 362 2402 413 404.

421 467 517 522 pro

653 535 715 590 οιῖ
746 534 837 596 οιῖ,
880 534 1063 601 φίλους
1105 530 1183 598 ἄρ’
1224 531 1341 598 οὐχὶ
1393 532 1654 596 κεκτήμην
1695 532 1904 593 τοὶλοος,

422 624 780 679 substituebat
821 623 1005 690 φίλους
1064 619 1127 673 ἂν
1183 620 1302 686 οὐχὶ
1345 622 1625 687 κεκτῄμην.
1706 619 1934 689 Vulgata
1986 623 2267 677 sanissima
2320 630 2399 676 est

423 717 510 768 οὐκ
552 713 838 776 ἐκεκτήμην
893 707 995 775 bipes
1033 708 1249 775 φίλους,
1290 708 1379 760 οὐκ
1415 705 1556 775 εἶχον
1597 706 1697 773 ἄροο
1733 708 1919 775 φίλους
1959 714 2013 762 et
2048 709 2241 764 similia
2282 726 2400 781 pas-

420 801 554 862 sim,
595 814 731 869 quae
765 795 829 850 ab
863 812 923 850 eo
959 795 1215 849 dicuntur
1249 812 1408 865 quem
1447 812 1566 866 spes
1606 803 1659 849 et
1694 795 1872 866 opinio
1907 794 2163 851 fefellerat
2199 799 2399 869 quique

421 904 477 941 se
506 886 787 958 deceptum
823 891 877 938 et
912 883 1232 942 frustratum
1269 899 1383 937 esse
1417 900 1560 936 nunc
1599 881 1816 936 demum
1857 882 2108 954 iutelligit
2146 891 2199 938 et
2232 901 2398 939 moes·

420 982 508 1028 tus
548 990 782 1029 errorem
825 973 1066 1044 agnoscit
1100 986 1291 1034 suum,
1337 978 1392 1024 ut
1436 972 1489 1024 in
1530 969 1757 1024 Hercule
1797 971 2031 1025 Furente
2066 976 2192 1026 541.

721 1061 784 1115 σὺ
821 1061 865 1114 δ’
905 1059 1012 1124 ἦσθ’
1044 1060 1124 1128 ἄρ’
1161 1058 1324 1122 ἧσο-ων
1360 1059 1389 1121 ἢ
1429 1058 1606 1117 ’δόκεις
1649 1055 1776 1112 εἶναι
1809 1060 1981 1127 φίλος.

422 1150 513 1204 ubi
547 1150 718 1205 obiter
749 1149 958 1221 corrige
987 1149 1136 1214 ἧσο-ον
1172 1149 1200 1212 ἢ
1236 1146 1413 1206 ’δόκεις
1454 1141 1580 1200 εἷνοιι
1614 1147 1797 1214 φίλος,
1839 1146 2041 1200 dicitur
2072 1149 2216 1203 enim
2250 1146 2398 1210 ἧσο-ον

416 1240 572 1308 φίλος
609 1245 666 1293 ut
701 1241 907 1304 μᾶλλον
948 1238 1102 1306 φίλος
1140 1237 1194 1289 in
1236 1234 1433 1288 Helena
1462 1237 1550 1288 92.
1591 1235 1687 1288 τίν’
1722 1234 1784 1288 ἂν
1817 1234 1955 1302 ἔχοις
1982 1238 2187 1300 μᾶλλον
2221 1237 2399 1305 φίλον;

415 1335 470 1382 et
508 1326 652 1382 alibi.
732 1325 894 1380 Plane
933 1323 1193 1396 gemellus
1230 1321 1380 1376 locus
1416 1329 1497 1376 est
1534 1323 1589 1376 in
1624 1320 1810 1376 Oreste
1849 1326 1973 1377 709.

719 1412 910 1482 ἄφιλος
953 1411 1058 1474 ἧσθ’
1100 1410 1215 1479 ἄρ’,
1254 1408 1288 1464 ὦ
1330 1409 1533 1477 ποέτερ,
1576 1408 1816 1478 πράσσων
1857 1417 2043 1471 κακῶς.

417 1503 620 1556 Passim
661 1500 762 1569 ἄρα
798 1499 1110 1572 imperfecto
1154 1505 1248 1553 aut
1283 1496 1805 1570 plusquamperfecto
1855 1498 2158 1554 subiectum
2203 1501 2400 1574 (rarius

413 1591 558 1645 enim
594 1589 694 1658 ἄρα
728 1588 999 1662 praecedit
1032 1586 1275 1657 verbum)
1318 1585 1551 1640 dolorem
1589 1587 1756 1639 animi
1794 1587 2085 1657 significat,
2127 1589 2282 1659 quale
2315 1599 2397 1645 est

413 1678 554 1749 quod
596 1679 822 1733 Brutum
870 1676 1196 1730 moriturum
1238 1690 1524 1745 usurpasse
1569 1681 1791 1728 narrant
1832 1691 2016 1728 versus
2042 1676 2396 1748 Euripideos:

714 1763 749 1820 ὦ
789 1772 986 1830 τλῆμον
1025 1763 1209 1831 οὲρετή,
1253 1763 1409 1827 λόγος
1450 1760 1532 1828 ἄρ’
1573 1760 1709 1825 ἦσθ’,
1751 1763 1851 1827 ἐγὼ
1892 1763 1945 1817 δέ
1976 1785 2035 1818 σε

711 1856 774 1914 ὥς
817 1853 959 1920 ἐ’ργον
1000 1854 1198 1916 ἤσκουν.
1239 1852 1301 1905 σὺ
1343 1852 1385 1905 δ’
1425 1848 1504 1917 ἄρ’
1546 1850 1807 1910 ἐδούλευες
1847 1851 2002 1919 τύχη.

485 1942 599 1997 Non
640 1940 864 1996 debebat
900 1957 1026 2010 ergo
1065 1938 1353 1994 Elmsleius
1397 1937 1684 1991 sollicitare
1725 1937 1885 1992 verba
1923 1940 2108 2007 φίλους
2157 1939 2237 2008 ἄρ’
2277 1943 2394 2010 οὐχὶ

414 2033 675 2097 κεκτήμην
704 2029 912 2093 τάλας,
953 2027 1045 2083 sed
1086 2027 1226 2082 idem
1268 2026 1468 2098 optime
1507 2027 1777 2097 perspexit
1823 2043 2060 2081 errorem
2107 2029 2160 2081 in
2202 2029 2397 2101 Sopho·

408 2120 508 2174 elis
550 2117 747 2189 Oedipo
801 2117 1053 2189 Tyranno
1103 2116 1453 2168 commissum
1495 2121 1547 2167 et
1593 2113 1656 2166 ab
1705 2113 1825 2168 aliis
1871 2122 1923 2168 et
1971 2115 2035 2169 ab
2084 2116 2395 2181 EustathiO,

411 2205 613 2261 nullius
653 2204 840 2258 iudicii
881 2204 1132 2265 homine,
1176 2202 1241 2256 ad
1282 2202 1433 2256 Hom.
1475 2200 1626 2254 Iliad.
1673 2210 1740 2256 Ψ.
1775 2205 1911 2266 561,
1953 2204 2046 2273 qui
2086 2221 2180 2274 pro
2221 2222 2395 2260 exem-

413 2294 498 2366 plo
538 2293 760 2365 optativi
799 2292 1114 2360 μεμνῴμεθοι
1156 2289 1311 2344 affert
1351 2289 1494 2343 hunc
1530 2289 1706 2358 ipsum
1749 2288 2022 2361 Sophoclis
2051 2293 2354 2346 senarium:

718 2383 885 2448 ἀρχῆς
926 2381 977 2434 δὲ
1018 2387 1110 2442 τῆς
1150 2386 1242 2441 σῆς
1283 2377 1468 2443 μηκέτι
1509 2376 1858 2444 μεμνῴμεθοε,

414 2469 550 2523 vidit
595 2469 738 2524 enim
787 2467 1075 2522 Elmsleius
1114 2488 1128 2520 ι
1167 2466 1531 2519 adventicium
1590 2481 1705 2518 esse
1752 2472 1805 2518 et
1864 2467 2263 2522 coniunctivum
2305 2490 2397 2534 με·

417 2559 660 2623 μνώμεθα
691 2573 721 2610 a
753 2563 908 2628 poeta
943 2571 1059 2609 esse
1094 2554 1381 2625 scriptum,
1416 2552 1480 2606 de
1506 2567 1612 2622 qua
1642 2551 1812 2606 forma
1848 2554 1990 2608 nulla
2015 2554 2116 2609 fuit
2139 2572 2395 2627 umquam

420 2646 703 2701 dubitatio,

495 2732 742 2789 Mendum
783 2738 865 2786 est
905 2731 958 2784 in
1001 2728 1296 2784 Heraclidis
1336 2745 1410 2782 VS.
1452 2733 1575 2783 145.

797 2825 999 2874 πολλῶν
1039 2819 1090 2871 δὲ
1131 2816 1339 2871 κᾶλλων
1381 2817 1521 2878 ἒςίοος
1562 2815 1868 2884 οὲφιγμένων

799 2908 849 2961 ἐν
888 2913 1045 2961 τοῖσιν
1085 2908 1259 2966 αὐτοῖς
1299 2906 1476 2959 τοῖο-ἰδ’
1514 2903 1707 2971 ἕςοιμεν
1746 2905 1919 2970 λόγοις
1943 2948 1956 2969 ,

805 2995 996 3055 κούδεὶς
1039 2993 1286 3059 ἐτόλμησ’
1326 2994 1429 3046 ἴδιοι
1469 2994 1765 3061 προσθέσθαι
1806 2993 1964 3048 κοοκοέ.

419 3086 595 3158 palam
642 3090 722 3137 est
769 3084 911 3137 enim
959 3081 1197 3136 medium
1250 3081 1530 3135 senariumv
1563 3081 1867 3152 significare
1910 3082 1982 3136 τοὶ
2040 3085 2182 3138 αὐτοὶ
2219 3090 2395 3140 ταῦτα

421 3177 682 3240 λέγομεν,
726 3171 817 3227 sed
853 3171 1106 3243 quoniam
1152 3169 1416 3222 sententia
1456 3167 1558 3222 loci
1601 3170 1847 3235 εἴπομεν,
1897 3187 1999 3223 non
2037 3172 2260 3238 λέγομεν
2302 3181 2396 3228 aut

422 3265 708 3329 ἐλέγομεν,
749 3259 1010 3331 postulat,
1065 3257 1310 3327 sequitur
1349 3255 1536 3321 ἕςημεν
1578 3274 1672 3327 pro
1714 3255 1908 3323 ἕςοεμεν
1949 3274 2062 3312 esse
2109 3261 2394 3316 emendan-

423 3353 569 3406 dum.
649 3347 798 3416 Quod
837 3355 955 3418 post
995 3362 1163 3417 pauca
1199 3345 1442 3415 sequitur
1481 3361 1556 3397 vs,
1599 3348 1722 3398 150.

803 3439 857 3489 οὐ
899 3435 1001 3502 γοὶρ
1044 3435 1258 3501 φρενήρη
1300 3434 1357 3497 γ’
1399 3432 1518 3487 ὅντοο
1560 3435 1606 3485 α’
1646 3433 1910 3499 ἐλπίζουσί
1949 3456 2043 3488 που

807 3523 954 3589 μόνον
995 3523 1248 3583 τοσαύτης
1292 3518 1345 3581 ἧς
1388 3522 1599 3583 ἐπῆλθον
1641 3521 1891 3582 Ἑλλοὲδος

793 3613 892 3671 τοὶς
933 3612 1073 3664 τῶνδ’
1116 3609 1368 3674 οέβούλους
1410 3608 1680 3677 συμφορὰς
1724 3619 2058 3671 umatum-cen,
