2436 4068
1286 226 1352 274 94

315 370 546 438 ὑπερεῖδε
585 370 731 423 ταῦθ’
766 367 789 421 ὃ
830 373 1112 434 προσαιτῶν
1152 365 1237 420 καὶ
1275 369 1470 433 ῥυπῶν,
1512 366 1566 420 id
1596 372 1676 420 est
1712 366 1947 421 Bentleio
1987 366 2301 438 interprete:

316 457 582 512 contemsit
621 457 721 510 ista
761 455 1027 508 mendicus
1065 454 1159 507 ille
1200 461 1247 506 et
1287 453 1562 517 sordidus,
1616 452 1708 507 sed
1760 455 1991 520 ὑπερεῖδε
2035 454 2306 524 significat

310 552 618 616 aspernatus
659 552 766 607 est,
807 548 860 596 et
902 541 1031 612 quid
1072 557 1271 612 quaeso
1312 548 1415 594 est:
1470 540 1731 595 Monimus
1770 541 2065 596 decantatas
2105 543 2302 614 sapien·

310 633 439 686 tium
493 632 770 686 sententias
821 636 1128 698 aspernatus
1196 630 1318 682 est?
1378 628 1545 693 nihil,
1600 629 1802 700 opinor.
1883 630 1990 682 Fac
2039 632 2303 683 contemsit

309 720 632 791 significare.
713 716 853 784 Quid
905 732 1097 770 causae
1137 722 1219 770 est
1266 732 1366 769 cur
1417 716 1574 770 homo
1629 716 1841 787 sapiens
1894 715 2108 770 dicatur
2153 733 2302 788 prae·

306 809 451 863 clara
499 807 642 860 dicta
690 811 935 858 veterum
995 803 1376 858 contemnere?
1457 804 1526 858 At
1577 802 1713 857 nihil
1767 803 1959 857 horum
2011 803 2302 858 Menander

305 896 456 950 dixit.
536 894 597 948 In
642 891 925 946 Codicibus
965 898 1042 946 est
1082 891 1332 945 omnibus
1373 893 1498 958 ὑπὲρ
1533 892 1585 946 δὲ
1625 893 1791 955 ταῦθ’,
1833 891 1973 962 quod
2015 891 2302 947 infeliciter

306 981 594 1037 admodum
618 978 857 1050 Scaliger
896 980 950 1033 in
993 981 1224 1047 ὑπερεῖδε
1269 981 1532 1043 mutavit,
1572 995 1733 1050 quem
1774 979 2078 1032 inconsulto
2116 978 2302 1034 Critici

305 1086 490 1124 omnes
531 1074 849 1139 sequuntur.
931 1067 1203 1138 Superavit
1244 1066 1375 1121 haec
1425 1067 1606 1121 omnia
1645 1067 1912 1120 Monimus
1938 1108 1952 1131 ,
1997 1067 2152 1121 cuius
2192 1066 2302 1121 dic·

305 1166 422 1212 tum
462 1160 570 1211 πᾶν
607 1156 665 1210 τὸ
713 1156 1008 1223 ὑποληφθὲν
1041 1154 1210 1223 τῦφός
1248 1156 1324 1211 ε’ςι
1366 1154 1657 1210 Menandro
1695 1153 1910 1208 videtur
1950 1153 2301 1208 celebratissi-

305 1247 410 1299 mis
451 1250 690 1299 veterum
742 1243 1062 1307 sententiiS,
1116 1249 1222 1303 τοῖς
1260 1243 1537 1309 βοωμένοις
1586 1243 1819 1307 τούτοις,
1868 1242 2300 1314 anteponendum

303 1350 454 1397 esse,
511 1338 563 1386 et
603 1331 904 1385 rectissime
954 1330 1090 1384 dixit
1129 1330 1266 1385 οὐδὲν
1318 1332 1541 1400 ἐμφερὲς
1592 1339 1699 1392 τοῖς
1748 1331 2023 1397 βοωμένοις
2061 1331 2296 1392 τούτοις,

303 1423 428 1490 ὑπὲρ
477 1422 529 1475 δὲ
578 1424 770 1475 ταῦτα.
852 1419 1134 1473 Caeterum
1188 1435 1293 1472 non
1335 1418 1551 1474 aliunde
1591 1434 1753 1490 quam
1803 1435 1865 1471 ex
1901 1417 2000 1472 hoc
2040 1418 2156 1489 ipso
2194 1419 2296 1473 Me-

303 1508 496 1564 nandri
537 1508 650 1562 loco
692 1513 934 1561 sumtum
971 1512 1052 1560 est
1094 1505 1146 1559 id
1188 1506 1331 1577 quod
1369 1506 1572 1578 legitur
1607 1505 1750 1578 apud
1789 1506 2030 1560 Marcum
2071 1507 2298 1560 Antoni-

306 1614 436 1651 num
472 1596 538 1650 ΙΙ.
584 1601 669 1651 15.
711 1591 786 1649 ὅτι
825 1597 931 1648 πᾶν
977 1594 1254 1662 ὑπόληψις.
1296 1596 1432 1659 δῆλα
1472 1596 1567 1661 μὲν
1607 1594 1715 1662 γὰρ
1755 1595 1827 1648 τα
1868 1594 1988 1661 πρὸς
2035 1599 2124 1649 τοῦ
2168 1615 2298 1650 κυνι-

302 1690 388 1740 κοῦ
425 1684 658 1751 Μονίμου
692 1682 977 1748 λεγόμενοι.

397 1773 687 1843 Postquam
741 1769 1032 1824 Menandro
1084 1769 1350 1826 laboranti
1408 1777 1672 1843 quantum
1735 1771 2012 1843 potuimus
2070 1770 2296 1826 tulimus

304 1877 454 1933 opem
478 1858 665 1914 reddet
700 1858 851 1913 nobis
886 1858 1024 1913 hanc
1047 1876 1264 1931 operam
1306 1863 1383 1916 sic
1404 1902 1419 1925 ,
1461 1868 1523 1916 ut
1563 1861 1679 1915 eius
1719 1861 2042 1914 auctoritate
2075 1865 2296 1913 utamur

303 1948 370 2002 ad
410 1945 771 2002 emendandos
804 1946 947 2001 locos
969 1948 1228 2019 quosdam
1252 1949 1479 2004 aliorum
1504 1992 1518 2013 ,
1558 1956 1612 2004 et
1649 1947 1791 2020 quod
1825 1947 1967 2019 apud
1996 1963 2121 2001 eum
2150 1952 2296 2000 recte

301 2043 354 2091 et
393 2035 673 2091 emendate
712 2035 977 2107 scriptum
1019 2043 1263 2108 superest
1302 2036 1471 2092 facem
1510 2036 1662 2091 nobis
1698 2034 1963 2107 praeferat
2005 2033 2071 2088 ad
2111 2033 2295 2105 depre-

301 2123 638 2179 hendendam
675 2122 878 2187 labem,
919 2140 1078 2194 quam
1118 2125 1398 2196 populares
1432 2124 1652 2197 quidam
1693 2125 1809 2178 eius
1845 2129 1939 2178 aut
1979 2121 2070 2176 alii
2106 2121 2296 2176 Graeci

302 2213 591 2283 scriptores
630 2210 756 2264 olim
797 2214 1187 2266 contraxerint.
1267 2213 1512 2267 Primum
1543 2212 1786 2266 omnium
1830 2210 2139 2283 planissime
2173 2227 2294 2264 con·

302 2299 538 2354 firmabit
576 2299 996 2361 correctionem,
1055 2315 1161 2370 qua
1215 2300 1667 2371 pseudo-Luciani
1705 2299 1884 2353 locum
1939 2299 1995 2352 in
2048 2297 2184 2352 libro
2231 2298 2294 2352 dc

300 2388 578 2442 Amoribus
600 2403 772 2459 nuper
808 2386 1168 2441 restituimus,
1202 2387 1498 2443 Scholiasta
1539 2387 1808 2459 Aristoph.
1851 2385 1917 2441 ad
1958 2384 2290 2459 Aves21‘258.

300 2475 511 2531 erudite
550 2475 804 2529 docuerat
839 2470 1080 2538 πατάξαι
1118 2491 1149 2528 a
1194 2474 1424 2531 Comicis
1466 2479 1536 2538 εἰς
1586 2477 1644 2532 τὸ
1685 2475 2031 2544 κακέμφατον
2075 2474 2158 2548 (ut
2202 2474 2292 2529 isti

300 2565 597 2636 loquuntur
630 2562 696 2618 de
727 2562 905 2617 verbis
939 2563 1301 2636 praetextatis)
1345 2566 1517 2636 accipi
1552 2565 1737 2620 solere.
1820 2562 2008 2617 Trahit
2047 2560 2155 2617 huc
2185 2583 2291 2631 χα-

299 2651 541 2717 μαιτύπη
592 2650 763 2724 (unde
809 2652 1194 2720 χαμαιτυπιά,
1249 2660 1674 2719 χαμαιτυπεῖον,
1731 2657 2100 2719 χαμαιτυπεῖν
2149 2650 2292 2722 apud

299 2739 528 2812 Hesych.
607 2737 682 2792 Cf.
725 2739 1007 2813 Wyttcnb.
1045 2739 1111 2793 ad
1150 2739 1288 2795 Plut.
1327 2741 1508 2795 Moral.
1552 2759 1601 2812 p.
1630 2746 1678 2796 5.
1722 2740 1801 2812 B.)
1845 2746 1897 2795 et
1936 2755 1966 2793 e
2000 2738 2290 2794 Menandro

303 2827 457 2883 affert
498 2827 661 2894 πρώην
715 2825 844 2894 ἄρας
885 2826 1164 2892 ἐπάταξα,
1205 2827 1348 2882 unde
1381 2828 1585 2900 liquido
1617 2835 1838 2900 apparet
1874 2826 2033 2882 verba
2069 2826 2291 2899 pseudo-

301 2915 523 2976 Luciani
563 2918 660 2977 58,
703 2919 790 2969 55.
844 2912 940 2969 εἶτ’
995 2916 1101 2969 ἀπὸ
1142 2921 1239 2969 τῶν
1286 2922 1454 2984 μηρῶν
1505 2917 1968 2985 προοιμιασάμενος
2023 2915 2167 2970 κατα
2205 2915 2292 2970 τὸν

302 3003 520 3070 κωμικὸν
563 3004 723 3057 αὐτὸ
768 3001 1106 3066 ἐπάταξεν
1163 3005 1496 3060 emendanda
1545 3022 1660 3060 esse
1701 3007 1755 3059 in
1809 3002 1937 3071 ἄρας
1991 3001 2288 3067 ἐπάταξεν,

302 3099 356 3148 et
401 3089 678 3145 Menandri
721 3089 852 3144 haec
905 3089 1067 3144 verba
1108 3107 1224 3146 esse
1275 3109 1371 3163 per
1422 3093 1598 3147 iocum
1649 3099 1701 3148 et
1748 3094 1919 3147 risum
1978 3107 2042 3145 ex
2087 3090 2288 3145 Aristo-

300 3179 492 3251 phanis
537 3177 823 3249 Equitibus
869 3182 1028 3233 1150.
1084 3178 1190 3233 huc
1236 3179 1511 3234 translata.

379 3265 592 3338 Optime
631 3265 918 3320 Menander
947 3266 1011 3321 de
1046 3267 1310 3322 Aeschine
1347 3268 1544 3322 mereri
1586 3268 1811 3340 poterit,
1852 3268 1896 3321 si
1933 3267 2054 3338 quis
2092 3267 2290 3320 utrius·

301 3371 406 3426 que
444 3353 621 3408 locum
661 3370 978 3425 componere
1016 3354 1247 3409 voluerit
1287 3372 1352 3410 ex
1387 3372 1616 3427 quorum
1670 3356 2066 3427 comparatione
2105 3353 2287 3409 Orato-

303 3443 379 3496 ris
420 3458 612 3495 manus
652 3457 907 3512 apparere
954 3443 1136 3513 possit.
1221 3443 1414 3498 Suidas
1454 3461 1519 3498 ex
1560 3443 1737 3516 aliqua
1786 3444 1953 3498 veteri
2005 3441 2143 3505 λέξει
2190 3464 2282 3496 κω·

303 3539 427 3599 μικῇ
482 3529 611 3584 haec
664 3529 932 3600 descripta
987 3531 1219 3583 servavit
1258 3548 1306 3584 v.
1387 3534 1493 3594 Εἰς
1548 3532 1790 3598 αγορὰν
1841 3531 2171 3599 ὑφαίνεινε
2227 3531 2286 3583 τὸ

303 3619 373 3679 εἷς
416 3619 506 3680 την
546 3619 742 3686 αγορὰν
791 3618 1021 3687 ἐκφέρειν
1051 3618 1122 3672 τοὶ
1165 3619 1504 3690 ὑφαινόμενα.
1561 3619 1686 3677 οὕτω
1740 3619 2042 3687 Μένανδρος.
2126 3617 2286 3676 Plane

2409 350 2436 435 4
