<?xml version="1.0" encoding="UTF-8"?>
<!DOCTYPE html PUBLIC "-//W3C//DTD XHTML 1.0 Transitional//EN"
    "http://www.w3.org/TR/xhtml1/DTD/xhtml1-transitional.dtd">
<html xmlns="http://www.w3.org/1999/xhtml" xml:lang="en" lang="en">
 <head>
  <title>
</title>
<meta http-equiv="Content-Type" content="text/html;charset=utf-8" />
  <meta name='ocr-system' content='tesseract 3.04.00' />
  <meta name='ocr-capabilities' content='ocr_page ocr_carea ocr_par ocr_line ocrx_word'/>
</head>
<body>
  <div class='ocr_page' id='page_1' title='image "./novaelectionesqu00cobeuoft/novaelectionesqu00cobeuoft_0605.png"; bbox 0 0 2436 4068; ppageno 0'>
   <div class='ocr_carea' id='block_1_1' title="bbox 1059 221 1156 270">
    <p class='ocr_par' dir='ltr' id='par_1_1' title="bbox 1059 221 1156 270">
     <span class='ocr_line' id='line_1_1' title="bbox 1059 221 1156 270; baseline -0.01 0"><span class='ocrx_word' id='word_1_1' title='bbox 1059 221 1156 270; x_wconf 74' lang='lat'><strong>571</strong></span> 
     </span>
    </p>
   </div>
   <div class='ocr_carea' id='block_1_2' title="bbox 102 359 2102 3609">
    <p class='ocr_par' dir='ltr' id='par_1_2' title="bbox 102 359 2099 1403">
     <span class='ocr_line' id='line_1_2' title="bbox 111 359 2091 437; baseline -0.002 -18"><span class='ocrx_word' id='word_1_2' title='bbox 111 372 170 419; x_wconf 88' lang='lat' dir='ltr'><strong>ut</strong></span> <span class='ocrx_word' id='word_1_3' title='bbox 210 362 558 435; x_wconf 76' lang='lat' dir='ltr'><strong>suppleatur:</strong></span> <span class='ocrx_word' id='word_1_4' title='bbox 614 372 1011 430; x_wconf 76' lang='grc' dir='ltr'><em>συνομολογεῖν,</em></span> <span class='ocrx_word' id='word_1_5' title='bbox 1073 363 1285 437; x_wconf 88' lang='grc' dir='ltr'><em>(λέγων)</em></span> <span class='ocrx_word' id='word_1_6' title='bbox 1341 364 1442 432; x_wconf 70' lang='grc' dir='ltr'><strong>ἀφ’</strong></span> <span class='ocrx_word' id='word_1_7' title='bbox 1497 360 1559 416; x_wconf 75' lang='grc' dir='ltr'><em>ὧν</em></span> <span class='ocrx_word' id='word_1_8' title='bbox 1616 381 1694 422; x_wconf 80' lang='grc' dir='ltr'><strong>τις</strong></span> <span class='ocrx_word' id='word_1_9' title='bbox 1756 361 1866 417; x_wconf 64' lang='lat' dir='ltr'><strong>sei-5.</strong></span> <span class='ocrx_word' id='word_1_10' title='bbox 1948 359 2091 416; x_wconf 80' lang='lat' dir='ltr'><strong>Salis</strong></span> 
     </span>
     <span class='ocr_line' id='line_1_3' title="bbox 104 449 2093 524; baseline -0.003 -17"><span class='ocrx_word' id='word_1_11' title='bbox 104 453 209 507; x_wconf 88' lang='lat' dir='ltr'><strong>erit</strong></span> <span class='ocrx_word' id='word_1_12' title='bbox 247 453 609 522; x_wconf 81' lang='lat' dir='ltr'><strong>composuisse</strong></span> <span class='ocrx_word' id='word_1_13' title='bbox 651 452 828 506; x_wconf 88' lang='lat' dir='ltr'><strong>locum</strong></span> <span class='ocrx_word' id='word_1_14' title='bbox 867 469 929 506; x_wconf 84' lang='lat' dir='ltr'><strong>ex</strong></span> <span class='ocrx_word' id='word_1_15' title='bbox 978 467 1094 524; x_wconf 90' lang='lat' dir='ltr'><strong>cap.</strong></span> <span class='ocrx_word' id='word_1_16' title='bbox 1135 451 1302 506; x_wconf 82' lang='lat' dir='ltr'><strong>XVII.</strong></span> <span class='ocrx_word' id='word_1_17' title='bbox 1351 456 1438 505; x_wconf 91' lang='lat'><strong>11.</strong></span> <span class='ocrx_word' id='word_1_18' title='bbox 1482 450 1568 505; x_wconf 76' lang='grc' dir='ltr'><strong>καὶ</strong></span> <span class='ocrx_word' id='word_1_19' title='bbox 1611 449 1673 504; x_wconf 83' lang='grc' dir='ltr'><strong>σύ</strong></span> <span class='ocrx_word' id='word_1_20' title='bbox 1709 469 1775 515; x_wconf 86' lang='grc' dir='ltr'><em>γε</em></span> <span class='ocrx_word' id='word_1_21' title='bbox 1820 461 2093 514; x_wconf 86' lang='grc' dir='ltr'><em>συνομολο-</em></span> 
     </span>
     <span class='ocr_line' id='line_1_4' title="bbox 102 536 2093 608; baseline -0.001 -15"><span class='ocrx_word' id='word_1_22' title='bbox 102 547 219 605; x_wconf 87' lang='grc' dir='ltr'><em>γεῖς</em></span> <span class='ocrx_word' id='word_1_23' title='bbox 272 539 491 603; x_wconf 84' lang='grc' dir='ltr'><em>λέγων</em></span> <span class='ocrx_word' id='word_1_24' title='bbox 545 537 621 594; x_wconf 71' lang='grc' dir='ltr'><strong>ἔτι</strong></span> <span class='ocrx_word' id='word_1_25' title='bbox 664 540 882 608; x_wconf 79' lang='grc' dir='ltr'><em>νομίζεις</em></span> <span class='ocrx_word' id='word_1_26' title='bbox 924 547 1030 600; x_wconf 78' lang='grc' dir='ltr'><em>τοῖς</em></span> <span class='ocrx_word' id='word_1_27' title='bbox 1082 540 1420 606; x_wconf 54' lang='lat' dir='ltr'><strong>&amp;cosm-§pom</strong></span> <span class='ocrx_word' id='word_1_28' title='bbox 1472 541 1602 593; x_wconf 76' lang='grc' dir='ltr'><em>πᾶσι</em></span> <span class='ocrx_word' id='word_1_29' title='bbox 1655 538 1782 604; x_wconf 83' lang='grc' dir='ltr'><em>μείω</em></span> <span class='ocrx_word' id='word_1_30' title='bbox 1835 536 2093 604; x_wconf 71' lang='grc' dir='ltr'><em>προστάτ-</em></span> 
     </span>
     <span class='ocr_line' id='line_1_5' title="bbox 104 623 2094 694; baseline -0.001 -12"><span class='ocrx_word' id='word_1_31' title='bbox 104 649 210 683; x_wconf 82' lang='grc' dir='ltr'><em>τειν</em></span> <span class='ocrx_word' id='word_1_32' title='bbox 279 628 602 694; x_wconf 72' lang='grc' dir='ltr'><em>πράγματα.</em></span> <span class='ocrx_word' id='word_1_33' title='bbox 699 629 916 682; x_wconf 78' lang='lat' dir='ltr'><strong>Poterat</strong></span> <span class='ocrx_word' id='word_1_34' title='bbox 972 628 1138 681; x_wconf 88' lang='lat' dir='ltr'><strong>etiam</strong></span> <span class='ocrx_word' id='word_1_35' title='bbox 1204 626 1331 682; x_wconf 75' lang='grc' dir='ltr'><em>οὕτω</em></span> <span class='ocrx_word' id='word_1_36' title='bbox 1387 627 1572 682; x_wconf 90' lang='lat' dir='ltr'><strong>abesse</strong></span> <span class='ocrx_word' id='word_1_37' title='bbox 1630 632 1684 680; x_wconf 90' lang='lat' dir='ltr'><strong>et</strong></span> <span class='ocrx_word' id='word_1_38' title='bbox 1734 625 1904 680; x_wconf 90' lang='lat' dir='ltr'><strong>multo</strong></span> <span class='ocrx_word' id='word_1_39' title='bbox 1962 623 2094 680; x_wconf 89' lang='lat' dir='ltr'><strong>adeo</strong></span> 
     </span>
     <span class='ocr_line' id='line_1_6' title="bbox 106 712 2095 785; baseline -0.001 -16"><span class='ocrx_word' id='word_1_40' title='bbox 106 714 301 771; x_wconf 91' lang='lat' dir='ltr'><strong>melius</strong></span> <span class='ocrx_word' id='word_1_41' title='bbox 336 715 581 782; x_wconf 88' lang='lat' dir='ltr'><strong>abesset,</strong></span> <span class='ocrx_word' id='word_1_42' title='bbox 622 715 715 770; x_wconf 87' lang='lat' dir='ltr'><strong>sed</strong></span> <span class='ocrx_word' id='word_1_43' title='bbox 753 722 943 770; x_wconf 87' lang='lat' dir='ltr'><strong>contra</strong></span> <span class='ocrx_word' id='word_1_44' title='bbox 984 715 1347 769; x_wconf 83' lang='lat' dir='ltr'><strong>necessarium</strong></span> <span class='ocrx_word' id='word_1_45' title='bbox 1388 722 1468 769; x_wconf 90' lang='lat' dir='ltr'><strong>est</strong></span> <span class='ocrx_word' id='word_1_46' title='bbox 1509 713 1640 768; x_wconf 91' lang='lat' dir='ltr'><strong>illud</strong></span> <span class='ocrx_word' id='word_1_47' title='bbox 1681 714 1857 785; x_wconf 90' lang='lat' dir='ltr'><strong>ipsum</strong></span> <span class='ocrx_word' id='word_1_48' title='bbox 1898 712 2095 768; x_wconf 83' lang='lat' dir='ltr'><strong>addere</strong></span> 
     </span>
     <span class='ocr_line' id='line_1_7' title="bbox 107 798 2096 878; baseline -0.001 -20"><span class='ocrx_word' id='word_1_49' title='bbox 107 804 162 858; x_wconf 85' lang='lat' dir='ltr'><strong>in</strong></span> <span class='ocrx_word' id='word_1_50' title='bbox 206 821 321 874; x_wconf 82' lang='lat' dir='ltr'><strong>sqq.</strong></span> <span class='ocrx_word' id='word_1_51' title='bbox 361 804 406 857; x_wconf 83' lang='grc' dir='ltr'><em>εἷ</em></span> <span class='ocrx_word' id='word_1_52' title='bbox 451 807 575 869; x_wconf 79' lang='grc' dir='ltr'><em>γοῦν</em></span> <span class='ocrx_word' id='word_1_53' title='bbox 614 825 694 864; x_wconf 79' lang='grc' dir='ltr'><strong>τις</strong></span> <span class='ocrx_word' id='word_1_54' title='bbox 737 802 906 878; x_wconf 77' lang='grc' dir='ltr'><strong>(οὕτω)</strong></span> <span class='ocrx_word' id='word_1_55' title='bbox 948 804 1117 870; x_wconf 75' lang='grc' dir='ltr'><em>χρῷτο</em></span> <span class='ocrx_word' id='word_1_56' title='bbox 1158 804 1227 870; x_wconf 77' lang='grc' dir='ltr'><strong>τῷ</strong></span> <span class='ocrx_word' id='word_1_57' title='bbox 1269 804 1489 870; x_wconf 70' lang='grc' dir='ltr'><em>ἀργυρίῳ</em></span> <span class='ocrx_word' id='word_1_58' title='bbox 1547 801 1643 859; x_wconf 77' lang='grc' dir='ltr'><em>ὥςε</em></span> <span class='ocrx_word' id='word_1_59' title='bbox 1684 802 1960 870; x_wconf 69' lang='grc' dir='ltr'><em>πριάμενος</em></span> <span class='ocrx_word' id='word_1_60' title='bbox 1999 798 2096 857; x_wconf 73' lang='grc' dir='ltr'><em>οἷον</em></span> 
     </span>
     <span class='ocr_line' id='line_1_8' title="bbox 107 889 2099 963; baseline 0 -17"><span class='ocrx_word' id='word_1_61' title='bbox 107 893 316 963; x_wconf 73' lang='grc' dir='ltr'><em>ἑταίραν</em></span> <span class='ocrx_word' id='word_1_62' title='bbox 369 893 478 946; x_wconf 82' lang='grc' dir='ltr'><strong>κτὲ.</strong></span> <span class='ocrx_word' id='word_1_63' title='bbox 557 891 693 946; x_wconf 81' lang='lat' dir='ltr'><strong>Male</strong></span> <span class='ocrx_word' id='word_1_64' title='bbox 740 899 794 946; x_wconf 93' lang='lat' dir='ltr'><strong>et</strong></span> <span class='ocrx_word' id='word_1_65' title='bbox 847 890 1037 944; x_wconf 85' lang='lat' dir='ltr'><strong>vitiose</strong></span> <span class='ocrx_word' id='word_1_66' title='bbox 1074 889 1313 944; x_wconf 83' lang='lat' dir='ltr'>abundat</span> <span class='ocrx_word' id='word_1_67' title='bbox 1357 906 1644 961; x_wconf 84' lang='lat' dir='ltr'><strong>pronomen</strong></span> <span class='ocrx_word' id='word_1_68' title='bbox 1687 891 1741 944; x_wconf 92' lang='lat' dir='ltr'><strong>in</strong></span> <span class='ocrx_word' id='word_1_69' title='bbox 1807 894 1835 962; x_wconf 82' lang='lat'>§</span> <span class='ocrx_word' id='word_1_70' title='bbox 1884 894 1971 946; x_wconf 83' lang='lat'><strong>15.</strong></span> <span class='ocrx_word' id='word_1_71' title='bbox 2011 892 2099 946; x_wconf 74' lang='grc' dir='ltr'><strong>τὸν</strong></span> 
     </span>
     <span class='ocr_line' id='line_1_9' title="bbox 108 976 2094 1052; baseline -0.001 -19"><span class='ocrx_word' id='word_1_72' title='bbox 108 979 431 1046; x_wconf 74' lang='grc' dir='ltr'><em>ὗοσκύαμον,</em></span> <span class='ocrx_word' id='word_1_73' title='bbox 488 979 583 1047; x_wconf 81' lang='grc' dir='ltr'><strong>ὑφ’</strong></span> <span class='ocrx_word' id='word_1_74' title='bbox 623 976 681 1033; x_wconf 79' lang='grc' dir='ltr'><strong>οὗ</strong></span> <span class='ocrx_word' id='word_1_75' title='bbox 720 981 763 1034; x_wconf 81' lang='grc' dir='ltr'><strong>οἱ</strong></span> <span class='ocrx_word' id='word_1_76' title='bbox 813 978 1082 1048; x_wconf 81' lang='grc' dir='ltr'><em>φαγόντες</em></span> <span class='ocrx_word' id='word_1_77' title='bbox 1129 977 1330 1052; x_wconf 79' lang='grc' dir='ltr'><em>[αὐτὸν]</em></span> <span class='ocrx_word' id='word_1_78' title='bbox 1396 983 1749 1046; x_wconf 71' lang='grc' dir='ltr'><em>παραπλῆγες</em></span> <span class='ocrx_word' id='word_1_79' title='bbox 1802 979 2094 1044; x_wconf 79' lang='grc' dir='ltr'><em>γίγνονται.</em></span> 
     </span>
     <span class='ocr_line' id='line_1_10' title="bbox 107 1066 2097 1143; baseline -0.002 -20"><span class='ocrx_word' id='word_1_80' title='bbox 107 1067 274 1123; x_wconf 86' lang='lat' dir='ltr'><strong>Nemo</strong></span> <span class='ocrx_word' id='word_1_81' title='bbox 326 1074 569 1121; x_wconf 87' lang='lat' dir='ltr'><strong>veterum</strong></span> <span class='ocrx_word' id='word_1_82' title='bbox 617 1067 672 1120; x_wconf 91' lang='lat' dir='ltr'><strong>in</strong></span> <span class='ocrx_word' id='word_1_83' title='bbox 716 1066 914 1143; x_wconf 29' lang='lat' dir='ltr'><strong>tal-ihus</strong></span> <span class='ocrx_word' id='word_1_84' title='bbox 970 1082 1261 1138; x_wconf 81' lang='lat' dir='ltr'><strong>pronomen</strong></span> <span class='ocrx_word' id='word_1_85' title='bbox 1315 1066 1551 1138; x_wconf 87' lang='lat' dir='ltr'><strong>apponit.</strong></span> <span class='ocrx_word' id='word_1_86' title='bbox 1630 1066 1691 1120; x_wconf 94' lang='lat' dir='ltr'><strong>In</strong></span> <span class='ocrx_word' id='word_1_87' title='bbox 1748 1069 1777 1137; x_wconf 83' lang='lat'>§</span> <span class='ocrx_word' id='word_1_88' title='bbox 1822 1071 1907 1120; x_wconf 74' lang='lat'><strong>15.</strong></span> <span class='ocrx_word' id='word_1_89' title='bbox 1948 1066 2097 1120; x_wconf 82' lang='lat' dir='ltr'><strong>eirca</strong></span> 
     </span>
     <span class='ocr_line' id='line_1_11' title="bbox 110 1142 2098 1230; baseline -0.002 -20"><span class='ocrx_word' id='word_1_90' title='bbox 110 1155 270 1211; x_wconf 81' lang='lat' dir='ltr'><strong>{inem</strong></span> <span class='ocrx_word' id='word_1_91' title='bbox 326 1154 604 1227; x_wconf 87' lang='lat' dir='ltr'><strong>complura</strong></span> <span class='ocrx_word' id='word_1_92' title='bbox 657 1142 923 1230; x_wconf 34' lang='lat' dir='ltr'><strong>exqijdisse</strong></span> <span class='ocrx_word' id='word_1_93' title='bbox 973 1154 1244 1209; x_wconf 81' lang='lat' dir='ltr'><strong>videntur.</strong></span> <span class='ocrx_word' id='word_1_94' title='bbox 1326 1154 1384 1208; x_wconf 93' lang='lat' dir='ltr'><strong>ln</strong></span> <span class='ocrx_word' id='word_1_95' title='bbox 1430 1156 1459 1224; x_wconf 82' lang='lat'>§</span> <span class='ocrx_word' id='word_1_96' title='bbox 1508 1157 1594 1208; x_wconf 89' lang='lat'><strong>16.</strong></span> <span class='ocrx_word' id='word_1_97' title='bbox 1639 1153 1840 1207; x_wconf 89' lang='lat' dir='ltr'><strong>mirum</strong></span> <span class='ocrx_word' id='word_1_98' title='bbox 1893 1160 1975 1207; x_wconf 93' lang='lat' dir='ltr'><strong>est</strong></span> <span class='ocrx_word' id='word_1_99' title='bbox 2023 1154 2098 1207; x_wconf 82' lang='lat' dir='ltr'><strong>vi·</strong></span> 
     </span>
     <span class='ocr_line' id='line_1_12' title="bbox 110 1225 2096 1313; baseline -0.001 -15"><span class='ocrx_word' id='word_1_100' title='bbox 110 1243 254 1298; x_wconf 89' lang='lat' dir='ltr'><strong>disse</strong></span> <span class='ocrx_word' id='word_1_101' title='bbox 308 1243 581 1297; x_wconf 89' lang='lat' dir='ltr'><strong>neminem</strong></span> <span class='ocrx_word' id='word_1_102' title='bbox 640 1225 841 1299; x_wconf 67' lang='grc' dir='ltr'><em>ὁπόταν</em></span> <span class='ocrx_word' id='word_1_103' title='bbox 883 1229 1082 1312; x_wconf 57' lang='grc' dir='ltr'><strong>νὁρῶμεν</strong></span> <span class='ocrx_word' id='word_1_104' title='bbox 1122 1275 1197 1284; x_wconf 94' lang='grc'>-</span> <span class='ocrx_word' id='word_1_105' title='bbox 1237 1241 1712 1306; x_wconf 69' lang='grc' dir='ltr'><strong>αἰσθανώμεθα</strong></span> <span class='ocrx_word' id='word_1_106' title='bbox 1767 1242 1820 1296; x_wconf 82' lang='grc' dir='ltr'><strong>δέ</strong></span> <span class='ocrx_word' id='word_1_107' title='bbox 1866 1257 1964 1313; x_wconf 91' lang='lat' dir='ltr'><strong>pro</strong></span> <span class='ocrx_word' id='word_1_108' title='bbox 2018 1243 2096 1296; x_wconf 83' lang='grc' dir='ltr'><strong>αἱ·</strong></span> 
     </span>
     <span class='ocr_line' id='line_1_13' title="bbox 105 1329 1014 1403; baseline -0.001 -17"><span class='ocrx_word' id='word_1_109' title='bbox 105 1332 395 1397; x_wconf 77' lang='grc' dir='ltr'><em>σθανόμεθα</em></span> <span class='ocrx_word' id='word_1_110' title='bbox 435 1329 712 1386; x_wconf 88' lang='lat' dir='ltr'><strong>emendari</strong></span> <span class='ocrx_word' id='word_1_111' title='bbox 752 1339 1014 1403; x_wconf 85' lang='lat' dir='ltr'><strong>oportere.</strong></span> 
     </span>
    </p>

    <p class='ocr_par' dir='ltr' id='par_1_3' title="bbox 104 1415 2102 2814">
     <span class='ocr_line' id='line_1_14' title="bbox 183 1415 2096 1492; baseline -0.001 -18"><span class='ocrx_word' id='word_1_112' title='bbox 183 1420 244 1474; x_wconf 87' lang='lat' dir='ltr'><strong>ln</strong></span> <span class='ocrx_word' id='word_1_113' title='bbox 286 1436 402 1492; x_wconf 88' lang='lat' dir='ltr'><strong>cap.</strong></span> <span class='ocrx_word' id='word_1_114' title='bbox 440 1419 507 1474; x_wconf 88' lang='grc' dir='ltr'><strong>ΙΙ.</strong></span> <span class='ocrx_word' id='word_1_115' title='bbox 562 1421 592 1490; x_wconf 86' lang='lat'>§</span> <span class='ocrx_word' id='word_1_116' title='bbox 633 1423 687 1473; x_wconf 85' lang='lat'><strong>5.</strong></span> <span class='ocrx_word' id='word_1_117' title='bbox 731 1419 835 1483; x_wconf 81' lang='grc' dir='ltr'><strong>ἐγὼ</strong></span> <span class='ocrx_word' id='word_1_118' title='bbox 883 1420 980 1484; x_wconf 81' lang='grc' dir='ltr'><em>μὲν</em></span> <span class='ocrx_word' id='word_1_119' title='bbox 1033 1415 1178 1486; x_wconf 82' lang='grc' dir='ltr'><em>οἶμαι</em></span> <span class='ocrx_word' id='word_1_120' title='bbox 1219 1421 1262 1474; x_wconf 81' lang='grc' dir='ltr'><em>εἰ</em></span> <span class='ocrx_word' id='word_1_121' title='bbox 1307 1419 1509 1483; x_wconf 68' lang='grc' dir='ltr'><em>ἀγαθοῦ</em></span> <span class='ocrx_word' id='word_1_122' title='bbox 1551 1422 1738 1481; x_wconf 81' lang='grc' dir='ltr'><em>ὠνητοῦ</em></span> <span class='ocrx_word' id='word_1_123' title='bbox 1792 1418 2096 1487; x_wconf 79' lang='grc' dir='ltr'><em>ἐπιτύχοιμι</em></span> 
     </span>
     <span class='ocr_line' id='line_1_15' title="bbox 109 1505 2102 1582; baseline -0.001 -18"><span class='ocrx_word' id='word_1_124' title='bbox 109 1510 267 1577; x_wconf 79' lang='grc' dir='ltr'><em>εὑρεῖν</em></span> <span class='ocrx_word' id='word_1_125' title='bbox 306 1506 370 1562; x_wconf 76' lang='grc' dir='ltr'><em>ἄν</em></span> <span class='ocrx_word' id='word_1_126' title='bbox 409 1527 494 1573; x_wconf 81' lang='grc' dir='ltr'><strong>μοι</strong></span> <span class='ocrx_word' id='word_1_127' title='bbox 537 1508 629 1562; x_wconf 86' lang='grc' dir='ltr'><em>σὺν</em></span> <span class='ocrx_word' id='word_1_128' title='bbox 660 1520 730 1582; x_wconf 68' lang='grc' dir='ltr'><strong>τῇ</strong></span> <span class='ocrx_word' id='word_1_129' title='bbox 766 1507 901 1577; x_wconf 67' lang='grc' dir='ltr'><em>οἰκία</em></span> <span class='ocrx_word' id='word_1_130' title='bbox 926 1509 1014 1562; x_wconf 82' lang='grc' dir='ltr'><strong>καὶ</strong></span> <span class='ocrx_word' id='word_1_131' title='bbox 1045 1509 1117 1562; x_wconf 73' lang='grc' dir='ltr'><strong>τοὶ</strong></span> <span class='ocrx_word' id='word_1_132' title='bbox 1138 1507 1262 1563; x_wconf 76' lang='grc' dir='ltr'><em>ὄντα</em></span> <span class='ocrx_word' id='word_1_133' title='bbox 1303 1505 1481 1561; x_wconf 71' lang='grc' dir='ltr'><em>πάντα</em></span> <span class='ocrx_word' id='word_1_134' title='bbox 1522 1507 1699 1578; x_wconf 73' lang='grc' dir='ltr'><em>ῥαδίως</em></span> <span class='ocrx_word' id='word_1_135' title='bbox 1740 1507 1894 1562; x_wconf 81' lang='grc' dir='ltr'><em>πέντε</em></span> <span class='ocrx_word' id='word_1_136' title='bbox 1927 1509 2102 1572; x_wconf 73' lang='grc' dir='ltr'><em>μνᾶς,</em></span> 
     </span>
     <span class='ocr_line' id='line_1_16' title="bbox 106 1594 2096 1669; baseline -0.001 -17"><span class='ocrx_word' id='word_1_137' title='bbox 106 1596 393 1669; x_wconf 85' lang='lat' dir='ltr'><strong>legendum</strong></span> <span class='ocrx_word' id='word_1_138' title='bbox 431 1611 547 1650; x_wconf 82' lang='lat' dir='ltr'><strong>esse</strong></span> <span class='ocrx_word' id='word_1_139' title='bbox 587 1594 824 1649; x_wconf 78' lang='lat' dir='ltr'><strong>arbitror</strong></span> <span class='ocrx_word' id='word_1_140' title='bbox 871 1596 1030 1663; x_wconf 82' lang='grc' dir='ltr'><em>εὑρεῖν</em></span> <span class='ocrx_word' id='word_1_141' title='bbox 1073 1594 1140 1651; x_wconf 78' lang='grc' dir='ltr'><em>ἄν</em></span> <span class='ocrx_word' id='word_1_142' title='bbox 1193 1616 1279 1661; x_wconf 82' lang='grc' dir='ltr'><strong>μοι</strong></span> <span class='ocrx_word' id='word_1_143' title='bbox 1320 1596 1412 1658; x_wconf 69' lang='grc' dir='ltr'><em>τὴν</em></span> <span class='ocrx_word' id='word_1_144' title='bbox 1452 1595 1614 1650; x_wconf 77' lang='grc' dir='ltr'><em>οἰκίαν</em></span> <span class='ocrx_word' id='word_1_145' title='bbox 1661 1596 1747 1650; x_wconf 78' lang='grc' dir='ltr'><strong>καὶ</strong></span> <span class='ocrx_word' id='word_1_146' title='bbox 1790 1594 1862 1649; x_wconf 67' lang='grc' dir='ltr'><strong>τοὶ</strong></span> <span class='ocrx_word' id='word_1_147' title='bbox 1916 1595 2096 1650; x_wconf 79' lang='grc' dir='ltr'><em>ἐνόντα</em></span> 
     </span>
     <span class='ocr_line' id='line_1_17' title="bbox 109 1681 2098 1758; baseline -0.002 -17"><span class='ocrx_word' id='word_1_148' title='bbox 109 1685 307 1741; x_wconf 73' lang='grc' dir='ltr'><em>πάντα.</em></span> <span class='ocrx_word' id='word_1_149' title='bbox 385 1683 595 1739; x_wconf 87' lang='lat' dir='ltr'><strong>Socrati</strong></span> <span class='ocrx_word' id='word_1_150' title='bbox 638 1681 779 1754; x_wconf 90' lang='lat' dir='ltr'><strong>quod</strong></span> <span class='ocrx_word' id='word_1_151' title='bbox 831 1682 1087 1739; x_wconf 89' lang='lat' dir='ltr'><strong>venderet</strong></span> <span class='ocrx_word' id='word_1_152' title='bbox 1127 1683 1262 1738; x_wconf 88' lang='lat' dir='ltr'><strong>nihil</strong></span> <span class='ocrx_word' id='word_1_153' title='bbox 1322 1690 1439 1738; x_wconf 88' lang='lat' dir='ltr'><strong>erat</strong></span> <span class='ocrx_word' id='word_1_154' title='bbox 1474 1689 1689 1755; x_wconf 86' lang='lat' dir='ltr'><strong>praeter</strong></span> <span class='ocrx_word' id='word_1_155' title='bbox 1736 1681 1894 1738; x_wconf 89' lang='lat' dir='ltr'><strong>aedes</strong></span> <span class='ocrx_word' id='word_1_156' title='bbox 1935 1682 2098 1758; x_wconf 76' lang='lat' dir='ltr'><strong>(aedi-</strong></span> 
     </span>
     <span class='ocr_line' id='line_1_18' title="bbox 108 1770 2100 1845; baseline -0.002 -15"><span class='ocrx_word' id='word_1_157' title='bbox 108 1774 256 1830; x_wconf 73' lang='lat' dir='ltr'><strong>culos</strong></span> <span class='ocrx_word' id='word_1_158' title='bbox 296 1771 528 1845; x_wconf 90' lang='lat' dir='ltr'><strong>appellat</strong></span> <span class='ocrx_word' id='word_1_159' title='bbox 562 1770 950 1843; x_wconf 81' lang='lat' dir='ltr'><strong>Aristophanes</strong></span> <span class='ocrx_word' id='word_1_160' title='bbox 989 1772 1044 1826; x_wconf 90' lang='lat' dir='ltr'><strong>in</strong></span> <span class='ocrx_word' id='word_1_161' title='bbox 1077 1772 1322 1827; x_wconf 87' lang='lat' dir='ltr'><strong>Nubibus</strong></span> <span class='ocrx_word' id='word_1_162' title='bbox 1361 1789 1438 1826; x_wconf 76' lang='lat' dir='ltr'><strong>vs·</strong></span> <span class='ocrx_word' id='word_1_163' title='bbox 1465 1775 1559 1829; x_wconf 70' lang='lat'><strong>92.</strong></span> <span class='ocrx_word' id='word_1_164' title='bbox 1599 1770 1845 1844; x_wconf 75' lang='grc' dir='ltr'><em>τῴκίδιον)</em></span> <span class='ocrx_word' id='word_1_165' title='bbox 1887 1778 1942 1826; x_wconf 89' lang='lat' dir='ltr'><strong>et</strong></span> <span class='ocrx_word' id='word_1_166' title='bbox 1977 1786 2100 1845; x_wconf 81' lang='lat' dir='ltr'><strong>sup-</strong></span> 
     </span>
     <span class='ocr_line' id='line_1_19' title="bbox 105 1858 2092 1935; baseline 0 -19"><span class='ocrx_word' id='word_1_167' title='bbox 105 1860 424 1935; x_wconf 80' lang='lat' dir='ltr'><strong>pellectilem</strong></span> <span class='ocrx_word' id='word_1_168' title='bbox 466 1858 702 1915; x_wconf 89' lang='lat' dir='ltr'><strong>aedium.</strong></span> <span class='ocrx_word' id='word_1_169' title='bbox 781 1860 1110 1915; x_wconf 90' lang='lat' dir='ltr'><strong>Primarium</strong></span> <span class='ocrx_word' id='word_1_170' title='bbox 1153 1868 1269 1915; x_wconf 91' lang='lat' dir='ltr'><strong>erat</strong></span> <span class='ocrx_word' id='word_1_171' title='bbox 1310 1859 1468 1916; x_wconf 90' lang='lat' dir='ltr'><strong>aedes</strong></span> <span class='ocrx_word' id='word_1_172' title='bbox 1508 1860 1773 1922; x_wconf 88' lang='lat' dir='ltr'><strong>vendere,</strong></span> <span class='ocrx_word' id='word_1_173' title='bbox 1814 1858 1972 1915; x_wconf 88' lang='lat' dir='ltr'><strong>aedes</strong></span> <span class='ocrx_word' id='word_1_174' title='bbox 2014 1875 2092 1916; x_wconf 90' lang='lat' dir='ltr'><strong>se·</strong></span> 
     </span>
     <span class='ocr_line' id='line_1_20' title="bbox 107 1946 2098 2022; baseline 0 -19"><span class='ocrx_word' id='word_1_175' title='bbox 107 1949 375 2022; x_wconf 83' lang='lat' dir='ltr'><strong>quebatur</strong></span> <span class='ocrx_word' id='word_1_176' title='bbox 429 1947 730 2021; x_wconf 85' lang='lat' dir='ltr'><strong>suppellex,</strong></span> <span class='ocrx_word' id='word_1_177' title='bbox 771 1948 843 2002; x_wconf 71' lang='grc' dir='ltr'><strong>τα</strong></span> <span class='ocrx_word' id='word_1_178' title='bbox 884 1950 933 2002; x_wconf 83' lang='grc' dir='ltr'><em>ἐν</em></span> <span class='ocrx_word' id='word_1_179' title='bbox 987 1957 1052 2018; x_wconf 72' lang='grc' dir='ltr'><strong>τῇ</strong></span> <span class='ocrx_word' id='word_1_180' title='bbox 1105 1949 1274 2019; x_wconf 68' lang='grc' dir='ltr'><em>οἰκία,</em></span> <span class='ocrx_word' id='word_1_181' title='bbox 1326 1948 1398 2004; x_wconf 73' lang='grc' dir='ltr'><strong>τα</strong></span> <span class='ocrx_word' id='word_1_182' title='bbox 1450 1946 1670 2003; x_wconf 84' lang='grc' dir='ltr'><em>ἔπιπλα.</em></span> <span class='ocrx_word' id='word_1_183' title='bbox 1752 1947 2098 2021; x_wconf 85' lang='lat' dir='ltr'><strong>Simplicissi-</strong></span> 
     </span>
     <span class='ocr_line' id='line_1_21' title="bbox 108 2035 2094 2109; baseline 0.001 -18"><span class='ocrx_word' id='word_1_184' title='bbox 108 2054 255 2092; x_wconf 82' lang='lat' dir='ltr'><strong>inum</strong></span> <span class='ocrx_word' id='word_1_185' title='bbox 298 2038 468 2109; x_wconf 82' lang='lat' dir='ltr'><strong>igitur</strong></span> <span class='ocrx_word' id='word_1_186' title='bbox 507 2044 590 2091; x_wconf 91' lang='lat' dir='ltr'><strong>est</strong></span> <span class='ocrx_word' id='word_1_187' title='bbox 625 2035 959 2101; x_wconf 79' lang='lat' dir='ltr'><strong>rescribere,</strong></span> <span class='ocrx_word' id='word_1_188' title='bbox 1003 2045 1064 2091; x_wconf 94' lang='lat' dir='ltr'><strong>ut</strong></span> <span class='ocrx_word' id='word_1_189' title='bbox 1105 2037 1368 2102; x_wconf 80' lang='lat' dir='ltr'><strong>diximuS,</strong></span> <span class='ocrx_word' id='word_1_190' title='bbox 1408 2038 1501 2099; x_wconf 74' lang='grc' dir='ltr'><em>τὴν</em></span> <span class='ocrx_word' id='word_1_191' title='bbox 1536 2038 1699 2092; x_wconf 80' lang='grc' dir='ltr'><em>οἰκίαν</em></span> <span class='ocrx_word' id='word_1_192' title='bbox 1739 2037 1825 2091; x_wconf 76' lang='grc' dir='ltr'><strong>καὶ</strong></span> <span class='ocrx_word' id='word_1_193' title='bbox 1858 2037 1931 2092; x_wconf 66' lang='grc' dir='ltr'><strong>τὰ</strong></span> <span class='ocrx_word' id='word_1_194' title='bbox 1966 2036 2094 2092; x_wconf 80' lang='grc' dir='ltr'><em>ἐνόν-</em></span> 
     </span>
     <span class='ocr_line' id='line_1_22' title="bbox 104 2124 2096 2198; baseline -0.001 -17"><span class='ocrx_word' id='word_1_195' title='bbox 104 2147 175 2181; x_wconf 83' lang='grc' dir='ltr'><strong>τα</strong></span> <span class='ocrx_word' id='word_1_196' title='bbox 217 2124 433 2188; x_wconf 73' lang='grc' dir='ltr'><em>πάντα,</em></span> <span class='ocrx_word' id='word_1_197' title='bbox 478 2141 545 2178; x_wconf 92' lang='lat' dir='ltr'><strong>ne</strong></span> <span class='ocrx_word' id='word_1_198' title='bbox 586 2126 764 2196; x_wconf 90' lang='lat' dir='ltr'><strong>inepte</strong></span> <span class='ocrx_word' id='word_1_199' title='bbox 804 2124 859 2178; x_wconf 92' lang='lat' dir='ltr'><strong>id</strong></span> <span class='ocrx_word' id='word_1_200' title='bbox 906 2125 1047 2198; x_wconf 83' lang='lat' dir='ltr'><strong>quod</strong></span> <span class='ocrx_word' id='word_1_201' title='bbox 1089 2126 1309 2180; x_wconf 89' lang='lat' dir='ltr'><strong>maximi</strong></span> <span class='ocrx_word' id='word_1_202' title='bbox 1363 2131 1503 2179; x_wconf 87' lang='lat' dir='ltr'><strong>esset</strong></span> <span class='ocrx_word' id='word_1_203' title='bbox 1545 2124 1795 2197; x_wconf 89' lang='lat' dir='ltr'><strong>ponderis</strong></span> <span class='ocrx_word' id='word_1_204' title='bbox 1843 2124 2096 2198; x_wconf 88' lang='lat' dir='ltr'><strong>appendi-</strong></span> 
     </span>
     <span class='ocr_line' id='line_1_23' title="bbox 106 2211 2096 2285; baseline -0.001 -16"><span class='ocrx_word' id='word_1_205' title='bbox 106 2216 185 2269; x_wconf 88' lang='lat' dir='ltr'><strong>cis</strong></span> <span class='ocrx_word' id='word_1_206' title='bbox 224 2213 339 2268; x_wconf 91' lang='lat' dir='ltr'><strong>loco</strong></span> <span class='ocrx_word' id='word_1_207' title='bbox 389 2212 669 2268; x_wconf 86' lang='lat' dir='ltr'><strong>habeatur.</strong></span> <span class='ocrx_word' id='word_1_208' title='bbox 746 2212 1028 2268; x_wconf 85' lang='lat' dir='ltr'><strong>Caeterum</strong></span> <span class='ocrx_word' id='word_1_209' title='bbox 1082 2213 1233 2268; x_wconf 84' lang='lat' dir='ltr'><strong>loeus</strong></span> <span class='ocrx_word' id='word_1_210' title='bbox 1281 2212 1369 2267; x_wconf 88' lang='lat' dir='ltr'><strong>hic</strong></span> <span class='ocrx_word' id='word_1_211' title='bbox 1414 2213 1783 2285; x_wconf 86' lang='lat' dir='ltr'><strong>Xenophontis</strong></span> <span class='ocrx_word' id='word_1_212' title='bbox 1822 2214 1955 2268; x_wconf 88' lang='lat' dir='ltr'><strong>satis</strong></span> <span class='ocrx_word' id='word_1_213' title='bbox 2002 2211 2096 2269; x_wconf 90' lang='lat' dir='ltr'><strong>de-</strong></span> 
     </span>
     <span class='ocr_line' id='line_1_24' title="bbox 105 2300 2095 2375; baseline 0 -18"><span class='ocrx_word' id='word_1_214' title='bbox 105 2307 372 2357; x_wconf 88' lang='lat' dir='ltr'><strong>monstrat</strong></span> <span class='ocrx_word' id='word_1_215' title='bbox 419 2300 551 2355; x_wconf 86' lang='lat' dir='ltr'><strong>nihil</strong></span> <span class='ocrx_word' id='word_1_216' title='bbox 604 2300 950 2356; x_wconf 86' lang='lat' dir='ltr'><strong>tribuendum</strong></span> <span class='ocrx_word' id='word_1_217' title='bbox 1002 2318 1118 2356; x_wconf 86' lang='lat' dir='ltr'><strong>esse</strong></span> <span class='ocrx_word' id='word_1_218' title='bbox 1176 2302 1274 2366; x_wconf 87' lang='lat' dir='ltr'><strong>iis,</strong></span> <span class='ocrx_word' id='word_1_219' title='bbox 1315 2318 1452 2373; x_wconf 90' lang='lat' dir='ltr'><strong>quae</strong></span> <span class='ocrx_word' id='word_1_220' title='bbox 1505 2301 1570 2356; x_wconf 94' lang='lat' dir='ltr'><strong>de</strong></span> <span class='ocrx_word' id='word_1_221' title='bbox 1627 2300 1865 2356; x_wconf 85' lang='lat' dir='ltr'><strong>Socratis</strong></span> <span class='ocrx_word' id='word_1_222' title='bbox 1903 2301 2095 2375; x_wconf 89' lang='lat' dir='ltr'><strong>opibus</strong></span> 
     </span>
     <span class='ocr_line' id='line_1_25' title="bbox 105 2388 2094 2463; baseline -0.001 -17"><span class='ocrx_word' id='word_1_223' title='bbox 105 2390 430 2463; x_wconf 84' lang='lat' dir='ltr'><strong>scriptitavit</strong></span> <span class='ocrx_word' id='word_1_224' title='bbox 466 2390 773 2444; x_wconf 86' lang='lat' dir='ltr'><strong>Demetrius</strong></span> <span class='ocrx_word' id='word_1_225' title='bbox 808 2389 1101 2444; x_wconf 85' lang='lat' dir='ltr'><strong>Phalereus</strong></span> <span class='ocrx_word' id='word_1_226' title='bbox 1142 2389 1284 2462; x_wconf 88' lang='lat' dir='ltr'><strong>apud</strong></span> <span class='ocrx_word' id='word_1_227' title='bbox 1324 2388 1672 2444; x_wconf 80' lang='lat' dir='ltr'><strong>Plutarchum</strong></span> <span class='ocrx_word' id='word_1_228' title='bbox 1716 2390 1772 2443; x_wconf 91' lang='lat' dir='ltr'><strong>in</strong></span> <span class='ocrx_word' id='word_1_229' title='bbox 1813 2391 1923 2445; x_wconf 87' lang='lat' dir='ltr'><strong>vita</strong></span> <span class='ocrx_word' id='word_1_230' title='bbox 1968 2391 2094 2446; x_wconf 78' lang='lat' dir='ltr'><strong>Ari-</strong></span> 
     </span>
     <span class='ocr_line' id='line_1_26' title="bbox 106 2477 2091 2551; baseline 0.002 -18"><span class='ocrx_word' id='word_1_231' title='bbox 106 2477 263 2533; x_wconf 84' lang='lat' dir='ltr'><strong>stidis</strong></span> <span class='ocrx_word' id='word_1_232' title='bbox 309 2494 427 2551; x_wconf 84' lang='lat' dir='ltr'><strong>cap.</strong></span> <span class='ocrx_word' id='word_1_233' title='bbox 467 2478 511 2534; x_wconf 90' lang='lat'><strong>1.</strong></span> <span class='ocrx_word' id='word_1_234' title='bbox 569 2484 663 2532; x_wconf 91' lang='lat' dir='ltr'><strong>aut</strong></span> <span class='ocrx_word' id='word_1_235' title='bbox 709 2477 1002 2542; x_wconf 89' lang='lat' dir='ltr'><strong>Libanius,</strong></span> <span class='ocrx_word' id='word_1_236' title='bbox 1043 2479 1203 2532; x_wconf 89' lang='lat' dir='ltr'><strong>cuius</strong></span> <span class='ocrx_word' id='word_1_237' title='bbox 1250 2477 1427 2532; x_wconf 83' lang='lat' dir='ltr'><strong>locum</strong></span> <span class='ocrx_word' id='word_1_238' title='bbox 1484 2477 1845 2533; x_wconf 87' lang='lat' dir='ltr'><strong>Schneiderus</strong></span> <span class='ocrx_word' id='word_1_239' title='bbox 1886 2479 2091 2536; x_wconf 86' lang='lat' dir='ltr'><strong>attulit.</strong></span> 
     </span>
     <span class='ocr_line' id='line_1_27' title="bbox 106 2565 2093 2638; baseline 0.001 -16"><span class='ocrx_word' id='word_1_240' title='bbox 106 2568 205 2623; x_wconf 80' lang='lat' dir='ltr'><strong>Est</strong></span> <span class='ocrx_word' id='word_1_241' title='bbox 245 2567 350 2621; x_wconf 84' lang='lat' dir='ltr'><strong>ista</strong></span> <span class='ocrx_word' id='word_1_242' title='bbox 397 2581 609 2638; x_wconf 82' lang='lat' dir='ltr'><strong>quoque</strong></span> <span class='ocrx_word' id='word_1_243' title='bbox 647 2565 932 2627; x_wconf 67' lang='grc' dir='ltr'><em>ἀδέσποτος</em></span> <span class='ocrx_word' id='word_1_244' title='bbox 973 2566 1061 2620; x_wconf 76' lang='grc' dir='ltr'><strong>καὶ</strong></span> <span class='ocrx_word' id='word_1_245' title='bbox 1104 2566 1456 2632; x_wconf 76' lang='grc' dir='ltr'><em>πεπλασμένη</em></span> <span class='ocrx_word' id='word_1_246' title='bbox 1512 2566 1791 2634; x_wconf 68' lang='grc' dir='ltr'><em>παράδοσις</em></span> <span class='ocrx_word' id='word_1_247' title='bbox 1830 2573 1884 2622; x_wconf 83' lang='lat' dir='ltr'><strong>et</strong></span> <span class='ocrx_word' id='word_1_248' title='bbox 1930 2569 2093 2637; x_wconf 79' lang='grc' dir='ltr'><em>ἱςορΙα</em></span> 
     </span>
     <span class='ocr_line' id='line_1_28' title="bbox 106 2652 2094 2726; baseline 0.001 -16"><span class='ocrx_word' id='word_1_249' title='bbox 106 2654 539 2723; x_wconf 78' lang='grc' dir='ltr'><em>κατεψευσμένη,</em></span> <span class='ocrx_word' id='word_1_250' title='bbox 580 2669 741 2726; x_wconf 88' lang='lat' dir='ltr'><strong>quam</strong></span> <span class='ocrx_word' id='word_1_251' title='bbox 787 2652 1155 2725; x_wconf 87' lang='lat' dir='ltr'><strong>Xenophontis</strong></span> <span class='ocrx_word' id='word_1_252' title='bbox 1196 2654 1460 2708; x_wconf 89' lang='lat' dir='ltr'><strong>disertum</strong></span> <span class='ocrx_word' id='word_1_253' title='bbox 1515 2655 1887 2711; x_wconf 87' lang='lat' dir='ltr'><strong>testimonium</strong></span> <span class='ocrx_word' id='word_1_254' title='bbox 1927 2654 2094 2711; x_wconf 85' lang='lat' dir='ltr'><strong>abun-</strong></span> 
     </span>
     <span class='ocr_line' id='line_1_29' title="bbox 106 2742 509 2814; baseline -0.005 -16"><span class='ocrx_word' id='word_1_255' title='bbox 106 2742 174 2799; x_wconf 84' lang='lat' dir='ltr'><strong>de</strong></span> <span class='ocrx_word' id='word_1_256' title='bbox 213 2742 509 2814; x_wconf 84' lang='lat' dir='ltr'><strong>redarguit.</strong></span> 
     </span>
    </p>

    <p class='ocr_par' dir='ltr' id='par_1_4' title="bbox 104 2828 2092 3609">
     <span class='ocr_line' id='line_1_30' title="bbox 182 2828 2090 2902; baseline 0.001 -17"><span class='ocrx_word' id='word_1_257' title='bbox 182 2830 539 2887; x_wconf 83' lang='lat' dir='ltr'><strong>Vehementer</strong></span> <span class='ocrx_word' id='word_1_258' title='bbox 574 2829 709 2884; x_wconf 90' lang='lat' dir='ltr'><strong>mihi</strong></span> <span class='ocrx_word' id='word_1_259' title='bbox 751 2829 815 2883; x_wconf 91' lang='lat' dir='ltr'><strong>de</strong></span> <span class='ocrx_word' id='word_1_260' title='bbox 875 2828 1068 2883; x_wconf 90' lang='lat' dir='ltr'><strong>mendo</strong></span> <span class='ocrx_word' id='word_1_261' title='bbox 1116 2838 1366 2902; x_wconf 87' lang='lat' dir='ltr'><strong>suspecta</strong></span> <span class='ocrx_word' id='word_1_262' title='bbox 1422 2838 1550 2886; x_wconf 91' lang='lat' dir='ltr'><strong>sunt</strong></span> <span class='ocrx_word' id='word_1_263' title='bbox 1609 2830 1769 2886; x_wconf 85' lang='lat' dir='ltr'><strong>verba</strong></span> <span class='ocrx_word' id='word_1_264' title='bbox 1821 2832 1875 2886; x_wconf 90' lang='lat' dir='ltr'><strong>in</strong></span> <span class='ocrx_word' id='word_1_265' title='bbox 1926 2831 1991 2887; x_wconf 89' lang='lat'><strong>11.</strong></span> <span class='ocrx_word' id='word_1_266' title='bbox 2037 2836 2090 2887; x_wconf 78' lang='grc' dir='ltr'><strong>ὅ.</strong></span> 
     </span>
     <span class='ocr_line' id='line_1_31' title="bbox 104 2917 2092 2993; baseline 0.001 -18"><span class='ocrx_word' id='word_1_267' title='bbox 104 2921 416 2989; x_wconf 73' lang='grc' dir='ltr'><em>ἀπεφήνατο</em></span> <span class='ocrx_word' id='word_1_268' title='bbox 457 2921 481 2974; x_wconf 77' lang='grc' dir='ltr'><em>ὃ</em></span> <span class='ocrx_word' id='word_1_269' title='bbox 524 2919 800 2987; x_wconf 72' lang='grc' dir='ltr'><em>Σωκράτης</em></span> <span class='ocrx_word' id='word_1_270' title='bbox 825 2961 839 2982; x_wconf 94' lang='grc'><em>,</em></span> <span class='ocrx_word' id='word_1_271' title='bbox 896 2917 1093 2989; x_wconf 88' lang='lat' dir='ltr'><strong>quihus</strong></span> <span class='ocrx_word' id='word_1_272' title='bbox 1142 2918 1276 2973; x_wconf 89' lang='lat' dir='ltr'><strong>mihi</strong></span> <span class='ocrx_word' id='word_1_273' title='bbox 1320 2918 1535 2975; x_wconf 87' lang='lat' dir='ltr'><strong>videtur</strong></span> <span class='ocrx_word' id='word_1_274' title='bbox 1571 2921 1752 2974; x_wconf 85' lang='lat' dir='ltr'><strong>nescio</strong></span> <span class='ocrx_word' id='word_1_275' title='bbox 1791 2921 1914 2993; x_wconf 91' lang='lat' dir='ltr'><strong>quis</strong></span> <span class='ocrx_word' id='word_1_276' title='bbox 1949 2927 2092 2976; x_wconf 89' lang='lat' dir='ltr'><strong>vete-</strong></span> 
     </span>
     <span class='ocr_line' id='line_1_32' title="bbox 107 3005 2092 3080; baseline 0 -16"><span class='ocrx_word' id='word_1_277' title='bbox 107 3026 194 3064; x_wconf 84' lang='lat' dir='ltr'><strong>res</strong></span> <span class='ocrx_word' id='word_1_278' title='bbox 248 3007 413 3063; x_wconf 84' lang='lat' dir='ltr'><strong>libros</strong></span> <span class='ocrx_word' id='word_1_279' title='bbox 468 3006 819 3080; x_wconf 81' lang='lat' dir='ltr'><strong>interpolasse</strong></span> <span class='ocrx_word' id='word_1_280' title='bbox 871 3005 937 3062; x_wconf 86' lang='lat' dir='ltr'><strong>de</strong></span> <span class='ocrx_word' id='word_1_281' title='bbox 996 3023 1109 3062; x_wconf 85' lang='lat' dir='ltr'><strong>suo.</strong></span> <span class='ocrx_word' id='word_1_282' title='bbox 1190 3010 1583 3077; x_wconf 76' lang='grc' dir='ltr'><em>Ἀποφαίνομαι</em></span> <span class='ocrx_word' id='word_1_283' title='bbox 1634 3011 1725 3072; x_wconf 73' lang='grc' dir='ltr'><em>την</em></span> <span class='ocrx_word' id='word_1_284' title='bbox 1775 3010 1986 3075; x_wconf 78' lang='grc' dir='ltr'><em>γνώμην</em></span> <span class='ocrx_word' id='word_1_285' title='bbox 2037 3016 2092 3065; x_wconf 85' lang='lat' dir='ltr'><strong>et</strong></span> 
     </span>
     <span class='ocr_line' id='line_1_33' title="bbox 109 3096 2091 3170; baseline 0.001 -19"><span class='ocrx_word' id='word_1_286' title='bbox 109 3097 373 3170; x_wconf 73' lang='lat' dir='ltr'><strong>frequenti</strong></span> <span class='ocrx_word' id='word_1_287' title='bbox 414 3096 587 3169; x_wconf 84' lang='lat' dir='ltr'><strong>ellipsi</strong></span> <span class='ocrx_word' id='word_1_288' title='bbox 641 3098 1007 3164; x_wconf 74' lang='grc' dir='ltr'><em>ἀποφαίνομαι</em></span> <span class='ocrx_word' id='word_1_289' title='bbox 1049 3103 1130 3150; x_wconf 90' lang='lat' dir='ltr'><strong>est</strong></span> <span class='ocrx_word' id='word_1_290' title='bbox 1171 3098 1479 3152; x_wconf 74' lang='lat' dir='ltr'><strong>sententiam</strong></span> <span class='ocrx_word' id='word_1_291' title='bbox 1521 3098 1773 3163; x_wconf 51' lang='lat' dir='ltr'><strong>dicentib,</strong></span> <span class='ocrx_word' id='word_1_292' title='bbox 1816 3104 1875 3151; x_wconf 88' lang='lat' dir='ltr'><strong>ut</strong></span> <span class='ocrx_word' id='word_1_293' title='bbox 1914 3115 2091 3152; x_wconf 81' lang='lat' dir='ltr'><strong>censeo</strong></span> 
     </span>
     <span class='ocr_line' id='line_1_34' title="bbox 109 3183 2086 3257; baseline 0 -17"><span class='ocrx_word' id='word_1_294' title='bbox 109 3186 499 3249; x_wconf 77' lang='lat' dir='ltr'><strong>Romanorum,</strong></span> <span class='ocrx_word' id='word_1_295' title='bbox 542 3192 730 3257; x_wconf 82' lang='lat' dir='ltr'><strong>estque</strong></span> <span class='ocrx_word' id='word_1_296' title='bbox 773 3184 926 3254; x_wconf 88' lang='lat' dir='ltr'><strong>plane</strong></span> <span class='ocrx_word' id='word_1_297' title='bbox 968 3183 1032 3237; x_wconf 90' lang='lat' dir='ltr'><strong>ah</strong></span> <span class='ocrx_word' id='word_1_298' title='bbox 1075 3184 1172 3240; x_wconf 80' lang='lat' dir='ltr'><strong>hoe</strong></span> <span class='ocrx_word' id='word_1_299' title='bbox 1213 3185 1328 3241; x_wconf 88' lang='lat' dir='ltr'><strong>loco</strong></span> <span class='ocrx_word' id='word_1_300' title='bbox 1361 3186 1622 3240; x_wconf 89' lang='lat' dir='ltr'><strong>alienum:</strong></span> <span class='ocrx_word' id='word_1_301' title='bbox 1667 3193 1938 3257; x_wconf 82' lang='lat' dir='ltr'><strong>praeterea</strong></span> <span class='ocrx_word' id='word_1_302' title='bbox 1982 3201 2086 3240; x_wconf 90' lang='lat' dir='ltr'><strong>non</strong></span> 
     </span>
     <span class='ocr_line' id='line_1_35' title="bbox 107 3271 2087 3346; baseline 0.001 -20"><span class='ocrx_word' id='word_1_303' title='bbox 107 3281 234 3328; x_wconf 85' lang='lat' dir='ltr'><strong>sunt</strong></span> <span class='ocrx_word' id='word_1_304' title='bbox 273 3271 405 3328; x_wconf 83' lang='lat' dir='ltr'><strong>haee</strong></span> <span class='ocrx_word' id='word_1_305' title='bbox 452 3290 598 3328; x_wconf 86' lang='lat' dir='ltr'><strong>moro</strong></span> <span class='ocrx_word' id='word_1_306' title='bbox 642 3274 818 3327; x_wconf 77' lang='lat' dir='ltr'><strong>Attico</strong></span> <span class='ocrx_word' id='word_1_307' title='bbox 856 3273 1150 3345; x_wconf 85' lang='lat' dir='ltr'><strong>composita</strong></span> <span class='ocrx_word' id='word_1_308' title='bbox 1191 3290 1362 3346; x_wconf 89' lang='lat' dir='ltr'><strong>neque</strong></span> <span class='ocrx_word' id='word_1_309' title='bbox 1406 3273 1604 3328; x_wconf 88' lang='lat' dir='ltr'><strong>habent</strong></span> <span class='ocrx_word' id='word_1_310' title='bbox 1645 3273 1876 3327; x_wconf 89' lang='lat' dir='ltr'><strong>colorem</strong></span> <span class='ocrx_word' id='word_1_311' title='bbox 1915 3274 2087 3328; x_wconf 88' lang='lat' dir='ltr'><strong>Xeno-</strong></span> 
     </span>
     <span class='ocr_line' id='line_1_36' title="bbox 109 3360 2086 3434; baseline 0 -19"><span class='ocrx_word' id='word_1_312' title='bbox 109 3361 415 3433; x_wconf 83' lang='lat' dir='ltr'><strong>phonteum.</strong></span> <span class='ocrx_word' id='word_1_313' title='bbox 476 3362 617 3417; x_wconf 86' lang='lat' dir='ltr'><strong>Nihil</strong></span> <span class='ocrx_word' id='word_1_314' title='bbox 653 3360 1083 3417; x_wconf 86' lang='lat' dir='ltr'><strong>desideraremus</strong></span> <span class='ocrx_word' id='word_1_315' title='bbox 1116 3363 1168 3416; x_wconf 91' lang='lat' dir='ltr'><strong>in</strong></span> <span class='ocrx_word' id='word_1_316' title='bbox 1207 3361 1305 3416; x_wconf 87' lang='lat' dir='ltr'><strong>hae</strong></span> <span class='ocrx_word' id='word_1_317' title='bbox 1340 3362 1635 3434; x_wconf 84' lang='lat' dir='ltr'><strong>scriptura:</strong></span> <span class='ocrx_word' id='word_1_318' title='bbox 1678 3368 1789 3421; x_wconf 82' lang='grc' dir='ltr'><strong>Πῶς</strong></span> <span class='ocrx_word' id='word_1_319' title='bbox 1828 3361 1886 3422; x_wconf 69' lang='grc' dir='ltr'><strong>δὴ</strong></span> <span class='ocrx_word' id='word_1_320' title='bbox 1916 3365 2086 3422; x_wconf 56' lang='lat' dir='ltr'><strong>*roba-⁹:</strong></span> 
     </span>
     <span class='ocr_line' id='line_1_37' title="bbox 108 3448 2084 3521; baseline 0.002 -19"><span class='ocrx_word' id='word_1_321' title='bbox 108 3450 211 3516; x_wconf 74' lang='grc' dir='ltr'><strong>ἔφη</strong></span> <span class='ocrx_word' id='word_1_322' title='bbox 249 3448 270 3501; x_wconf 72' lang='lat' dir='ltr'><strong>d</strong></span> <span class='ocrx_word' id='word_1_323' title='bbox 310 3449 664 3515; x_wconf 70' lang='grc' dir='ltr'><em>Κριτόβουλος.</em></span> <span class='ocrx_word' id='word_1_324' title='bbox 741 3451 866 3504; x_wconf 68' lang='grc' dir='ltr'><strong>’Ότι</strong></span> <span class='ocrx_word' id='word_1_325' title='bbox 919 3456 1111 3517; x_wconf 79' lang='grc' dir='ltr'><em>πρῶτον</em></span> <span class='ocrx_word' id='word_1_326' title='bbox 1146 3451 1241 3517; x_wconf 74' lang='grc' dir='ltr'><em>μὲν</em></span> <span class='ocrx_word' id='word_1_327' title='bbox 1282 3451 1370 3517; x_wconf 82' lang='grc' dir='ltr'><strong>ὃρῶ</strong></span> <span class='ocrx_word' id='word_1_328' title='bbox 1414 3453 1521 3505; x_wconf 80' lang='grc' dir='ltr'><strong>κτὲ.</strong></span> <span class='ocrx_word' id='word_1_329' title='bbox 1564 3450 1778 3503; x_wconf 85' lang='lat' dir='ltr'><strong>omissis</strong></span> <span class='ocrx_word' id='word_1_330' title='bbox 1837 3453 1918 3521; x_wconf 88' lang='lat' dir='ltr'><strong>(ut</strong></span> <span class='ocrx_word' id='word_1_331' title='bbox 1973 3467 2084 3505; x_wconf 82' lang='lat' dir='ltr'><strong>sae·</strong></span> 
     </span>
     <span class='ocr_line' id='line_1_38' title="bbox 112 3535 2082 3609; baseline 0.002 -20"><span class='ocrx_word' id='word_1_332' title='bbox 112 3539 195 3609; x_wconf 72' lang='lat' dir='ltr'><strong>po)</strong></span> <span class='ocrx_word' id='word_1_333' title='bbox 239 3535 415 3591; x_wconf 83' lang='lat' dir='ltr'><strong>verbis</strong></span> <span class='ocrx_word' id='word_1_334' title='bbox 452 3537 673 3592; x_wconf 87' lang='lat' dir='ltr'><strong>minime</strong></span> <span class='ocrx_word' id='word_1_335' title='bbox 715 3539 1032 3594; x_wconf 85' lang='lat' dir='ltr'><strong>necessariis</strong></span> <span class='ocrx_word' id='word_1_336' title='bbox 1072 3540 1175 3607; x_wconf 79' lang='grc' dir='ltr'><strong>ἔφη</strong></span> <span class='ocrx_word' id='word_1_337' title='bbox 1218 3540 1241 3592; x_wconf 79' lang='grc' dir='ltr'><strong><em>ὁ</em></strong></span> <span class='ocrx_word' id='word_1_338' title='bbox 1281 3539 1588 3605; x_wconf 69' lang='grc' dir='ltr'><em>Σωκράτης,</em></span> <span class='ocrx_word' id='word_1_339' title='bbox 1631 3536 2082 3608; x_wconf 85' lang='lat' dir='ltr'><strong>quemadmodum</strong></span> 
     </span>
    </p>
   </div>
   <div class='ocr_carea' id='block_1_3' title="bbox 110 3623 2084 3748">
    <p class='ocr_par' dir='ltr' id='par_1_5' title="bbox 110 3623 2084 3748">
     <span class='ocr_line' id='line_1_39' title="bbox 110 3623 2084 3696; baseline 0.003 -21"><span class='ocrx_word' id='word_1_340' title='bbox 110 3634 156 3677; x_wconf 65' lang='lat' dir='ltr'><strong>nt</strong></span> <span class='ocrx_word' id='word_1_341' title='bbox 206 3625 400 3696; x_wconf 80' lang='lat' dir='ltr'><strong>passim</strong></span> <span class='ocrx_word' id='word_1_342' title='bbox 440 3623 563 3677; x_wconf 83' lang='lat' dir='ltr'><strong>alibi</strong></span> <span class='ocrx_word' id='word_1_343' title='bbox 618 3627 946 3681; x_wconf 82' lang='lat' dir='ltr'><strong>omittuntur</strong></span> <span class='ocrx_word' id='word_1_344' title='bbox 987 3634 1038 3681; x_wconf 82' lang='lat' dir='ltr'><strong>et</strong></span> <span class='ocrx_word' id='word_1_345' title='bbox 1079 3632 1106 3695; x_wconf 60' lang='grc' dir='ltr'><strong>ς</strong></span> <span class='ocrx_word' id='word_1_346' title='bbox 1148 3633 1198 3683; x_wconf 82' lang='lat'><strong>4.</strong></span> <span class='ocrx_word' id='word_1_347' title='bbox 1244 3626 1370 3694; x_wconf 72' lang='grc' dir='ltr'><strong>κᾷθ’</strong></span> <span class='ocrx_word' id='word_1_348' title='bbox 1411 3626 1562 3685; x_wconf 70' lang='grc' dir='ltr'><em>οὕτως</em></span> <span class='ocrx_word' id='word_1_349' title='bbox 1610 3625 1838 3688; x_wconf 79' lang='grc' dir='ltr'><em>ἐγνωκώς</em></span> <span class='ocrx_word' id='word_1_350' title='bbox 1881 3627 1987 3679; x_wconf 76' lang='grc' dir='ltr'><strong>κτὲ.</strong></span> <span class='ocrx_word' id='word_1_351' title='bbox 2032 3633 2084 3680; x_wconf 85' lang='lat' dir='ltr'><strong>et</strong></span> 
     </span>
     <span class='ocr_line' id='line_1_40' title="bbox 1589 3716 1668 3748; baseline 0.013 -1"><span class='ocrx_word' id='word_1_352' title='bbox 1589 3719 1619 3748; x_wconf 74' lang='lat' dir='ltr'><strong>tt</strong></span> <span class='ocrx_word' id='word_1_353' title='bbox 1655 3716 1668 3734; x_wconf 78' lang='lat'><strong>&#39;⁴</strong></span> 
     </span>
    </p>
   </div>
  </div>
 </body>
</html>
