<?xml version="1.0" encoding="UTF-8"?>
<!DOCTYPE html PUBLIC "-//W3C//DTD XHTML 1.0 Transitional//EN"
    "http://www.w3.org/TR/xhtml1/DTD/xhtml1-transitional.dtd">
<html xmlns="http://www.w3.org/1999/xhtml" xml:lang="en" lang="en">
 <head>
  <title>
</title>
<meta http-equiv="Content-Type" content="text/html;charset=utf-8" />
  <meta name='ocr-system' content='tesseract 3.04.00' />
  <meta name='ocr-capabilities' content='ocr_page ocr_carea ocr_par ocr_line ocrx_word'/>
</head>
<body>
  <div class='ocr_page' id='page_1' title='image "./novaelectionesqu00cobeuoft/novaelectionesqu00cobeuoft_0805.png"; bbox 0 0 2436 4068; ppageno 0'>
   <div class='ocr_carea' id='block_1_1' title="bbox 0 0 26 3535">
    <p class='ocr_par' dir='ltr' id='par_1_1' title="bbox 0 0 26 3535">
     <span class='ocr_line' id='line_1_1' title="bbox 0 0 26 3535; baseline 0 0"><span class='ocrx_word' id='word_1_1' title='bbox 0 0 26 3535; x_wconf 95' lang='lat' dir='ltr'><strong><em> </em></strong></span> 
     </span>
    </p>
   </div>
   <div class='ocr_carea' id='block_1_2' title="bbox 989 155 2183 261">
    <p class='ocr_par' dir='ltr' id='par_1_2' title="bbox 989 155 2183 265">
     <span class='ocr_line' id='line_1_2' title="bbox 989 155 2183 261; baseline 0 -37"><span class='ocrx_word' id='word_1_2' title='bbox 989 166 1098 261; x_wconf 55' lang='lat'><strong><em>,1⁷¹</em></strong></span> <span class='ocrx_word' id='word_1_3' title='bbox 2105 155 2183 224; x_wconf 65' lang='lat'><strong><em>‘2</em></strong></span> 
     </span>
    </p>
   </div>
   <div class='ocr_carea' id='block_1_3' title="bbox 8 315 2131 3659">
    <p class='ocr_par' dir='ltr' id='par_1_3' title="bbox 10 315 2050 566">
     <span class='ocr_line' id='line_1_3' title="bbox 69 315 2048 390; baseline -0.003 -14"><span class='ocrx_word' id='word_1_4' title='bbox 69 321 302 389; x_wconf 69' lang='grc' dir='ltr'><strong><em>ἀργύριον</em></strong></span> <span class='ocrx_word' id='word_1_5' title='bbox 342 324 517 374; x_wconf 87' lang='grc' dir='ltr'><strong><em>πλεῖον</em></strong></span> <span class='ocrx_word' id='word_1_6' title='bbox 557 317 856 390; x_wconf 69' lang='grc' dir='ltr'><strong><em>γίγνηται].</em></strong></span> <span class='ocrx_word' id='word_1_7' title='bbox 935 317 1231 372; x_wconf 79' lang='lat' dir='ltr'>Emendate</span> <span class='ocrx_word' id='word_1_8' title='bbox 1271 317 1325 371; x_wconf 91' lang='lat' dir='ltr'>in</span> <span class='ocrx_word' id='word_1_9' title='bbox 1371 317 1399 387; x_wconf 87' lang='lat'>§</span> <span class='ocrx_word' id='word_1_10' title='bbox 1442 321 1529 372; x_wconf 90' lang='grc'><strong><em>10.</em></strong></span> <span class='ocrx_word' id='word_1_11' title='bbox 1574 315 1799 387; x_wconf 82' lang='lat' dir='ltr'>legitur:</span> <span class='ocrx_word' id='word_1_12' title='bbox 1841 318 2048 384; x_wconf 77' lang='grc' dir='ltr'><strong><em>χρυσίον</em></strong></span> 
     </span>
     <span class='ocr_line' id='line_1_4' title="bbox 10 403 2050 475; baseline -0.003 -11"><span class='ocrx_word' id='word_1_13' title='bbox 10 453 11 458; x_wconf 52' lang='grc'><strong><em>,</em></strong></span> <span class='ocrx_word' id='word_1_14' title='bbox 69 409 229 464; x_wconf 77' lang='grc' dir='ltr'><strong><em>ὅταν</em></strong></span> <span class='ocrx_word' id='word_1_15' title='bbox 269 410 439 462; x_wconf 85' lang='grc' dir='ltr'><strong><em>πολὺ</em></strong></span> <span class='ocrx_word' id='word_1_16' title='bbox 492 410 870 475; x_wconf 72' lang='grc' dir='ltr'><strong><em>παραφανῇ</em></strong></span> <span class='ocrx_word' id='word_1_17' title='bbox 912 408 1040 460; x_wconf 85' lang='grc' dir='ltr'><strong><em>αὐτὸ</em></strong></span> <span class='ocrx_word' id='word_1_18' title='bbox 1096 406 1190 471; x_wconf 81' lang='grc' dir='ltr'><strong><em>μὲν</em></strong></span> <span class='ocrx_word' id='word_1_19' title='bbox 1230 403 1533 473; x_wconf 69' lang='grc' dir='ltr'><strong><em>ἀτιμότερον</em></strong></span> <span class='ocrx_word' id='word_1_20' title='bbox 1572 405 1847 470; x_wconf 70' lang='grc' dir='ltr'><strong><em>γίγνεται,</em></strong></span> <span class='ocrx_word' id='word_1_21' title='bbox 1900 407 1958 459; x_wconf 79' lang='grc' dir='ltr'><strong><em>τὸ</em></strong></span> <span class='ocrx_word' id='word_1_22' title='bbox 1998 405 2050 459; x_wconf 77' lang='grc' dir='ltr'><strong><em>δὲ</em></strong></span> 
     </span>
     <span class='ocr_line' id='line_1_5' title="bbox 72 497 819 566; baseline -0.007 -14"><span class='ocrx_word' id='word_1_23' title='bbox 72 499 305 566; x_wconf 73' lang='grc' dir='ltr'><strong><em>ἀργύριον</em></strong></span> <span class='ocrx_word' id='word_1_24' title='bbox 341 497 632 562; x_wconf 83' lang='grc' dir='ltr'><strong><em>τιμιώτερον</em></strong></span> <span class='ocrx_word' id='word_1_25' title='bbox 670 502 819 548; x_wconf 84' lang='grc' dir='ltr'><strong><em>ποιεῖ.</em></strong></span> 
     </span>
    </p>

    <p class='ocr_par' dir='ltr' id='par_1_4' title="bbox 8 575 2131 1451">
     <span class='ocr_line' id='line_1_6' title="bbox 143 575 2131 659; baseline -0.003 -20"><span class='ocrx_word' id='word_1_26' title='bbox 143 585 206 639; x_wconf 88' lang='lat' dir='ltr'>In</span> <span class='ocrx_word' id='word_1_27' title='bbox 249 587 279 654; x_wconf 88' lang='lat'>§</span> <span class='ocrx_word' id='word_1_28' title='bbox 318 587 376 638; x_wconf 87' lang='lat'><strong><em>9:</em></strong></span> <span class='ocrx_word' id='word_1_29' title='bbox 416 580 540 636; x_wconf 75' lang='grc' dir='ltr'><strong><em>ὅταν</em></strong></span> <span class='ocrx_word' id='word_1_30' title='bbox 580 583 823 644; x_wconf 79' lang='grc' dir='ltr'><em>νοσήσωσι</em></span> <span class='ocrx_word' id='word_1_31' title='bbox 859 580 1036 641; x_wconf 84' lang='grc' dir='ltr'><strong><em>πόλεις</em></strong></span> <span class='ocrx_word' id='word_1_32' title='bbox 1074 581 1102 644; x_wconf 76' lang='grc' dir='ltr'>ἢ</span> <span class='ocrx_word' id='word_1_33' title='bbox 1140 581 1470 649; x_wconf 81' lang='grc' dir='ltr'><strong><em>ἀφορίαις</em></strong></span> <span class='ocrx_word' id='word_1_34' title='bbox 1507 588 1711 649; x_wconf 79' lang='grc' dir='ltr'><strong><em>καρπῶν</em></strong></span> <span class='ocrx_word' id='word_1_35' title='bbox 1742 581 1771 644; x_wconf 79' lang='grc' dir='ltr'>ἢ</span> <span class='ocrx_word' id='word_1_36' title='bbox 1808 580 2051 650; x_wconf 84' lang='grc' dir='ltr'><strong><em>πολέμῳ,</em></strong></span> <span class='ocrx_word' id='word_1_37' title='bbox 2122 575 2131 659; x_wconf 46' lang='lat'><strong><em>‘3</em></strong></span> 
     </span>
     <span class='ocr_line' id='line_1_7' title="bbox 70 667 2129 741; baseline -0.001 -14.088"><span class='ocrx_word' id='word_1_38' title='bbox 70 673 403 728; x_wconf 87' lang='lat' dir='ltr'>restituerim</span> <span class='ocrx_word' id='word_1_39' title='bbox 439 671 468 733; x_wconf 79' lang='grc' dir='ltr'>ἢ</span> <span class='ocrx_word' id='word_1_40' title='bbox 502 671 696 740; x_wconf 70' lang='grc' dir='ltr'><strong><em>ἀφορίᾳ</em></strong></span> <span class='ocrx_word' id='word_1_41' title='bbox 734 675 956 736; x_wconf 82' lang='grc' dir='ltr'><strong><em>καρπῶν.</em></strong></span> <span class='ocrx_word' id='word_1_42' title='bbox 1037 670 1292 723; x_wconf 88' lang='lat' dir='ltr'>Errorem</span> <span class='ocrx_word' id='word_1_43' title='bbox 1336 671 1541 741; x_wconf 80' lang='lat' dir='ltr'>peperit</span> <span class='ocrx_word' id='word_1_44' title='bbox 1581 687 1810 741; x_wconf 90' lang='lat' dir='ltr'>sequens</span> <span class='ocrx_word' id='word_1_45' title='bbox 1848 678 2053 724; x_wconf 89' lang='lat' dir='ltr'>ICAP-</span> <span class='ocrx_word' id='word_1_46' title='bbox 2124 667 2129 724; x_wconf 72' lang='grc' dir='ltr'>ξ</span> 
     </span>
     <span class='ocr_line' id='line_1_8' title="bbox 8 757 2054 830; baseline -0.002 -14"><span class='ocrx_word' id='word_1_47' title='bbox 8 790 11 809; x_wconf 62' lang='lat' dir='ltr'>s</span> <span class='ocrx_word' id='word_1_48' title='bbox 69 767 277 816; x_wconf 85' lang='grc' dir='ltr'><strong>ΠΩΝ.</strong></span> <span class='ocrx_word' id='word_1_49' title='bbox 364 758 535 812; x_wconf 79' lang='lat' dir='ltr'>Unum</span> <span class='ocrx_word' id='word_1_50' title='bbox 578 765 790 812; x_wconf 82' lang='lat' dir='ltr'>tantum</span> <span class='ocrx_word' id='word_1_51' title='bbox 831 763 914 811; x_wconf 84' lang='lat' dir='ltr'>est</span> <span class='ocrx_word' id='word_1_52' title='bbox 952 757 1174 825; x_wconf 81' lang='grc' dir='ltr'><strong><em>ἀφορίας</em></strong></span> <span class='ocrx_word' id='word_1_53' title='bbox 1214 773 1422 826; x_wconf 61' lang='lat' dir='ltr'>geum,</span> <span class='ocrx_word' id='word_1_54' title='bbox 1475 757 1821 828; x_wconf 82' lang='lat' dir='ltr'>quamohrem</span> <span class='ocrx_word' id='word_1_55' title='bbox 1877 757 2054 830; x_wconf 89' lang='lat' dir='ltr'>plura·</span> 
     </span>
     <span class='ocr_line' id='line_1_9' title="bbox 68 845 2055 918; baseline -0.001 -15"><span class='ocrx_word' id='word_1_56' title='bbox 68 848 137 904; x_wconf 90' lang='lat' dir='ltr'><strong><em>lis</em></strong></span> <span class='ocrx_word' id='word_1_57' title='bbox 175 848 386 917; x_wconf 72' lang='grc' dir='ltr'><strong><em>ἀφορίσει</em></strong></span> <span class='ocrx_word' id='word_1_58' title='bbox 430 846 790 918; x_wconf 86' lang='lat' dir='ltr'><strong>suspicionem</strong></span> <span class='ocrx_word' id='word_1_59' title='bbox 837 851 1050 910; x_wconf 89' lang='lat' dir='ltr'>movet,</span> <span class='ocrx_word' id='word_1_60' title='bbox 1092 845 1407 916; x_wconf 85' lang='lat' dir='ltr'>praesertim</span> <span class='ocrx_word' id='word_1_61' title='bbox 1449 862 1614 916; x_wconf 88' lang='lat' dir='ltr'>quum</span> <span class='ocrx_word' id='word_1_62' title='bbox 1663 847 1907 915; x_wconf 82' lang='grc' dir='ltr'><strong><em>πολέμῳ,</em></strong></span> <span class='ocrx_word' id='word_1_63' title='bbox 1948 863 2055 901; x_wconf 92' lang='lat' dir='ltr'><strong><em>non</em></strong></span> 
     </span>
     <span class='ocr_line' id='line_1_10' title="bbox 8 931 2060 1005; baseline 0 -17"><span class='ocrx_word' id='word_1_64' title='bbox 8 984 9 988; x_wconf 74' lang='grc'><strong><em>,</em></strong></span> <span class='ocrx_word' id='word_1_65' title='bbox 71 936 347 1002; x_wconf 76' lang='grc' dir='ltr'><strong><em>πολέμοις,</em></strong></span> <span class='ocrx_word' id='word_1_66' title='bbox 401 941 675 1005; x_wconf 83' lang='lat' dir='ltr'>Sequatur.</span> <span class='ocrx_word' id='word_1_67' title='bbox 756 931 951 986; x_wconf 82' lang='lat' dir='ltr'>Contra</span> <span class='ocrx_word' id='word_1_68' title='bbox 1004 933 1060 985; x_wconf 91' lang='lat' dir='ltr'>in</span> <span class='ocrx_word' id='word_1_69' title='bbox 1101 932 1165 986; x_wconf 90' lang='lat' dir='ltr'><strong><em>II.</em></strong></span> <span class='ocrx_word' id='word_1_70' title='bbox 1210 936 1261 986; x_wconf 74' lang='lat'><strong><em>2.</em></strong></span> <span class='ocrx_word' id='word_1_71' title='bbox 1316 931 1413 987; x_wconf 76' lang='grc' dir='ltr'><strong><em>ὅσα</em></strong></span> <span class='ocrx_word' id='word_1_72' title='bbox 1449 965 1524 973; x_wconf 83' lang='grc'><strong>-</strong></span> <span class='ocrx_word' id='word_1_73' title='bbox 1564 936 1862 998; x_wconf 89' lang='grc' dir='ltr'><strong><em>ἀτιμίας</em></strong></span> <span class='ocrx_word' id='word_1_74' title='bbox 1921 936 2060 990; x_wconf 84' lang='grc' dir='ltr'><strong><em>δοκεῖ</em></strong></span> 
     </span>
     <span class='ocr_line' id='line_1_11' title="bbox 69 1020 2053 1094; baseline -0.002 -14"><span class='ocrx_word' id='word_1_75' title='bbox 69 1032 176 1085; x_wconf 82' lang='grc' dir='ltr'><strong><em>τοῖς</em></strong></span> <span class='ocrx_word' id='word_1_76' title='bbox 211 1023 465 1089; x_wconf 76' lang='grc' dir='ltr'><strong><em>μετοίκοις</em></strong></span> <span class='ocrx_word' id='word_1_77' title='bbox 505 1021 757 1090; x_wconf 81' lang='grc' dir='ltr'><strong><em>παρέχειν</em></strong></span> <span class='ocrx_word' id='word_1_78' title='bbox 797 1027 1052 1075; x_wconf 86' lang='lat' dir='ltr'>errarunt</span> <span class='ocrx_word' id='word_1_79' title='bbox 1100 1022 1338 1091; x_wconf 84' lang='lat' dir='ltr'>graviter</span> <span class='ocrx_word' id='word_1_80' title='bbox 1378 1021 1470 1091; x_wconf 88' lang='lat' dir='ltr'><strong><em>qui</em></strong></span> <span class='ocrx_word' id='word_1_81' title='bbox 1509 1041 1560 1075; x_wconf 88' lang='grc' dir='ltr'><strong><em>τι</em></strong></span> <span class='ocrx_word' id='word_1_82' title='bbox 1609 1020 1914 1076; x_wconf 86' lang='lat' dir='ltr'>addendum</span> <span class='ocrx_word' id='word_1_83' title='bbox 1961 1040 2053 1094; x_wconf 91' lang='lat' dir='ltr'><strong><em>pu-</em></strong></span> 
     </span>
     <span class='ocr_line' id='line_1_12' title="bbox 74 1107 2057 1182; baseline -0.002 -13"><span class='ocrx_word' id='word_1_84' title='bbox 74 1119 359 1169; x_wconf 85' lang='lat' dir='ltr'>taverunt:</span> <span class='ocrx_word' id='word_1_85' title='bbox 423 1110 687 1182; x_wconf 78' lang='lat' dir='ltr'>»alioquin</span> <span class='ocrx_word' id='word_1_86' title='bbox 734 1110 953 1174; x_wconf 87' lang='grc' dir='ltr'><strong><em>ἀτιμίαν</em></strong></span> <span class='ocrx_word' id='word_1_87' title='bbox 1004 1108 1222 1162; x_wconf 78' lang='lat' dir='ltr'>dioeisset</span> <span class='ocrx_word' id='word_1_88' title='bbox 1278 1107 1560 1178; x_wconf 75' lang='lat' dir='ltr'>Xenophon</span> <span class='ocrx_word' id='word_1_89' title='bbox 1582 1109 1616 1131; x_wconf 91' lang='lat'><strong><em>’&#39;</em></strong></span> <span class='ocrx_word' id='word_1_90' title='bbox 1679 1108 2057 1166; x_wconf 84' lang='lat' dir='ltr'>SchneideruS.</span> 
     </span>
     <span class='ocr_line' id='line_1_13' title="bbox 73 1195 2056 1266; baseline -0.002 -10"><span class='ocrx_word' id='word_1_91' title='bbox 73 1201 187 1257; x_wconf 83' lang='lat' dir='ltr'>Non</span> <span class='ocrx_word' id='word_1_92' title='bbox 225 1201 370 1256; x_wconf 84' lang='lat' dir='ltr'>enim</span> <span class='ocrx_word' id='word_1_93' title='bbox 409 1200 628 1265; x_wconf 88' lang='grc' dir='ltr'><strong><em>ἀτιμίας</em></strong></span> <span class='ocrx_word' id='word_1_94' title='bbox 667 1219 717 1252; x_wconf 96' lang='grc' dir='ltr'><strong><em>τι</em></strong></span> <span class='ocrx_word' id='word_1_95' title='bbox 759 1197 1009 1266; x_wconf 81' lang='grc' dir='ltr'><strong><em>παρέχειν</em></strong></span> <span class='ocrx_word' id='word_1_96' title='bbox 1049 1197 1312 1251; x_wconf 86' lang='lat' dir='ltr'>Graec-um</span> <span class='ocrx_word' id='word_1_97' title='bbox 1353 1203 1464 1261; x_wconf 78' lang='lat' dir='ltr'>est,</span> <span class='ocrx_word' id='word_1_98' title='bbox 1505 1195 1598 1250; x_wconf 88' lang='lat' dir='ltr'>sed</span> <span class='ocrx_word' id='word_1_99' title='bbox 1635 1198 1853 1263; x_wconf 90' lang='grc' dir='ltr'><strong><em>ἀτιμίαν</em></strong></span> <span class='ocrx_word' id='word_1_100' title='bbox 1902 1198 2017 1253; x_wconf 82' lang='grc' dir='ltr'><strong><em>τινά</em></strong></span> <span class='ocrx_word' id='word_1_101' title='bbox 2041 1241 2056 1263; x_wconf 87' lang='grc'><strong><em>,</em></strong></span> 
     </span>
     <span class='ocr_line' id='line_1_14' title="bbox 73 1284 2059 1361; baseline -0.002 -17"><span class='ocrx_word' id='word_1_102' title='bbox 73 1298 127 1345; x_wconf 90' lang='lat' dir='ltr'>et</span> <span class='ocrx_word' id='word_1_103' title='bbox 179 1289 334 1361; x_wconf 82' lang='lat' dir='ltr'>plura</span> <span class='ocrx_word' id='word_1_104' title='bbox 389 1294 543 1342; x_wconf 85' lang='lat' dir='ltr'>erant</span> <span class='ocrx_word' id='word_1_105' title='bbox 597 1286 815 1352; x_wconf 85' lang='grc' dir='ltr'><strong><em>ἀτιμίας</em></strong></span> <span class='ocrx_word' id='word_1_106' title='bbox 876 1299 1107 1356; x_wconf 86' lang='lat' dir='ltr'>genera,</span> <span class='ocrx_word' id='word_1_107' title='bbox 1163 1284 1360 1356; x_wconf 90' lang='lat' dir='ltr'>quibus</span> <span class='ocrx_word' id='word_1_108' title='bbox 1395 1287 1438 1339; x_wconf 84' lang='grc' dir='ltr'><strong><em>οἱ</em></strong></span> <span class='ocrx_word' id='word_1_109' title='bbox 1490 1284 1712 1350; x_wconf 83' lang='grc' dir='ltr'><strong><em>μέτοικοι</em></strong></span> <span class='ocrx_word' id='word_1_110' title='bbox 1768 1302 1799 1339; x_wconf 93' lang='lat' dir='ltr'>a</span> <span class='ocrx_word' id='word_1_111' title='bbox 1851 1285 2059 1341; x_wconf 86' lang='lat' dir='ltr'>civibus</span> 
     </span>
     <span class='ocr_line' id='line_1_15' title="bbox 28 1374 969 1451; baseline -0.007 -17"><span class='ocrx_word' id='word_1_112' title='bbox 28 1383 35 1435; x_wconf 87' lang='lat' dir='ltr'><strong><em>·J</em></strong></span> <span class='ocrx_word' id='word_1_113' title='bbox 73 1379 275 1451; x_wconf 88' lang='lat' dir='ltr'>optimo</span> <span class='ocrx_word' id='word_1_114' title='bbox 315 1378 432 1431; x_wconf 90' lang='lat' dir='ltr'>iure</span> <span class='ocrx_word' id='word_1_115' title='bbox 477 1374 969 1446; x_wconf 77' lang='lat' dir='ltr'><strong>distinguebantur.</strong></span> 
     </span>
    </p>

    <p class='ocr_par' dir='ltr' id='par_1_5' title="bbox 31 1460 2055 1714">
     <span class='ocr_line' id='line_1_16' title="bbox 166 1460 2055 1536; baseline -0.001 -16"><span class='ocrx_word' id='word_1_116' title='bbox 166 1466 411 1520; x_wconf 85' lang='lat' dir='ltr'>Insiticia</span> <span class='ocrx_word' id='word_1_117' title='bbox 462 1463 786 1536; x_wconf 76' lang='lat' dir='ltr'>praepositio</span> <span class='ocrx_word' id='word_1_118' title='bbox 825 1460 1132 1534; x_wconf 86' lang='lat' dir='ltr'>expellenda</span> <span class='ocrx_word' id='word_1_119' title='bbox 1184 1469 1265 1517; x_wconf 84' lang='lat' dir='ltr'>est</span> <span class='ocrx_word' id='word_1_120' title='bbox 1305 1461 1394 1516; x_wconf 88' lang='lat' dir='ltr'><strong><em>IV.</em></strong></span> <span class='ocrx_word' id='word_1_121' title='bbox 1441 1466 1525 1516; x_wconf 82' lang='lat'><strong><em>15.</em></strong></span> <span class='ocrx_word' id='word_1_122' title='bbox 1586 1463 1682 1516; x_wconf 88' lang='grc' dir='ltr'><strong><em>ἀπ’</em></strong></span> <span class='ocrx_word' id='word_1_123' title='bbox 1741 1465 1910 1518; x_wconf 80' lang='grc' dir='ltr'><strong><em>αὐτῶν</em></strong></span> <span class='ocrx_word' id='word_1_124' title='bbox 1959 1465 2055 1530; x_wconf 85' lang='grc' dir='ltr'><strong><em>μὲν</em></strong></span> 
     </span>
     <span class='ocr_line' id='line_1_17' title="bbox 31 1549 2055 1626; baseline -0.001 -16"><span class='ocrx_word' id='word_1_125' title='bbox 31 1551 155 1610; x_wconf 81' lang='grc' dir='ltr'><strong><em>ὀὖν</em></strong></span> <span class='ocrx_word' id='word_1_126' title='bbox 204 1554 380 1620; x_wconf 73' lang='grc' dir='ltr'><strong><em>ἔγωγε</em></strong></span> <span class='ocrx_word' id='word_1_127' title='bbox 446 1553 594 1626; x_wconf 84' lang='grc' dir='ltr'><strong><em>[ἀφ’]</em></strong></span> <span class='ocrx_word' id='word_1_128' title='bbox 655 1549 718 1605; x_wconf 78' lang='grc' dir='ltr'><strong><em>ὧν</em></strong></span> <span class='ocrx_word' id='word_1_129' title='bbox 770 1550 951 1616; x_wconf 88' lang='grc' dir='ltr'><strong><em>μέλλω</em></strong></span> <span class='ocrx_word' id='word_1_130' title='bbox 1007 1550 1183 1615; x_wconf 74' lang='grc' dir='ltr'><strong><em>λέγειν</em></strong></span> <span class='ocrx_word' id='word_1_131' title='bbox 1241 1550 1378 1605; x_wconf 82' lang='grc' dir='ltr'><strong><em>οὐδέν</em></strong></span> <span class='ocrx_word' id='word_1_132' title='bbox 1425 1572 1474 1605; x_wconf 92' lang='grc' dir='ltr'><strong><em>τι</em></strong></span> <span class='ocrx_word' id='word_1_133' title='bbox 1518 1549 1641 1614; x_wconf 74' lang='grc' dir='ltr'><strong><em>ἀξιῶ</em></strong></span> <span class='ocrx_word' id='word_1_134' title='bbox 1683 1551 2055 1620; x_wconf 70' lang='grc' dir='ltr'><strong><em>θαυμάζεσθαι.</em></strong></span> 
     </span>
     <span class='ocr_line' id='line_1_18' title="bbox 75 1638 1855 1714; baseline -0.002 -16"><span class='ocrx_word' id='word_1_135' title='bbox 75 1642 452 1714; x_wconf 86' lang='lat' dir='ltr'>Unusquisque</span> <span class='ocrx_word' id='word_1_136' title='bbox 491 1639 801 1694; x_wconf 87' lang='lat' dir='ltr'>admonitus</span> <span class='ocrx_word' id='word_1_137' title='bbox 842 1639 980 1693; x_wconf 92' lang='lat' dir='ltr'>male</span> <span class='ocrx_word' id='word_1_138' title='bbox 1016 1638 1306 1710; x_wconf 87' lang='lat' dir='ltr'>repetitum</span> <span class='ocrx_word' id='word_1_139' title='bbox 1344 1655 1460 1693; x_wconf 92' lang='lat' dir='ltr'>esse</span> <span class='ocrx_word' id='word_1_140' title='bbox 1499 1639 1607 1693; x_wconf 81' lang='grc' dir='ltr'><strong><em>ἀπό</em></strong></span> <span class='ocrx_word' id='word_1_141' title='bbox 1642 1641 1855 1694; x_wconf 77' lang='lat' dir='ltr'>sentiet.</span> 
     </span>
    </p>

    <p class='ocr_par' dir='ltr' id='par_1_6' title="bbox 149 1726 2061 1803">
     <span class='ocr_line' id='line_1_19' title="bbox 149 1726 2061 1803; baseline -0.002 -17"><span class='ocrx_word' id='word_1_142' title='bbox 149 1732 382 1803; x_wconf 87' lang='lat' dir='ltr'>Reperta</span> <span class='ocrx_word' id='word_1_143' title='bbox 420 1745 546 1784; x_wconf 85' lang='lat' dir='ltr'>vera</span> <span class='ocrx_word' id='word_1_144' title='bbox 584 1727 745 1783; x_wconf 82' lang='lat' dir='ltr'>lectio</span> <span class='ocrx_word' id='word_1_145' title='bbox 782 1735 863 1782; x_wconf 88' lang='lat' dir='ltr'>est</span> <span class='ocrx_word' id='word_1_146' title='bbox 915 1727 1006 1782; x_wconf 90' lang='lat' dir='ltr'>sed</span> <span class='ocrx_word' id='word_1_147' title='bbox 1046 1744 1151 1781; x_wconf 90' lang='lat' dir='ltr'><strong><em>non</em></strong></span> <span class='ocrx_word' id='word_1_148' title='bbox 1206 1734 1421 1798; x_wconf 87' lang='lat' dir='ltr'>recepta</span> <span class='ocrx_word' id='word_1_149' title='bbox 1460 1726 1550 1782; x_wconf 91' lang='lat' dir='ltr'><strong><em>IV.</em></strong></span> <span class='ocrx_word' id='word_1_150' title='bbox 1597 1732 1699 1782; x_wconf 90' lang='lat'><strong><em>14:</em></strong></span> <span class='ocrx_word' id='word_1_151' title='bbox 1760 1729 1949 1790; x_wconf 85' lang='grc' dir='ltr'><strong><em>Νικίας</em></strong></span> <span class='ocrx_word' id='word_1_152' title='bbox 1984 1758 2061 1772; x_wconf 85' lang='lat'><strong><em>—-</em></strong></span> 
     </span>
    </p>

    <p class='ocr_par' dir='ltr' id='par_1_7' title="bbox 28 1814 2062 2599">
     <span class='ocr_line' id='line_1_20' title="bbox 31 1814 2060 1890; baseline -0.001 -14"><span class='ocrx_word' id='word_1_153' title='bbox 31 1839 33 1843; x_wconf 57' lang='lat'><strong><em>⁴</em></strong></span> <span class='ocrx_word' id='word_1_154' title='bbox 70 1822 274 1890; x_wconf 79' lang='grc' dir='ltr'><strong><em>χιλίους</em></strong></span> <span class='ocrx_word' id='word_1_155' title='bbox 333 1818 616 1885; x_wconf 72' lang='grc' dir='ltr'><strong><em>ἀνθρώπους</em></strong></span> <span class='ocrx_word' id='word_1_156' title='bbox 676 1818 853 1887; x_wconf 73' lang='grc' dir='ltr'><strong><em>Σωσία</em></strong></span> <span class='ocrx_word' id='word_1_157' title='bbox 910 1818 981 1885; x_wconf 78' lang='grc' dir='ltr'><strong><em>τῷ</em></strong></span> <span class='ocrx_word' id='word_1_158' title='bbox 1036 1816 1197 1886; x_wconf 73' lang='grc' dir='ltr'><strong><em>Θρᾳκὶ</em></strong></span> <span class='ocrx_word' id='word_1_159' title='bbox 1259 1815 1595 1882; x_wconf 76' lang='grc' dir='ltr'><strong><em>ἐξεμίσθωσεν</em></strong></span> <span class='ocrx_word' id='word_1_160' title='bbox 1647 1818 1737 1885; x_wconf 82' lang='grc' dir='ltr'><strong><em>ἐφ’</em></strong></span> <span class='ocrx_word' id='word_1_161' title='bbox 1791 1814 1826 1886; x_wconf 80' lang='grc' dir='ltr'><em>ᾧ</em></span> <span class='ocrx_word' id='word_1_162' title='bbox 1879 1819 2060 1885; x_wconf 80' lang='grc' dir='ltr'><strong><em>ὀβολὸν</em></strong></span> 
     </span>
     <span class='ocr_line' id='line_1_21' title="bbox 69 1903 2054 1976; baseline -0.002 -12"><span class='ocrx_word' id='word_1_163' title='bbox 69 1910 165 1976; x_wconf 79' lang='grc' dir='ltr'><strong><em>μὲν</em></strong></span> <span class='ocrx_word' id='word_1_164' title='bbox 204 1911 371 1971; x_wconf 78' lang='grc' dir='ltr'><strong><em>ἀτελῆ</em></strong></span> <span class='ocrx_word' id='word_1_165' title='bbox 413 1906 598 1964; x_wconf 76' lang='grc' dir='ltr'><strong><em>ἓκάςου</em></strong></span> <span class='ocrx_word' id='word_1_166' title='bbox 653 1913 746 1969; x_wconf 78' lang='grc' dir='ltr'><strong><em>τῆς</em></strong></span> <span class='ocrx_word' id='word_1_167' title='bbox 788 1906 980 1974; x_wconf 75' lang='grc' dir='ltr'><strong><em>ἡμέροις</em></strong></span> <span class='ocrx_word' id='word_1_168' title='bbox 1022 1903 1351 1967; x_wconf 73' lang='grc' dir='ltr'><strong><em>ἀποδιδόναι,</em></strong></span> <span class='ocrx_word' id='word_1_169' title='bbox 1414 1906 1499 1959; x_wconf 84' lang='grc' dir='ltr'><strong><em>τὸν</em></strong></span> <span class='ocrx_word' id='word_1_170' title='bbox 1554 1905 1599 1958; x_wconf 92' lang='grc' dir='ltr'><strong><em>δ’</em></strong></span> <span class='ocrx_word' id='word_1_171' title='bbox 1655 1906 1863 1973; x_wconf 82' lang='grc' dir='ltr'><strong><em>ἀριθμὸν</em></strong></span> <span class='ocrx_word' id='word_1_172' title='bbox 1917 1906 2054 1969; x_wconf 77' lang='grc' dir='ltr'><strong><em>ἴσους</em></strong></span> 
     </span>
     <span class='ocr_line' id='line_1_22' title="bbox 72 1992 2061 2067; baseline -0.001 -14"><span class='ocrx_word' id='word_1_173' title='bbox 72 1998 156 2053; x_wconf 76' lang='grc' dir='ltr'><strong><em>ἀεὶ</em></strong></span> <span class='ocrx_word' id='word_1_174' title='bbox 210 2003 549 2065; x_wconf 78' lang='grc' dir='ltr'><strong><em>παρεῖχεν.</em></strong></span> <span class='ocrx_word' id='word_1_175' title='bbox 643 1993 794 2062; x_wconf 85' lang='lat' dir='ltr'>Quod</span> <span class='ocrx_word' id='word_1_176' title='bbox 864 1994 1220 2048; x_wconf 82' lang='lat' dir='ltr'>Leunclavius</span> <span class='ocrx_word' id='word_1_177' title='bbox 1286 1992 1576 2064; x_wconf 85' lang='lat' dir='ltr'>reponebat</span> <span class='ocrx_word' id='word_1_178' title='bbox 1637 1994 1884 2062; x_wconf 82' lang='grc' dir='ltr'><strong><em>παρέχειν</em></strong></span> <span class='ocrx_word' id='word_1_179' title='bbox 1946 1997 2061 2067; x_wconf 88' lang='lat' dir='ltr'>ipsa</span> 
     </span>
     <span class='ocr_line' id='line_1_23' title="bbox 74 2081 2061 2159; baseline -0.001 -18"><span class='ocrx_word' id='word_1_180' title='bbox 74 2086 388 2159; x_wconf 89' lang='lat' dir='ltr'>compositio</span> <span class='ocrx_word' id='word_1_181' title='bbox 427 2084 531 2139; x_wconf 87' lang='lat' dir='ltr'>loci</span> <span class='ocrx_word' id='word_1_182' title='bbox 570 2083 872 2138; x_wconf 83' lang='lat' dir='ltr'>necessario</span> <span class='ocrx_word' id='word_1_183' title='bbox 911 2083 1168 2154; x_wconf 81' lang='lat' dir='ltr'>requirit:</span> <span class='ocrx_word' id='word_1_184' title='bbox 1229 2081 1520 2136; x_wconf 80' lang='grc' dir='ltr'><strong><em>ἀποδιδόναι</em></strong></span> <span class='ocrx_word' id='word_1_185' title='bbox 1561 2081 1657 2147; x_wconf 80' lang='grc' dir='ltr'><strong><em>μέν</em></strong></span> <span class='ocrx_word' id='word_1_186' title='bbox 1696 2115 1771 2123; x_wconf 90' lang='grc'><strong>-</strong></span> <span class='ocrx_word' id='word_1_187' title='bbox 1810 2083 2061 2152; x_wconf 85' lang='grc' dir='ltr'><strong><em>παρέχειν</em></strong></span> 
     </span>
     <span class='ocr_line' id='line_1_24' title="bbox 28 2175 147 2230; baseline -0.008 0"><span class='ocrx_word' id='word_1_188' title='bbox 28 2175 29 2179; x_wconf 72' lang='grc'>’</span> <span class='ocrx_word' id='word_1_189' title='bbox 75 2175 147 2230; x_wconf 82' lang='grc' dir='ltr'><strong><em>δέ.</em></strong></span> 
     </span>
     <span class='ocr_line' id='line_1_25' title="bbox 31 2259 2062 2332; baseline -0.001 -14"><span class='ocrx_word' id='word_1_190' title='bbox 31 2259 35 2261; x_wconf 58' lang='grc'><strong>’</strong></span> <span class='ocrx_word' id='word_1_191' title='bbox 152 2263 219 2319; x_wconf 87' lang='lat' dir='ltr'><strong><em>Ut</em></strong></span> <span class='ocrx_word' id='word_1_192' title='bbox 261 2278 367 2317; x_wconf 90' lang='lat' dir='ltr'>una</span> <span class='ocrx_word' id='word_1_193' title='bbox 420 2261 577 2316; x_wconf 88' lang='lat' dir='ltr'>litera</span> <span class='ocrx_word' id='word_1_194' title='bbox 628 2260 955 2332; x_wconf 86' lang='lat' dir='ltr'>transposita</span> <span class='ocrx_word' id='word_1_195' title='bbox 1007 2265 1259 2328; x_wconf 84' lang='grc' dir='ltr'><strong><em>παρεῖχεν</em></strong></span> <span class='ocrx_word' id='word_1_196' title='bbox 1299 2275 1365 2313; x_wconf 84' lang='lat' dir='ltr'>ex</span> <span class='ocrx_word' id='word_1_197' title='bbox 1414 2259 1664 2327; x_wconf 81' lang='grc' dir='ltr'><strong><em>παρέχειν</em></strong></span> <span class='ocrx_word' id='word_1_198' title='bbox 1706 2259 1941 2331; x_wconf 85' lang='lat' dir='ltr'>prodiit,</span> <span class='ocrx_word' id='word_1_199' title='bbox 1982 2261 2062 2316; x_wconf 80' lang='lat' dir='ltr'><strong><em>sic</em></strong></span> 
     </span>
     <span class='ocr_line' id='line_1_26' title="bbox 73 2348 2057 2419; baseline -0.002 -11"><span class='ocrx_word' id='word_1_200' title='bbox 73 2353 163 2409; x_wconf 87' lang='lat' dir='ltr'><strong><em>IV.</em></strong></span> <span class='ocrx_word' id='word_1_201' title='bbox 205 2356 304 2406; x_wconf 72' lang='lat'><strong><em>21:</em></strong></span> <span class='ocrx_word' id='word_1_202' title='bbox 346 2354 520 2406; x_wconf 79' lang='grc' dir='ltr'><strong><em>οὐκοῦν</em></strong></span> <span class='ocrx_word' id='word_1_203' title='bbox 558 2350 716 2419; x_wconf 83' lang='grc' dir='ltr'><strong><em>μέχρι</em></strong></span> <span class='ocrx_word' id='word_1_204' title='bbox 757 2348 853 2414; x_wconf 82' lang='grc' dir='ltr'><strong><em>μὲν</em></strong></span> <span class='ocrx_word' id='word_1_205' title='bbox 893 2348 1072 2403; x_wconf 86' lang='grc' dir='ltr'><strong><em>τούτου</em></strong></span> <span class='ocrx_word' id='word_1_206' title='bbox 1128 2348 1339 2402; x_wconf 84' lang='grc' dir='ltr'><strong><em>δυνατὸν</em></strong></span> <span class='ocrx_word' id='word_1_207' title='bbox 1395 2353 1738 2418; x_wconf 80' lang='grc' dir='ltr'><strong><em>φανεῖται</em></strong></span> <span class='ocrx_word' id='word_1_208' title='bbox 1793 2357 1858 2418; x_wconf 73' lang='grc' dir='ltr'><strong><em>τῇ</em></strong></span> <span class='ocrx_word' id='word_1_209' title='bbox 1908 2350 2057 2405; x_wconf 83' lang='grc' dir='ltr'><strong><em>πόλει</em></strong></span> 
     </span>
     <span class='ocr_line' id='line_1_27' title="bbox 75 2435 2059 2508; baseline -0.002 -11"><span class='ocrx_word' id='word_1_210' title='bbox 75 2439 467 2498; x_wconf 85' lang='lat' dir='ltr'>emendandum</span> <span class='ocrx_word' id='word_1_211' title='bbox 529 2445 611 2493; x_wconf 90' lang='lat' dir='ltr'>est</span> <span class='ocrx_word' id='word_1_212' title='bbox 653 2438 864 2492; x_wconf 82' lang='grc' dir='ltr'><strong><em>δυνατὸν</em></strong></span> <span class='ocrx_word' id='word_1_213' title='bbox 924 2436 1190 2505; x_wconf 84' lang='grc' dir='ltr'><strong><em>φαίνεται.</em></strong></span> <span class='ocrx_word' id='word_1_214' title='bbox 1273 2435 1416 2491; x_wconf 84' lang='lat' dir='ltr'>Satis</span> <span class='ocrx_word' id='word_1_215' title='bbox 1476 2454 1533 2491; x_wconf 87' lang='lat' dir='ltr'>se</span> <span class='ocrx_word' id='word_1_216' title='bbox 1591 2435 1646 2490; x_wconf 90' lang='lat' dir='ltr'><strong><em>id</em></strong></span> <span class='ocrx_word' id='word_1_217' title='bbox 1705 2436 1922 2508; x_wconf 89' lang='lat' dir='ltr'>quidem</span> <span class='ocrx_word' id='word_1_218' title='bbox 1971 2436 2059 2493; x_wconf 90' lang='lat' dir='ltr'>de-</span> 
     </span>
     <span class='ocr_line' id='line_1_28' title="bbox 77 2524 1157 2599; baseline -0.004 -15"><span class='ocrx_word' id='word_1_219' title='bbox 77 2536 405 2585; x_wconf 86' lang='lat' dir='ltr'>monstrasse</span> <span class='ocrx_word' id='word_1_220' title='bbox 443 2526 737 2599; x_wconf 88' lang='lat' dir='ltr'>Xenophon</span> <span class='ocrx_word' id='word_1_221' title='bbox 773 2524 1157 2580; x_wconf 82' lang='lat' dir='ltr'>arbitrabatur.</span> 
     </span>
    </p>

    <p class='ocr_par' dir='ltr' id='par_1_8' title="bbox 32 2612 2062 3659">
     <span class='ocr_line' id='line_1_29' title="bbox 168 2612 2062 2690; baseline -0.002 -16"><span class='ocrx_word' id='word_1_222' title='bbox 168 2615 616 2690; x_wconf 81' lang='lat' dir='ltr'>Frequentissimi</span> <span class='ocrx_word' id='word_1_223' title='bbox 681 2613 861 2669; x_wconf 87' lang='lat' dir='ltr'>mendi</span> <span class='ocrx_word' id='word_1_224' title='bbox 919 2630 1116 2668; x_wconf 90' lang='lat' dir='ltr'>novum</span> <span class='ocrx_word' id='word_1_225' title='bbox 1176 2612 1477 2685; x_wconf 89' lang='lat' dir='ltr'>exemplum</span> <span class='ocrx_word' id='word_1_226' title='bbox 1538 2614 1778 2667; x_wconf 87' lang='lat' dir='ltr'>occurrit</span> <span class='ocrx_word' id='word_1_227' title='bbox 1816 2613 1906 2670; x_wconf 91' lang='lat' dir='ltr'><strong><em>IV.</em></strong></span> <span class='ocrx_word' id='word_1_228' title='bbox 1951 2617 2062 2671; x_wconf 79' lang='lat'><strong><em>21:</em></strong></span> 
     </span>
     <span class='ocr_line' id='line_1_30' title="bbox 78 2700 2058 2778; baseline -0.003 -14"><span class='ocrx_word' id='word_1_229' title='bbox 78 2706 552 2778; x_wconf 76' lang='grc' dir='ltr'><strong><em>προσκειμένης</em></strong></span> <span class='ocrx_word' id='word_1_230' title='bbox 595 2703 783 2771; x_wconf 77' lang='grc' dir='ltr'><strong><em>ζημίας</em></strong></span> <span class='ocrx_word' id='word_1_231' title='bbox 836 2704 906 2771; x_wconf 80' lang='grc' dir='ltr'><strong><em>τῷ</em></strong></span> <span class='ocrx_word' id='word_1_232' title='bbox 948 2725 1008 2758; x_wconf 86' lang='grc' dir='ltr'><strong><em>τε</em></strong></span> <span class='ocrx_word' id='word_1_233' title='bbox 1064 2707 1316 2758; x_wconf 80' lang='grc' dir='ltr'><strong><em>πωλοῦντι</em></strong></span> <span class='ocrx_word' id='word_1_234' title='bbox 1358 2702 1445 2756; x_wconf 76' lang='grc' dir='ltr'><strong><em>καὶ</em></strong></span> <span class='ocrx_word' id='word_1_235' title='bbox 1489 2702 1560 2770; x_wconf 78' lang='grc' dir='ltr'><strong><em>τῷ</em></strong></span> <span class='ocrx_word' id='word_1_236' title='bbox 1597 2700 1870 2768; x_wconf 75' lang='grc' dir='ltr'><strong><em>ἐξάγοντι,</em></strong></span> <span class='ocrx_word' id='word_1_237' title='bbox 1932 2720 2058 2759; x_wconf 82' lang='lat' dir='ltr'>nam</span> 
     </span>
     <span class='ocr_line' id='line_1_31' title="bbox 79 2791 2059 2867; baseline -0.003 -15"><span class='ocrx_word' id='word_1_238' title='bbox 79 2814 201 2852; x_wconf 86' lang='lat' dir='ltr'>vera</span> <span class='ocrx_word' id='word_1_239' title='bbox 240 2796 507 2867; x_wconf 84' lang='lat' dir='ltr'>scriptura</span> <span class='ocrx_word' id='word_1_240' title='bbox 550 2800 632 2848; x_wconf 92' lang='lat' dir='ltr'>est</span> <span class='ocrx_word' id='word_1_241' title='bbox 679 2793 1024 2860; x_wconf 74' lang='grc' dir='ltr'><strong><em>προκειμένης.</em></strong></span> <span class='ocrx_word' id='word_1_242' title='bbox 1106 2791 1367 2846; x_wconf 83' lang='lat' dir='ltr'>Graecum</span> <span class='ocrx_word' id='word_1_243' title='bbox 1418 2796 1500 2845; x_wconf 86' lang='lat' dir='ltr'>est</span> <span class='ocrx_word' id='word_1_244' title='bbox 1552 2792 1924 2858; x_wconf 80' lang='grc' dir='ltr'><strong><em>προτιθέναι</em></strong></span> <span class='ocrx_word' id='word_1_245' title='bbox 1974 2793 2059 2861; x_wconf 86' lang='grc' dir='ltr'><strong><em>ζη-</em></strong></span> 
     </span>
     <span class='ocr_line' id='line_1_32' title="bbox 32 2879 2060 2953; baseline -0.001 -14"><span class='ocrx_word' id='word_1_246' title='bbox 32 2879 41 2894; x_wconf 80' lang='grc'><strong>”</strong></span> <span class='ocrx_word' id='word_1_247' title='bbox 76 2887 204 2953; x_wconf 76' lang='grc' dir='ltr'><strong><em>μίαν</em></strong></span> <span class='ocrx_word' id='word_1_248' title='bbox 260 2892 311 2938; x_wconf 83' lang='lat' dir='ltr'>et</span> <span class='ocrx_word' id='word_1_249' title='bbox 363 2883 525 2950; x_wconf 81' lang='grc' dir='ltr'><strong><em>ζημία</em></strong></span> <span class='ocrx_word' id='word_1_250' title='bbox 581 2882 982 2949; x_wconf 82' lang='grc' dir='ltr'><strong><em>πρόκειται,</em></strong></span> <span class='ocrx_word' id='word_1_251' title='bbox 1037 2887 1096 2934; x_wconf 82' lang='grc' dir='ltr'><strong><em>ιιι</em></strong></span> <span class='ocrx_word' id='word_1_252' title='bbox 1155 2879 1342 2933; x_wconf 88' lang='lat' dir='ltr'>Latine</span> <span class='ocrx_word' id='word_1_253' title='bbox 1393 2896 1679 2949; x_wconf 82' lang='lat' dir='ltr'>proponere</span> <span class='ocrx_word' id='word_1_254' title='bbox 1728 2898 1946 2952; x_wconf 80' lang='lat' dir='ltr'>poenam</span> <span class='ocrx_word' id='word_1_255' title='bbox 2005 2888 2060 2936; x_wconf 87' lang='lat' dir='ltr'>et</span> 
     </span>
     <span class='ocr_line' id='line_1_33' title="bbox 72 2966 2056 3047; baseline -0.002 -21"><span class='ocrx_word' id='word_1_256' title='bbox 72 2991 234 3047; x_wconf 85' lang='lat' dir='ltr'>poena</span> <span class='ocrx_word' id='word_1_257' title='bbox 260 2971 520 3043; x_wconf 77' lang='lat' dir='ltr'>proposita</span> <span class='ocrx_word' id='word_1_258' title='bbox 557 2988 671 3024; x_wconf 83' lang='lat' dir='ltr'>esse</span> <span class='ocrx_word' id='word_1_259' title='bbox 717 2969 933 3022; x_wconf 83' lang='lat' dir='ltr'>dieitur.</span> <span class='ocrx_word' id='word_1_260' title='bbox 1016 2968 1181 3039; x_wconf 84' lang='lat' dir='ltr'>Saepe</span> <span class='ocrx_word' id='word_1_261' title='bbox 1218 2969 1267 3020; x_wconf 90' lang='lat' dir='ltr'>in</span> <span class='ocrx_word' id='word_1_262' title='bbox 1313 2966 1509 3022; x_wconf 82' lang='lat' dir='ltr'>talibus</span> <span class='ocrx_word' id='word_1_263' title='bbox 1543 2967 1750 3023; x_wconf 85' lang='lat' dir='ltr'>scribae</span> <span class='ocrx_word' id='word_1_264' title='bbox 1791 2969 2056 3035; x_wconf 85' lang='lat' dir='ltr'>titubant,</span> 
     </span>
     <span class='ocr_line' id='line_1_34' title="bbox 79 3055 2056 3133; baseline -0.002 -18"><span class='ocrx_word' id='word_1_265' title='bbox 79 3069 141 3115; x_wconf 85' lang='lat' dir='ltr'><strong><em>ut</em></strong></span> <span class='ocrx_word' id='word_1_266' title='bbox 174 3059 315 3132; x_wconf 79' lang='lat' dir='ltr'>apud</span> <span class='ocrx_word' id='word_1_267' title='bbox 357 3058 598 3133; x_wconf 85' lang='lat' dir='ltr'>Thucyd.</span> <span class='ocrx_word' id='word_1_268' title='bbox 631 3058 720 3112; x_wconf 82' lang='grc' dir='ltr'><strong>ΙΙΙ.</strong></span> <span class='ocrx_word' id='word_1_269' title='bbox 766 3061 862 3111; x_wconf 81' lang='lat'><strong><em>44:</em></strong></span> <span class='ocrx_word' id='word_1_270' title='bbox 904 3055 1160 3125; x_wconf 72' lang='grc' dir='ltr'><strong><em>ξυμφέρον</em></strong></span> <span class='ocrx_word' id='word_1_271' title='bbox 1204 3056 1405 3111; x_wconf 79' lang='grc' dir='ltr'><strong><em>ἔσεσθαι</em></strong></span> <span class='ocrx_word' id='word_1_272' title='bbox 1447 3055 1660 3109; x_wconf 71' lang='grc' dir='ltr'><strong><em>θοίνατον</em></strong></span> <span class='ocrx_word' id='word_1_273' title='bbox 1702 3058 1891 3124; x_wconf 89' lang='grc' dir='ltr'><strong><em>ζημίαν</em></strong></span> <span class='ocrx_word' id='word_1_274' title='bbox 1925 3077 2056 3124; x_wconf 87' lang='grc' dir='ltr'><strong><em>προ-</em></strong></span> 
     </span>
     <span class='ocr_line' id='line_1_35' title="bbox 79 3144 2059 3219; baseline -0.002 -15"><span class='ocrx_word' id='word_1_275' title='bbox 79 3151 326 3213; x_wconf 70' lang='grc' dir='ltr'><strong><em>θεῖσιν,</em></strong></span> <span class='ocrx_word' id='word_1_276' title='bbox 380 3148 467 3202; x_wconf 89' lang='lat' dir='ltr'><strong><em>ubi</em></strong></span> <span class='ocrx_word' id='word_1_277' title='bbox 509 3163 634 3219; x_wconf 87' lang='lat' dir='ltr'>pars</span> <span class='ocrx_word' id='word_1_278' title='bbox 687 3144 945 3200; x_wconf 84' lang='lat' dir='ltr'>librorum</span> <span class='ocrx_word' id='word_1_279' title='bbox 989 3161 1264 3218; x_wconf 86' lang='lat' dir='ltr'>perperam</span> <span class='ocrx_word' id='word_1_280' title='bbox 1317 3144 1880 3211; x_wconf 67' lang='grc' dir='ltr'><strong><em>προσθεῖσινοκΙιὶὺεῑ.</em></strong></span> <span class='ocrx_word' id='word_1_281' title='bbox 1962 3145 2059 3200; x_wconf 88' lang='lat' dir='ltr'>Re·</span> 
     </span>
     <span class='ocr_line' id='line_1_36' title="bbox 79 3233 2055 3308; baseline -0.002 -16"><span class='ocrx_word' id='word_1_282' title='bbox 79 3244 164 3292; x_wconf 85' lang='lat' dir='ltr'>cte</span> <span class='ocrx_word' id='word_1_283' title='bbox 221 3236 359 3308; x_wconf 82' lang='lat' dir='ltr'>apud</span> <span class='ocrx_word' id='word_1_284' title='bbox 422 3234 790 3308; x_wconf 83' lang='lat' dir='ltr'>Thucydidem</span> <span class='ocrx_word' id='word_1_285' title='bbox 854 3235 903 3287; x_wconf 86' lang='lat' dir='ltr'>in</span> <span class='ocrx_word' id='word_1_286' title='bbox 960 3233 1143 3288; x_wconf 86' lang='lat' dir='ltr'>eadem</span> <span class='ocrx_word' id='word_1_287' title='bbox 1202 3250 1259 3287; x_wconf 87' lang='lat' dir='ltr'><strong><em>re</em></strong></span> <span class='ocrx_word' id='word_1_288' title='bbox 1317 3233 1582 3300; x_wconf 86' lang='grc' dir='ltr'><strong><em>πρόκειται</em></strong></span> <span class='ocrx_word' id='word_1_289' title='bbox 1642 3239 1912 3285; x_wconf 83' lang='lat' dir='ltr'>servatum</span> <span class='ocrx_word' id='word_1_290' title='bbox 1974 3240 2055 3288; x_wconf 85' lang='lat' dir='ltr'>est</span> 
     </span>
     <span class='ocr_line' id='line_1_37' title="bbox 80 3320 2054 3398; baseline -0.002 -18"><span class='ocrx_word' id='word_1_291' title='bbox 80 3342 194 3398; x_wconf 78' lang='lat' dir='ltr'>cap.</span> <span class='ocrx_word' id='word_1_292' title='bbox 239 3328 343 3380; x_wconf 78' lang='lat'><strong><em>45:</em></strong></span> <span class='ocrx_word' id='word_1_293' title='bbox 385 3325 436 3378; x_wconf 83' lang='grc' dir='ltr'><strong><em>ἕν</em></strong></span> <span class='ocrx_word' id='word_1_294' title='bbox 474 3322 557 3379; x_wconf 80' lang='grc' dir='ltr'><strong><em>οὖν</em></strong></span> <span class='ocrx_word' id='word_1_295' title='bbox 597 3332 716 3384; x_wconf 86' lang='grc' dir='ltr'><strong><em>ταῖς</em></strong></span> <span class='ocrx_word' id='word_1_296' title='bbox 758 3324 940 3378; x_wconf 84' lang='grc' dir='ltr'><strong><em>πόλεσι</em></strong></span> <span class='ocrx_word' id='word_1_297' title='bbox 983 3328 1184 3377; x_wconf 80' lang='grc' dir='ltr'><strong><em>πολλῶν</em></strong></span> <span class='ocrx_word' id='word_1_298' title='bbox 1225 3322 1444 3376; x_wconf 78' lang='grc' dir='ltr'><strong><em>θανάτου</em></strong></span> <span class='ocrx_word' id='word_1_299' title='bbox 1486 3321 1647 3388; x_wconf 88' lang='grc' dir='ltr'><strong><em>ζημία</em></strong></span> <span class='ocrx_word' id='word_1_300' title='bbox 1687 3320 2054 3387; x_wconf 85' lang='grc' dir='ltr'><strong><em>πρόκειται</em></strong></span> 
     </span>
     <span class='ocr_line' id='line_1_38' title="bbox 80 3408 2056 3480; baseline -0.003 -11"><span class='ocrx_word' id='word_1_301' title='bbox 80 3413 167 3469; x_wconf 71' lang='grc' dir='ltr'><strong><em>καὶ</em></strong></span> <span class='ocrx_word' id='word_1_302' title='bbox 206 3415 295 3467; x_wconf 76' lang='grc' dir='ltr'><strong><em>οὐκ</em></strong></span> <span class='ocrx_word' id='word_1_303' title='bbox 334 3413 452 3467; x_wconf 83' lang='grc' dir='ltr'><strong><em>ἴσων</em></strong></span> <span class='ocrx_word' id='word_1_304' title='bbox 494 3413 619 3480; x_wconf 78' lang='grc' dir='ltr'><strong><em>τῷδε</em></strong></span> <span class='ocrx_word' id='word_1_305' title='bbox 675 3412 804 3466; x_wconf 87' lang='grc' dir='ltr'><strong><em>ἀλλ’</em></strong></span> <span class='ocrx_word' id='word_1_306' title='bbox 859 3411 1145 3466; x_wconf 83' lang='grc' dir='ltr'><strong><em>ἐλασσόνων</em></strong></span> <span class='ocrx_word' id='word_1_307' title='bbox 1200 3409 1628 3478; x_wconf 71' lang='grc' dir='ltr'><strong><em>ἁμαρτημάτων,</em></strong></span> <span class='ocrx_word' id='word_1_308' title='bbox 1683 3408 1772 3463; x_wconf 84' lang='lat' dir='ltr'>sed</span> <span class='ocrx_word' id='word_1_309' title='bbox 1814 3409 1861 3462; x_wconf 89' lang='lat' dir='ltr'><strong><em>is</em></strong></span> <span class='ocrx_word' id='word_1_310' title='bbox 1908 3408 2056 3464; x_wconf 88' lang='lat' dir='ltr'>locus</span> 
     </span>
     <span class='ocr_line' id='line_1_39' title="bbox 82 3496 2054 3572; baseline -0.002 -16"><span class='ocrx_word' id='word_1_311' title='bbox 82 3501 186 3557; x_wconf 87' lang='lat' dir='ltr'>alio</span> <span class='ocrx_word' id='word_1_312' title='bbox 227 3501 404 3556; x_wconf 79' lang='lat' dir='ltr'>mendi</span> <span class='ocrx_word' id='word_1_313' title='bbox 458 3517 652 3572; x_wconf 80' lang='lat' dir='ltr'>genere</span> <span class='ocrx_word' id='word_1_314' title='bbox 707 3499 928 3554; x_wconf 85' lang='lat' dir='ltr'>laborat.</span> <span class='ocrx_word' id='word_1_315' title='bbox 1010 3499 1269 3567; x_wconf 85' lang='lat' dir='ltr'>Quoniam</span> <span class='ocrx_word' id='word_1_316' title='bbox 1326 3499 1468 3552; x_wconf 89' lang='lat' dir='ltr'>enim</span> <span class='ocrx_word' id='word_1_317' title='bbox 1524 3502 1670 3551; x_wconf 87' lang='lat' dir='ltr'>certo</span> <span class='ocrx_word' id='word_1_318' title='bbox 1729 3496 2054 3552; x_wconf 85' lang='lat' dir='ltr'>Graecorum</span> 
     </span>
     <span class='ocr_line' id='line_1_40' title="bbox 84 3584 2048 3659; baseline -0.003 -14"><span class='ocrx_word' id='word_1_319' title='bbox 84 3606 180 3645; x_wconf 84' lang='lat' dir='ltr'><strong><em>usu</em></strong></span> <span class='ocrx_word' id='word_1_320' title='bbox 218 3589 417 3645; x_wconf 84' lang='lat' dir='ltr'>dicitur</span> <span class='ocrx_word' id='word_1_321' title='bbox 458 3589 743 3652; x_wconf 66' lang='grc' dir='ltr'><strong><em>θάνατος</em></strong></span> <span class='ocrx_word' id='word_1_322' title='bbox 795 3591 821 3650; x_wconf 77' lang='grc' dir='ltr'><em>ἦ</em></span> <span class='ocrx_word' id='word_1_323' title='bbox 870 3589 1031 3655; x_wconf 86' lang='grc' dir='ltr'><strong><em>ζημία</em></strong></span> <span class='ocrx_word' id='word_1_324' title='bbox 1073 3596 1125 3643; x_wconf 85' lang='lat' dir='ltr'>et</span> <span class='ocrx_word' id='word_1_325' title='bbox 1165 3588 1454 3642; x_wconf 71' lang='grc' dir='ltr'><strong><em>θάνατον</em></strong></span> <span class='ocrx_word' id='word_1_326' title='bbox 1499 3586 1622 3658; x_wconf 84' lang='lat' dir='ltr'>(non</span> <span class='ocrx_word' id='word_1_327' title='bbox 1667 3584 1907 3659; x_wconf 77' lang='grc' dir='ltr'><strong><em>θανάτου)</em></strong></span> <span class='ocrx_word' id='word_1_328' title='bbox 1966 3587 2048 3654; x_wconf 82' lang='grc' dir='ltr'><strong><em>ζη·</em></strong></span> 
     </span>
    </p>
   </div>
  </div>
 </body>
</html>
