2436 4068
1342 213 1446 264 190

709 355 852 418 οὗτος
898 356 1129 417 τέθνηκεν
1172 352 1315 416 οὗτος
1353 355 1521 409 οὐκέτ’
1562 357 1637 414 ἕςὶ
1678 358 1754 420 δή.

412 445 651 516 Scaliger
690 446 732 499 δ’
780 443 810 507 ἤ
849 463 947 510 μου
995 449 1048 496 et
1087 442 1211 509 ὤχει
1254 443 1527 507 restituit,
1581 444 1705 497 libri
1759 443 2004 499 meliores
2053 443 2388 509 ἀπαλλάξειν

408 534 702 596 dederunt,
754 538 806 584 et
856 531 912 583 in
963 530 1122 584 tertio
1175 529 1384 583 senario
1423 530 1660 585 Badham
1713 532 1813 600 ἀφ’
1861 528 1918 584 οὗ
1966 532 2198 594 τέθνηκεν
2245 530 2388 594 οὗτος

409 621 665 675 coniecit:
708 618 773 672 de
808 633 970 672 sensu
1009 617 1310 680 assentior,
1351 617 1443 672 sed
1479 618 1663 672 malim
1706 618 1847 674 idem
1888 619 1963 672 ita
2003 621 2291 675 restituere
2328 626 2391 674 ut

409 709 649 779 legatur:

716 791 866 847 ἐπεὶ
907 791 1141 854 τέθνηκεν
1170 787 1319 853 ὀὗτος
1360 793 1526 847 οὐκέτ’
1568 793 1642 850 ε’ςὶ
1686 793 1763 857 δή.

484 883 544 936 In
581 898 657 935 vs,
683 885 810 935 508.
853 879 1039 951 probat
1061 880 1295 934 Badharn
1332 878 1545 950 Bergkii
1569 881 1954 936 correctionem
1976 881 2194 941 οὲληθείοι
2214 883 2392 949 σαφής

410 970 561 1024 »licet
597 969 868 1023 metricam
899 967 1159 1023 licentia-m
1195 968 1491 1023 admittal.''
1545 969 1624 1022 Ea
1654 967 1944 1023 difficultas
1978 969 2056 1022 sic
2084 968 2197 1022 tolli
2221 974 2394 1039 potest

408 1064 471 1112 ut
524 1056 792 1111 scribatur
838 1057 1062 1120 οέληθίοι,
1114 1054 1565 1128 quemadmodum
1622 1056 1857 1121 οὲμελίοο,
1911 1057 2131 1122 εὐσεβίοι
2183 1055 2393 1127 aliaque

408 1144 571 1200 simul
617 1143 970 1216 penultimam
1016 1144 1317 1214 corripiunt
1354 1149 1407 1197 et
1446 1142 1751 1214 producunt
1789 1143 2054 1197 ultimam.
2137 1142 2250 1197 Non
2300 1142 2390 1197 ali-

407 1240 493 1288 ter
533 1233 588 1285 in
627 1231 855 1295 οὶγνοίοο,
897 1232 1079 1295 οὲνοίοι,
1132 1231 1404 1298 παλιρροία
1444 1229 1818 1301 similibusque
1863 1230 2056 1285 ultima
2106 1231 2264 1301 longa
2306 1230 2394 1295 fit,

409 1321 516 1374 nisi
558 1325 618 1373 ut
647 1338 790 1372 -οι
836 1318 929 1372 fiat
980 1318 1159 1373 breve.
1245 1318 1448 1372 Scribis
1508 1317 1582 1371 nil
1636 1318 1879 1373 subolet:
1931 1318 2199 1374 Gratetem
2254 1317 2396 1389 apud

413 1408 684 1465 Iulianum
725 1423 777 1477 p.
810 1410 933 1460 199.
977 1407 1036 1460 A.
1098 1406 1365 1460 inducunt
1405 1406 1706 1460 dicentem:

638 1499 826 1562 Χοοῖρε,
865 1495 957 1548 θεοὶ
991 1495 1267 1559 δέσποιναι,
1307 1499 1476 1563 σοφῶν
1516 1494 1701 1560 ἀνδρῶν
1740 1493 2049 1560 otwin-nux,

790 1581 1079 1646 Εὐτέλειοο,
1121 1590 1322 1645 κλεινῆς
1364 1580 1542 1647 ἔκγονε
1582 1582 1924 1650 σωφροσύνης.

410 1686 506 1742 pro
543 1668 804 1732 Εὐτελίοι,
845 1675 899 1724 et
933 1670 1007 1724 ita
1042 1670 1239 1741 passim
1279 1676 1514 1724 metrum
1550 1669 1726 1724 securi
1761 1669 1978 1724 violant.
2026 1692 2034 1694 *

486 1758 547 1812 In
582 1774 657 1811 VS.
692 1760 817 1811 514.

716 1845 787 1906 εἷς
827 1849 966 1898 ποῖον
1007 1842 1174 1911 ἕρπεις
1213 1846 1368 1911 μῦθον
1410 1845 1438 1909 ἢ
1481 1845 1818 1912 ποιροιίνεσινς

408 1935 583 2005 legam
626 1932 802 2000 ἔρχει,
859 1930 1027 1985 donec
1078 1948 1164 1986 me
1217 1934 1338 2004 quis
1391 1933 1634 1987 docuerit
1684 1929 1854 1999 ἕρπειν
1905 1937 2001 1985 aut
2053 1930 2250 2000 ςείχειν
2301 1937 2396 1987 aut

406 2021 638 2089 βαδίζειν
680 2021 735 2072 in
778 2018 873 2073 tali
911 2035 969 2072 re
1010 2018 1144 2074 hene
1183 2018 1290 2074 dici
1332 2036 1501 2091 posse.
1582 2019 1643 2075 In
1686 2037 1762 2074 vs,
1802 2023 1934 2076 416.

787 2105 946 2171 ὄνομα.
986 2107 1036 2160 δὲ
1076 2108 1250 2176 χώρας
1291 2106 1400 2170 ἥτις
1442 2106 1527 2171 ἥδε
1568 2108 1656 2163 καὶ
1697 2109 1824 2169 λεώς

790 2196 879 2248 οὐκ
917 2189 1058 2258 aiax,

409 2282 545 2337 mihi
573 2281 795 2352 quidem
835 2281 922 2335 καὶ
975 2283 1074 2335 λεώ
1115 2281 1330 2336 videtur
1358 2298 1474 2336 esse
1515 2283 1909 2348 necessarium,
1950 2287 2004 2337 et
2043 2298 2120 2335 VS.
2153 2285 2279 2336 447.
2321 2283 2395 2348 μὴ

410 2370 655 2439 πρόσιλλε
696 2376 852 2437 χεῖροο
893 2385 988 2439 pro
1028 2369 1294 2435 προςείλει.

487 2458 716 2511 Versum
752 2460 880 2511 488.

793 2545 952 2598 πείθει
989 2544 1093 2612 γὰρ
1132 2544 1268 2598 οὐδὲν
1309 2542 1372 2598 ὧν
1415 2545 1574 2610 λέγω.
1619 2545 1681 2599 σὺ
1722 2545 1765 2598 δ’
1806 2543 1985 2606 αἴτιος.

409 2635 486 2689 ita
525 2632 744 2687 demum
784 2631 1110 2701 intelligam,
1154 2632 1200 2685 si
1234 2633 1658 2703 transposueris:

717 2719 780 2771 σὺ
823 2719 865 2772 δ’
905 2718 1082 2779 οοῖτιος.
1127 2719 1284 2773 πείθει
1325 2721 1430 2787 γὰρ
1467 2720 1605 2774 οὐδὲν
1648 2717 1710 2773 ὧν
1750 2719 1908 2785 λέγω.

491 2808 602 2861 Iam
649 2822 810 2877 supra
849 2805 1182 2859 ostendimus
1230 2823 1305 2860 vs,
1345 2810 1472 2861 505.

720 2895 915 2949 κλεινὸν
954 2894 1011 2947 τὸ
1053 2895 1240 2961 Τροιόος
1281 2899 1380 2961 πῦρ
1403 2935 1417 2955 ,
1456 2894 1559 2958 ἐγώ
1592 2895 1637 2947 θ’
1676 2891 1728 2954 ὃς
1764 2890 1878 2962 ἧψά
1916 2913 2006 2948 νιν.

418 2981 590 3036 solum
632 2997 746 3035 esse
788 2981 853 3035 ab
890 2987 1045 3052 poeta
1097 2978 1386 3052 scriptum,
1439 2980 1631 3035 deinde
1678 2980 1998 3036 Graeculum
2042 2981 2274 3053 aliquem
2317 2998 2394 3036 as-

417 3069 590 3123 suisse
629 3084 844 3123 versum
885 3067 1177 3139 insipidum
1219 3074 1273 3122 et
1315 3068 1594 3122 vitiosum:

722 3156 990 3216 Μενέλαος
1030 3159 1118 3210 οὐκ
1158 3154 1387 3221 &imeae
1427 3157 1480 3209 ἐν
1518 3155 1660 3225 ποέση
1690 3156 1852 3223 χθονί.

419 3244 477 3300 in
513 3259 618 3314 quo
655 3249 708 3296 et
744 3243 847 3299 alia
886 3244 1127 3298 fraudem
1165 3249 1437 3315 arguunt,
1494 3251 1551 3297 ut
1594 3243 1703 3297 illic
1757 3242 2120 3307 ostendimuS,
2175 3247 2227 3296 et
2267 3242 2396 3308 hoc,

419 3330 561 3402 quod
621 3329 851 3395 ἄγνωςος
915 3330 1198 3386 Veteribus
1267 3347 1370 3384 non
1431 3330 1633 3385 dicitur
1693 3347 1788 3402 pro
1846 3330 2037 3394 ἀγνώς,
2133 3330 2284 3397 Quod
2341 3332 2394 3384 in

419 3417 684 3489 Theophr.
727 3418 994 3473 Chai-acu.
1028 3419 1215 3472 XXIII.
1260 3423 1309 3472 4.
1365 3418 1564 3489 legitur
1598 3418 1684 3471 κοοὶ
1722 3418 1962 3482 ἀγνώς-ων
2004 3417 2054 3470 δὲ
2096 3420 2392 3486 ποιραικοοθη-

417 3506 580 3571 μένων
616 3511 859 3561 κελεῦσοοι
893 3509 1047 3561 aarum
1082 3506 1180 3567 τοὶς
1216 3507 1422 3575 ψήφους
1458 3504 1710 3559 vitiosum
1747 3521 1861 3558 esse
1895 3512 2113 3576 apparet
2147 3513 2198 3559 et
2232 3521 2392 3560 unus·

416 3595 643 3669 quisque
702 3600 909 3668 poterat
963 3599 1110 3649 certa
1150 3594 1458 3650 coniectura
1504 3593 1738 3665 reperire
1780 3609 1961 3650 veram
2018 3592 2299 3650 lectionem
2338 3594 2394 3647 02-
