2436 4068
934 1330 1226 1386 CAPUT
1285 1331 1325 1386 Ι.

1502 1801 1674 1864 ἡδονὴν
1715 1799 1829 1868 ἔχει

809 1885 933 1942 &mv
973 1907 1053 1947 τις
1094 1885 1209 1956 εὕρῃ
1248 1887 1418 1942 κοιινὸν
1458 1886 1733 1953 ἐνθύμημά
1781 1908 1832 1942 ’τι

810 1978 992 2038 δηλοῦν
1033 1972 1262 2028 ἅπασιν.
1304 1977 1348 2029 οἱ
1387 1975 1431 2029 δ’
1472 1976 1727 2030 ἑαυτοῖσιν
1766 1977 1920 2045 σοφοί

810 2069 1003 2130 πρῶτον
1042 2063 1138 2127 μὲν
1179 2065 1269 2118 οὐκ
1309 2062 1487 2130 ἔχουσι
1526 2071 1619 2127 τῆς
1660 2064 1852 2131 τέχνης
1887 2067 2086 2132 κριτήν,

806 2148 924 2204 erm
963 2152 1297 2218 φθονοῦνται.
1337 2153 1441 2218 χρὴ
1481 2152 1587 2219 γὰρ
1624 2153 1696 2214 εἷς
1737 2151 1895 2220 ὄχλον
1927 2152 2101 2221 φέρειν

806 2235 1016 2302 ἅπανθ’,
1055 2235 1130 2292 ὃ’σ·’
1171 2237 1236 2292 ἄν
1276 2258 1355 2300 τις
1397 2239 1660 2301 καινότητ’
1699 2239 1842 2308 ἔχειν
1878 2242 2015 2311 δοκῇ.

1552 2327 1962 2384 ANAXANDRIDES.

199 2501 406 2573 Sequar
456 2500 833 2555 Ammonmis
884 2498 1087 2570 optime
1137 2500 1407 2554 monentis
1450 2501 1832 2556 auctoritatem
1874 2509 1926 2557 et
1965 2502 2123 2559 laetis

121 2588 391 2646 ominibus
425 2587 565 2643 hanc
598 2586 891 2643 secundam
921 2594 1130 2659 partem
1165 2587 1455 2643 Variarum
1486 2588 1803 2644 Lectionum
1838 2590 2124 2646 instituam

122 2676 384 2740 scribere,
439 2676 495 2730 in
557 2692 664 2747 qua
714 2677 955 2748 primum
1007 2675 1251 2730 omnium
1303 2675 1370 2730 ad
1422 2684 1631 2731 veteres
1692 2694 1841 2732 meas
1902 2678 2124 2734 delicias

120 2765 319 2822 reverti
372 2766 521 2821 iuvat
574 2770 629 2819 et
680 2780 835 2836 opem
890 2762 1032 2818 ferre
1084 2763 1403 2834 fragmentis
1455 2764 1780 2835 quibusdam
1833 2767 2123 2822 Poetarum

119 2853 484 2917 comicorum,
525 2852 724 2924 quibus
762 2868 933 2923 quum
974 2851 1110 2906 nihil
1146 2851 1419 2917 festiviuS,
1461 2852 1596 2907 nihil
1634 2855 1945 2919 venustius,
1987 2855 2123 2909 nihil

122 2940 347 2998 facetius
380 2941 608 3013 reperiri
646 2940 814 3012 possit
852 2939 1236 2995 molestissima
1275 2947 1404 2995 sunt
1438 2940 1686 2996 codicum
1722 2948 1776 2997 et
1815 2942 2120 2998 scribarum

120 3030 279 3094 vitia,
322 3029 519 3102 quibus
559 3027 682 3084 illae
722 3045 945 3083 veneres
987 3035 1041 3083 et
1081 3028 1287 3100 lepores
1335 3028 1696 3084 obscurantur
1736 3037 1831 3084 aut
1871 3038 2117 3101 pereunt.

119 3119 375 3192 Imperita
433 3117 779 3172 librariorum
835 3118 979 3172 natio
1033 3124 1093 3171 ut
1143 3118 1199 3171 in
1254 3117 1483 3172 caeteris
1541 3117 1791 3172 omnihus
1846 3120 2118 3173 caecutire

118 3206 251 3263 solet
283 3208 363 3261 sic
402 3213 456 3261 et
487 3206 649 3261 metri
682 3212 733 3260 et
770 3205 1048 3277 prosodiae
1084 3205 1229 3277 leges
1264 3212 1376 3259 tam
1413 3211 1590 3259 certas
1619 3212 1673 3260 et
1706 3205 1924 3261 stabiles
1953 3223 2116 3278 quam

117 3295 301 3352 faciles
339 3301 394 3350 et
436 3300 650 3366 apertas
684 3295 916 3365 turpiter
952 3295 1207 3365 ignorans
1241 3310 1346 3348 non
1389 3295 1572 3348 minus
1613 3294 1669 3348 in
1712 3294 2003 3350 Poetarum
2043 3294 2116 3347 lo-

118 3385 199 3440 cis
234 3398 397 3456 quam
435 3383 489 3436 in
529 3381 751 3454 reliquis
791 3382 1147 3454 scriptoribus
1199 3389 1294 3437 aut
1346 3383 1680 3454 negligenter
1733 3383 1937 3437 omittit
1986 3398 2116 3436 non-

120 3470 291 3537 nulla,
344 3477 438 3526 aut
487 3471 667 3542 inepte
716 3469 974 3525 adscribit
1015 3470 1217 3536 aliena,
1260 3478 1353 3526 aut
1390 3470 1633 3525 ordinem
1674 3470 1960 3525 verborum
2002 3476 2115 3524 tur·

120 3559 209 3614 bat
243 3566 337 3615 aut
366 3558 566 3615 formas
606 3558 982 3614 vocabulorum
1019 3560 1348 3631 corrumpit,
1389 3575 1718 3630 quamquam
1753 3556 1886 3611 nihil
1919 3555 2113 3612 horum

119 3653 228 3706 est,
269 3647 409 3719 quod
460 3663 561 3702 non
614 3649 869 3702 continuo
910 3665 972 3702 ex
1021 3649 1179 3703 metri
1232 3649 1442 3703 ratione
1491 3655 1543 3702 et
1599 3663 1697 3701 usu
1754 3645 2003 3700 omnibus
2044 3645 2115 3700 sit

1789 3739 1806 3770 1
