2436 4068
1247 214 1314 265 44

292 363 451 426 solet,
493 367 554 414 ut
599 357 900 430 legentibus
945 373 1197 432 nauseam
1249 362 1302 409 et
1350 354 1649 409 fastidium·
1675 359 1906 427 pariant.
1992 356 2164 415 Huius
2205 359 2280 416 fa·

291 453 443 506 rinae
478 456 558 504 est
592 446 853 518 quidquid
888 464 951 500 ex
982 443 1379 515 comparatione
1413 443 1690 496 Menandri
1722 451 1774 507 et
1795 446 2129 502 Philistionis
2158 450 2283 503 Mei·

293 539 487 594 nekius
521 536 731 596 attulit,
766 551 899 604 quas
931 532 1112 586 sordes
1145 531 1338 584 nollem
1378 546 1635 601 umquam
1667 531 2004 587 Menandreis
2038 536 2282 607 reliquiis

295 625 589 688 admixtaS,
630 623 684 675 in
738 621 932 692 quibus
983 636 1085 672 non
1141 618 1259 672 dico
1313 618 1645 688 corrigendis
1695 619 1786 672 sed
1840 619 2080 690 legend-is
2128 640 2287 677 nemo

294 729 551 783 umquam
598 710 784 764 fecerit
825 723 1016 777 operae
1055 707 1323 777 pretium,
1365 705 1494 760 adeo
1541 706 1719 759 omnia
1760 714 1886 761 sunt
1933 709 2168 775 insulsa,
2209 711 2287 764 in-

298 807 451 872 epta,
495 797 735 852 barbara.
792 795 850 849 In
894 811 1016 849 eum
1059 795 1270 866 ipsum,
1310 795 1637 865 quicumque
1673 794 1802 848 haec
1843 797 2289 861 conscribillavit‚

298 886 559 945 utendum
601 890 682 938 est
723 883 976 944 consilio,
1016 881 1154 954 quod
1193 882 1257 936 ah
1292 899 1352 936 eo
1387 881 1548 935 datur
1582 882 1636 934 in
1660 881 1850 951 fragm.
1879 888 1983 937 157
2006 885 2285 939 Meinekii:

598 970 840 1041 φρόνησιν
880 972 1050 1024 οέσκῶν
1090 970 1308 1038 ἄφροσιν
1348 972 1421 1035 μη
1458 974 1565 1036 χρῶ
1605 969 1779 1038 φίλοις

603 1059 714 1113 ἐπεὶ
757 1061 983 1127 κεκλήση
1022 1059 1108 1112 καὶ
1152 1060 1214 1112 σὺ
1256 1063 1524 1118 παντελῶς
1565 1055 1762 1125 ἄφρων.

301 1149 378 1204 Ne
430 1148 529 1203 hoc
569 1147 753 1202 videar
793 1147 848 1200 in
890 1148 1054 1200 istum
1107 1145 1305 1198 dixisse
1354 1143 1730 1209 inclementius
1783 1161 1954 1215 pauca
2001 1145 2292 1216 producam

303 1238 482 1310 ipsum
523 1236 807 1290 dicentem.
888 1235 1102 1304 Fragm.
1146 1234 1336 1286 incert.
1378 1232 1602 1287 Meinek.
1645 1235 1735 1285 22.

740 1319 864 1376 ὅταν
905 1325 1115 1389 πονηροῦ
1157 1320 1384 1386 γείτονος
1427 1320 1615 1385 γείτων
1655 1319 1774 1388 ἔση.

613 1415 701 1465 40.
743 1408 803 1463 ἶν’
843 1409 1007 1470 ἄλλος
1047 1410 1200 1463 ἐλθὼν
1237 1406 1529 1476 μεταλάβῃ
1564 1409 1651 1462 καὶ
1693 1409 1988 1472 κτήσηται.

579 1503 701 1554 146.
743 1497 930 1552 οΞπόντι
971 1500 1179 1563 μᾶλλον
1220 1496 1526 1563 εὐχαριςιάν
1567 1496 1723 1550 ποίει.

577 1590 701 1640 148.
743 1591 832 1641 τοῦ
869 1586 1113 1653 δυςυχεῒν
1151 1583 1323 1651 νόμιζέ
1359 1586 1407 1637 σ’
1441 1584 1695 1651 ἀρραβῶν’
1737 1582 1909 1650 ἔχειν.

579 1678 704 1728 152.
744 1675 818 1738 μη
859 1672 1044 1740 πασχε
1079 1679 1272 1740 πρῶτον
1312 1673 1398 1726 τὸν
1432 1671 1580 1736 νόμον
1621 1672 1708 1725 καὶ
1751 1671 1980 1737 μάνθανε
2005 1714 2015 1725 .

581 1765 703 1815 162.
745 1759 868 1815 ὅταν
909 1782 957 1814 τι
998 1761 1198 1828 μέλλης
1235 1761 1320 1813 τὸν
1361 1759 1530 1820 πέλας
1571 1767 1878 1827 κατηγορεῖν
1902 1801 1913 1813 .

581 1852 705 1902 165.
747 1847 871 1903 ὅταν
911 1848 1070 1916 γε’ρων
1110 1848 1308 1916 γέροντι
1349 1846 1709 1920 (συγ)γνώμ.ην
1749 1848 1906 1902 διδοῖ.

585 1941 708 1990 176.
752 1935 849 1990 κᾶν
890 1938 1076 2004 μυρίων
1118 1945 1216 2002 γῆς
1257 1936 1482 2005 κυριεύης
1525 1936 1770 2001 πήχεων.

315 2015 477 2096 atque
518 2024 572 2077 in
614 2024 734 2078 istis
773 2024 1150 2085 emendandiS‚
1196 2026 1240 2078 si
1278 2025 1444 2078 Musis
1485 2023 1687 2094 placet,
1728 2022 1880 2076 video
1929 2023 2169 2087 GrotiOS,
2211 2023 2308 2078 Do-

317 2113 532 2174 brae08‚
576 2111 866 2166 Meinekios
903 2129 1118 2183 operam
1158 2111 1368 2166 ludere!
1448 2111 1614 2165 Estne
1651 2128 1840 2182 operae
1881 2112 2114 2183 pretium
2162 2111 2308 2181 inge-

321 2200 472 2255 nium
509 2199 740 2271 experiri
777 2199 830 2252 in
874 2199 1064 2270 fragm.
1109 2204 1229 2253 145.
1280 2252 1294 2268 .

624 2289 777 2355 καιρῷ
809 2288 895 2341 τὸν
925 2290 1252 2355 εὐτυχοῦντα
1283 2287 1574 2341 κολακεύων
1614 2287 1768 2355 φίλος

626 2379 798 2442 καιροῦ
833 2376 988 2444 φίλος
1023 2377 1257 2444 πέφυκεν
1297 2377 1414 2442 οὐχὶ
1456 2379 1545 2428 τοῦ
1585 2375 1775 2443 φίλου.

325 2465 382 2518 in
422 2462 762 2536 praecedenti
805 2462 1106 2534 fragmento
1143 2465 1290 2534 prior
1326 2463 1571 2517 senarius

630 2556 762 2615 μισῶ
803 2551 1004 2614 πένητα
1044 2552 1269 2620 πλουσίῳ
1304 2552 1640 2619 δωρούμενον.

328 2640 460 2694 satis
489 2639 658 2693 bonus
691 2646 805 2703 est,
845 2657 1173 2710 quamquam
1214 2641 1472 2707 δωρεῖσθαι
1504 2655 1535 2692 a
1564 2640 1822 2709 magistro
1855 2640 2156 2696 sublectum
2190 2643 2316 2697 Tra-

331 2727 450 2798 gico
483 2733 564 2781 est
593 2733 645 2780 et
675 2744 829 2781 socco
863 2727 1225 2788 disconvenit,
1270 2734 1324 2781 at
1358 2727 1488 2798 quid
1525 2726 1689 2780 facias
1731 2728 2078 2797 sequentibus
2111 2730 2322 2785 verbis:

345 2884 348 2888 ⁴
714 2814 942 2882 ἔλεγχός
979 2817 1054 2873 ἐςι
1090 2823 1181 2878 τῆς
1225 2815 1522 2884 οὶχορτοέςου
1563 2816 1766 2882 τύχης.

335 2918 472 2973 quae
529 2918 684 2955 nemo
730 2903 982 2974 intelligit
1030 2909 1122 2956 aut
1167 2911 1321 2958 curat
1371 2903 1686 2973 intelligere.
1767 2904 1834 2957 Et
1878 2905 1955 2958 sic
1995 2905 2164 2959 multa
2218 2906 2320 2960 alia

339 2996 434 3044 aut
475 3006 636 3043 sensu
677 3007 845 3044 vacua
880 2998 1006 3044 sunt
1044 2992 1095 3044 in
1132 2991 1250 3044 istis
1283 2998 1376 3046 aut
1419 2993 1751 3063 ineptissime
1785 2991 1948 3047 dicta.
2037 2992 2135 3055 Qui·
2167 2992 2322 3048 alteri

338 3077 537 3131 anatum
571 3086 754 3147 parat,
796 3079 1006 3149 inquit,
1051 3079 1261 3152 (fragm.
1290 3079 1456 3152 147).
2179 3087 2182 3089 ’

642 3166 798 3226 αὐτὸς
831 3165 1130 3234 προπασχει
1167 3171 1256 3222 τοῦ
1293 3172 1453 3222 κακοῦ
1487 3167 1579 3229 την
1606 3166 1824 3232 ἔκβασιν
1844 3209 1856 3220 .

343 3251 484 3324 quod
522 3258 635 3306 tam
671 3269 863 3306 sanum
903 3261 983 3308 est
1016 3262 1176 3326 atque
1209 3255 1342 3311 illud
1383 3255 1598 3329 (fragm.
1632 3255 1792 3327 155),

645 3342 810 3403 καλὴν
850 3345 1056 3405 γυναῖκ’
1088 3344 1178 3396 ἐὰν
1207 3344 1310 3414 ἵδης
1353 3345 1427 3409 μὴ
1461 3342 1730 3412 θαυμάσῃς

645 3429 702 3483 τὸ
731 3429 837 3497 γαρ
871 3431 1004 3484 πολὺ
1043 3430 1238 3491 κοὶλλος
1276 3431 1362 3485 καὶ
1395 3430 1574 3497 ψόγων
1607 3434 1811 3485 πολλῶν
1845 3430 2029 3497 γέμει.

346 3516 437 3571 ubi
467 3515 759 3572 bellissime
790 3517 847 3571 τὸ
883 3518 1041 3571 πολὺ
1080 3519 1275 3579 κάλλος
1306 3519 1593 3590 opponitur
1621 3517 1805 3585 ψόγοις
1840 3525 2068 3581 πολλοῖς.
2151 3519 2322 3588 Quam

341 3606 579 3662 suaviter
618 3605 752 3660 dixit
787 3611 840 3660 et
879 3606 1153 3675 βιωφελῶς
1189 3606 1242 3660 in
1285 3605 1474 3676 fragm.
1518 3609 1640 3660 156.
2300 3622 2302 3625 ·
