2436 4068
1321 223 1427 273 466

399 369 646 440 ςρατιαν,
687 367 778 423 sed
816 368 1041 422 ἐδέδισαν
1064 407 1077 429 ,
1120 366 1174 418 in
1211 383 1316 437 qua
1356 367 1528 419 forma
1568 365 1766 436 ubique
1804 366 2139 437 depravanda
2192 375 2244 421 et
2289 368 2374 422 ob-

400 457 667 515 scuranda
721 455 927 510 scribae
984 469 1168 508 omnes
1221 453 1388 506 veluti
1428 453 1738 506 coniurasse
1792 453 2058 508 videntur.
2159 455 2376 510 Veteres

399 565 505 620 qua
553 545 722 599 solent
765 543 1066 596 constantia
1104 539 1352 595 dicebant
1392 557 1576 594 omnes
1617 541 1814 606 δέδιμεν
1837 583 1850 605 ,
1890 543 2082 605 δέδιτε,
2122 543 2377 607 δεδιάσιν,

397 642 451 689 et
491 633 714 696 ἐδέδιμεν
735 671 750 694 ,
791 630 975 684 ἐδέδιτε
1014 636 1067 683 et
1107 629 1368 692 ἐδέδισαν,
1413 635 1465 682 et
1500 629 1554 681 in
1589 629 1903 700 imperativo
1943 631 2124 695 δέδιθι,
2165 632 2337 686 δεδίτω
2363 673 2375 694 ,

397 723 577 776 δέδιτε.
657 717 855 772 Iisdem
896 716 1087 770 formis
1125 723 1358 771 utuntur
1389 723 1576 788 poetae
1617 716 1947 787 antiquiores
1987 719 2064 771 sic
2105 726 2164 771 ut
2205 719 2258 771 in
2301 735 2380 771 rc-

399 806 760 879 duplicatione
799 821 1001 876 semper
1041 803 1405 876 diphthongus
1446 805 1517 858 sit
1555 804 1806 869 δείδιμεν,
1845 806 2062 868 δείδιτε,
2103 806 2383 870 ἐδείδιμεν,

404 897 615 951 ἐδείδιτε
640 936 654 959 ,
717 893 1000 957 ἐδείδισαν,
1059 893 1226 948 δείδιθι
1285 899 1338 946 et
1378 893 1578 947 δείδιτε.
1658 892 1871 946 Δειδίτω
1932 909 2198 963 nusquam
2248 892 2382 946 mihi

401 982 542 1055 apud
582 988 795 1054 poetam
835 980 1034 1034 lectum
1077 987 1158 1033 est
1193 987 1245 1034 et
1284 981 1477 1034 δεδίασι
1535 980 1589 1032 in
1643 986 1881 1033 extremo
1930 978 2240 1034 hexametro
2291 997 2381 1051 po-

399 1074 584 1125 nitur:
643 1068 799 1135 μοέλα
854 1068 906 1122 δὲ
958 1072 1127 1134 Τρῶες
1188 1069 1400 1122 δεδίασι.
1480 1066 1724 1122 Graeculi
1788 1067 1956 1136 igitur
2012 1067 2144 1120 haec
2199 1070 2379 1122 omnia

401 1159 601 1231 passim
648 1162 1005 1227 corrumpunt
1061 1157 1115 1209 in
1167 1157 1392 1220 δείδομεν
1434 1162 1527 1209 aut
1581 1155 1820 1220 δεδίαμεν
1861 1171 1957 1225 pro
1997 1155 2230 1221 δέδιμεν,
2287 1164 2382 1210 aut

401 1249 602 1303 δεδίατε
644 1262 739 1316 pro
778 1244 972 1307 δέδιτε,
1013 1250 1108 1297 aut
1141 1244 1341 1298 δεδιέτω
1377 1260 1474 1314 pro
1511 1243 1720 1306 δεδίτω,
1770 1242 1850 1296 vel
1890 1243 2080 1296 δείδετε
2135 1229 2230 1313 pro
2281 1244 2380 1297 δεί-

400 1340 538 1399 διτε,
579 1340 674 1387 aut
711 1333 966 1386 ἐδεδίεσαν
1007 1330 1088 1385 vel
1128 1330 1326 1386 ἔδεισαν
1366 1330 1449 1384 vel
1485 1330 1798 1384 ἐδεδοίκεσαν
1834 1347 1931 1402 pro
1971 1331 2213 1384 ἐδέδισαν.
2295 1332 2384 1385 Ri-

402 1425 493 1478 det
545 1418 888 1492 Phrynichus
941 1417 1271 1482 Lollianum,
1326 1418 1414 1472 cui
1454 1419 1709 1472 ἐδεδίεσαν
1763 1416 2036 1472 exciderat
2090 1435 2208 1489 pag.
2251 1423 2377 1475 180.

402 1510 530 1566 Loh.
599 1506 804 1562 Ἐδεδί
814 1527 838 1558 ε
853 1525 989 1559 σαν;
1029 1507 1116 1560 καὶ
1157 1511 1307 1561 τοῦτο
1347 1514 1439 1570 τῆς
1479 1511 1770 1561 Λολλιανοῦ
1806 1506 2019 1571 μούσης.
2061 1507 2123 1560 σὺ
2161 1507 2214 1560 δὲ
2252 1507 2382 1572 λέγε

400 1594 848 1666 τετρασυλλοέβως
907 1593 1027 1648 ἄνευ
1068 1599 1159 1649 τοῦ
1209 1615 1234 1648 ε
1275 1594 1602 1657 ἐδέδισαν,
1646 1594 1712 1648 ad
1768 1611 1927 1665 quem
1979 1594 2155 1648 locum
2207 1595 2381 1649 utilis-

402 1689 539 1740 sima
585 1684 863 1738 annotavit
904 1682 1147 1747 Loheck,
1197 1699 1357 1753 quem
1410 1682 1465 1734 in
1518 1699 1578 1735 ea
1619 1699 1678 1736 re
1725 1683 1906 1737 nescio
1956 1682 2219 1752 quomodo
2270 1681 2383 1736 lau·

403 1776 532 1829 dant
565 1771 779 1827 assidue
819 1787 1003 1824 omnes
1027 1812 1039 1832 ,
1082 1769 1173 1823 sed
1227 1787 1383 1823 nemo
1419 1768 1530 1824 fere
1570 1770 1853 1824 verissima
1904 1771 2257 1841 praecipienti
2297 1769 2382 1823 oh·

402 1867 684 1933 temperat.
767 1857 956 1913 Adhuc
1016 1857 1372 1911 commaculat
1431 1857 1645 1930 Lysiam
1686 1859 1956 1929 scriptura
2009 1860 2098 1912 οὐκ
2154 1858 2383 1913 ἐνδεδίε·

401 1970 526 2004 σαν
564 1948 942 2016 βασανισθῆναι
984 1947 1040 1999 in
1096 1944 1242 1999 Orat.
1282 1945 1422 1998 XIII.
1468 1949 1554 1999 27.
1636 1945 1825 2000 Adhuc
1878 1945 2168 2000 Isocratem
2211 1947 2385 2016 inqui·

402 2046 494 2093 nat
534 2041 587 2091 οὐ
628 2037 734 2101 γαρ
792 2035 1143 2088 ἐδεδίεσαν
1202 2035 1252 2109 in
1298 2035 1556 2104 Areopag.
1613 2032 1653 2106 S
1692 2039 1780 2089 55.
1860 2034 1921 2087 Iu
1963 2032 2249 2087 Hellenicis
2291 2033 2380 2088 IV.

403 2145 470 2181 1v.
517 2129 604 2180 16.
665 2127 706 2178 οἱ
748 2122 1015 2179 πελταςαὶ
1058 2123 1311 2176 ἐδεδίεσαν
1363 2121 1667 2177 emendavit
1721 2121 1961 2176 Dindors.
2004 2137 2069 2174 ex
2110 2121 2385 2175 Prisciano

403 2218 446 2270 οἱ
487 2213 754 2269 πελτας-αὶ
796 2212 1035 2264 ὤκνουν
1070 2209 1449 2280 Xenophonteo
1489 2226 1637 2263 more
1677 2209 1900 2263 dictum.
1981 2209 2134 2280 Apud
2173 2208 2383 2280 Thucy-

405 2302 582 2357 didem
625 2298 754 2370 quid
788 2298 1187 2368 designaverint
1228 2296 1434 2350 scribae
1472 2296 1730 2351 indicavit
1772 2297 2015 2359 Lolmck,
2057 2303 2110 2350 et
2143 2301 2225 2349 est
2265 2312 2382 2365 ope-

406 2407 497 2445 rae
550 2388 786 2460 pretium
841 2385 1128 2455 diligenter
1183 2391 1443 2456 spectare.
1523 2385 1741 2439 Codices
1790 2385 1915 2438 Mss,
1959 2400 2144 2437 omnes
2183 2383 2245 2436 V.
2292 2387 2380 2437 14.

405 2478 715 2548 conspirant
752 2474 807 2526 in
846 2475 963 2534 τοὺς
1004 2472 1321 2540 ξυμμάχους
1371 2470 1489 2538 ἅμα
1547 2473 1907 2536 ἐδεδίεσαν,
1962 2478 2015 2526 et
2059 2471 2145 2524 IV.
2185 2476 2271 2525 55.
2328 2473 2383 2524 in

404 2565 757 2620 ἐδεδίεσαν
807 2563 881 2626 μή
935 2582 1060 2616 ποτε
1122 2557 1263 2621 αὖθις
1320 2560 1564 2629 ξυμφοραὶ
1612 2582 1690 2621 τις
1748 2562 1922 2620 αὐτοῖς
1971 2560 2241 2628 περιτύχῃ.
2322 2559 2383 2613 In

403 2654 610 2708 111.52.
653 2652 708 2703 in
750 2666 857 2703 uno
897 2655 980 2703 est
1013 2650 1279 2714 δεδίαμεν,
1320 2648 1412 2702 sed
1453 2652 1687 2718 genuina
1727 2649 1896 2702 forma
1936 2648 2135 2712 δέδιμεν
2176 2648 2230 2700 in
2268 2664 2382 2718 sqq.

407 2739 571 2796 semel
631 2745 684 2792 et
734 2738 934 2791 iterum
993 2736 1279 2790 incolumis
1334 2738 1520 2790 evasit.
1616 2738 1819 2791 Locum
1875 2736 2018 2790 hunc
2077 2735 2430 2795 adscribens·

408 2827 700 2900 Dionysius
749 2825 918 2879 Halic.
971 2824 1212 2889 δεδίαμεν
1251 2824 1465 2879 exhibet
1508 2823 1636 2894 (vid.
1690 2823 1939 2896 Lobeck.)
1997 2841 2101 2877 non
2157 2839 2254 2877 suo
2293 2822 2386 2877 sed

408 2915 712 2971 scribarum
753 2929 950 2967 errore.
1032 2912 1248 2966 Tertius
1287 2921 1367 2966 est
1407 2912 1739 2985 Thucydidis
1788 2912 1936 2966 locus
1975 2911 2064 2966 IV.
2109 2916 2213 2966 117
2238 2953 2252 2975 ,
2293 2909 2386 2963 ubi
2423 2956 2436 2985 ,

408 3007 464 3058 in
522 3002 656 3056 duas
708 3007 886 3071 partes
942 2999 1067 3052 libri
1118 2999 1418 3054 discedunt.
1511 3000 1616 3054 Alii
1664 2999 2058 3065 Λακεδαιμόνιοι
2110 2993 2436 3076 δῖῗταῦτοιῇζζ,ἐ

405 3093 523 3151 τοὺς
562 3088 856 3150 Ἀθηναίους
901 3088 1168 3153 ἡγούμενοι
1209 3086 1342 3154 ἅπερ
1382 3089 1732 3142 ἐδεδίεσαν
1771 3089 2079 3157 φοβεῖσθαι,
2119 3085 2212 3140 alii
2250 3083 2383 3153 οἵπερ

406 3180 682 3235 ἔδεισαν
721 3177 999 3243 φοβεῖσθαι
1041 3184 1292 3238 servant,
1334 3176 1650 3230 mendosum
1690 3183 1997 3246 utrumque.
2075 3173 2382 3228 Genuinum

408 3274 490 3323 est
536 3264 670 3332 οἵπερ
725 3263 1059 3326 ἐδέδισαν,
1123 3262 1175 3316 id
1228 3270 1310 3316 est
1363 3261 1495 3330 ἅπερ
1537 3263 1857 3331 ἐφοβοῦντο,
1914 3271 2074 3331 atque
2114 3261 2213 3315 hoc
2257 3263 2419 3335 (non,

408 3351 761 3424 ἐφοβήθησαν)
804 3350 1037 3423 postulat
1076 3351 1378 3404 necessario
1429 3350 1530 3404 loci
1587 3351 1874 3404 sententia.
1955 3349 2152 3404 Eadem
2196 3350 2382 3404 consu·
2422 3355 2432 3375 ⁵

409 3445 488 3497 sio
527 3443 583 3496 in
623 3435 855 3495 Anahasi
895 3438 1028 3491 mihi
1069 3437 1343 3492 observata
1377 3444 1457 3491 est
1494 3438 1580 3490 VI.
1623 3455 1689 3491 v1.
1736 3443 1784 3491 7.
1842 3437 2038 3492 ἔδεισαν
2073 3439 2124 3492 δὲ
2160 3438 2246 3491 καὶ
2286 3444 2380 3492 τῶν

407 3534 664 3598 τριηριτῶν
703 3528 884 3582 πολλοὶ
927 3526 1013 3580 καὶ
1056 3526 1302 3596 ἔφευγον,
1346 3526 1641 3596 requiritur
1681 3527 1961 3594 ἐφοβοῦντο
1989 3569 2002 3592 ,
2047 3533 2106 3580 ut
2147 3543 2210 3580 ex
2264 3543 2376 3597 sqq.

410 3619 570 3674 ctiam
612 3616 766 3672 facile
807 3614 1053 3684 colligeS‚
1096 3622 1147 3668 ct
1187 3631 1282 3685 pro
1318 3614 1516 3669 ἔδεισαν
1548 3615 1767 3685 antiqua
1804 3613 1970 3669 fornia
1995 3615 2219 3670 ἐδέδισαν
2243 3613 2381 3669 unde
