2436 4068
1300 200 1403 264 192

740 359 1007 414 Φοινικίνου
1048 354 1196 421 βῖκός
1237 375 1315 415 τις
1360 353 1721 421 ὑπανεῴγνυτο
1739 364 1757 418 ,’

741 446 913 514 ἴτρια,
953 443 1252 511 τραγήμαθ’
1293 438 1415 505 ἧκε,
1454 446 1754 509 πυραμοῦς,
1793 439 1951 507 ἄμης.

364 537 421 588 in
463 532 653 588 Codice
683 539 764 586 est
802 532 1129 598 τραγήματα
1169 532 1316 592 θῆκε,
1358 529 1625 582 Porsonus
1667 544 1856 582 verum
1910 529 2112 599 reperit
2149 530 2342 596 τραγή-

363 623 489 687 μαθ’
542 618 646 682 ἧκε.
737 619 937 688 Nempe
988 633 1156 688 quum
1216 622 1356 670 esset
1410 616 1463 668 in
1522 621 1732 670 vetusto
1790 614 1926 668 libro
1978 623 2344 670 TPAFHMA-

368 717 555 763 ΘΗΚΕ
597 706 793 777 aliquis
845 704 910 759 de
946 721 1093 758 more
1146 704 1527 774 superscripsit
1582 723 1654 756 τα
1703 719 1867 773 supra
1911 711 1992 766 Θ,
2034 702 2194 773 idque
2233 718 2345 756 sex-

367 796 569 849 centies
602 793 654 845 in
694 799 974 864 poetarum
1005 790 1287 845 Codicihus
1319 789 1521 844 factum
1559 807 1675 845 esse
1703 789 1829 844 vidi.
1913 790 2174 846 Similiter
2206 789 2346 863 apud

364 882 740 936 Pherecratem
784 879 975 940 Athen.
1016 878 1080 932 X.
1124 882 1249 933 450.
1291 879 1351 932 Ε.

569 969 752 1034 ’ὑδαρῆ
792 966 987 1034 ’νέχεέν
1028 986 1135 1037 σοις
1180 966 1237 1021 Β.
1281 965 1593 1020 παντάπασι
1634 965 1730 1030 μὲν
1770 961 1851 1021 οὖν
1895 963 2034 1033 ὕδωρ.

370 1058 425 1111 in
468 1055 658 1110 Codice
700 1060 780 1108 est
822 1055 1003 1120 ὑδαρὴν
1039 1053 1260 1120 ἐνέχεεν.
1340 1053 1401 1106 In
1449 1052 1723 1123 Sophoclis
1765 1051 2069 1106 Trachiniis
2112 1057 2199 1108 14.
2257 1069 2354 1124 pro

370 1142 592 1210 κύματα
640 1145 688 1197 τ’
725 1141 863 1209 εὐρέϊ
909 1140 1076 1208 πόντῳ
1130 1139 1474 1194 scribendum
1516 1145 1596 1193 est
1648 1139 1844 1204 κύματ’
1897 1140 1946 1192 ἐν
1994 1139 2132 1207 εὐρέϊ
2171 1139 2354 1208 πόντῳ.

369 1232 432 1286 In
473 1229 659 1285 Oreste
699 1246 776 1283 vs.
815 1232 977 1283 1020.
1040 1244 1135 1299 pro
1182 1228 1337 1281 ἰδοῦσ’
1375 1229 1425 1280 ἐν
1460 1226 1688 1292 ὄμμασιν
1746 1228 1800 1280 in
1837 1226 2024 1281 multis
2071 1226 2223 1281 libris
2273 1233 2354 1281 est
2387 1231 2389 1233 ’

370 1318 547 1374 ἰδοῦσα
587 1318 707 1372 σ’ἐν
736 1316 984 1383 ὄμμασιν.
1039 1315 1098 1367 In
1134 1314 1506 1368 Demosthenis
1546 1320 1679 1368 orat.
1722 1313 1787 1368 de
1814 1314 1873 1368 F.
1896 1314 1954 1368 L.
1999 1318 2215 1385 p.447,
2257 1317 2350 1371 26.

372 1406 469 1464 ἕςω
507 1406 612 1474 γὰρ
649 1404 828 1459 πάντα
865 1404 1064 1465 τάληθῆ
1103 1401 1268 1466 λέξειν
1307 1403 1504 1456 τουτονί
1542 1403 1729 1455 vitiose
1769 1400 2026 1455 scribitur
2065 1401 2247 1456 eadem
2288 1400 2354 1456 de

374 1510 536 1548 eausa
573 1509 667 1563 pro
712 1492 870 1546 πάντ’
912 1492 1094 1553 ἀληθῆ.
1175 1489 1330 1560 Apud
1384 1489 1742 1561 Antiphanem
1800 1489 1993 1544 Athen.
2033 1506 2084 1560 p.
2122 1493 2251 1544 441.
2295 1488 2352 1543 B.

372 1598 470 1652 pro
518 1577 632 1634 οῖδα
670 1581 711 1634 δ’
748 1579 851 1644 ἐγώ
899 1599 1025 1632 ποτε
1078 1581 1268 1631 πιοῦσα
1315 1583 1462 1630 recte
1503 1576 1736 1631 correxit
1781 1576 2077 1631 Meinekius
2112 1573 2205 1631 οἷδ’
2234 1577 2354 1642 ἐγώ.

372 1667 655 1726 Manifesta
709 1667 976 1739 imprimis
1033 1682 1094 1720 ea
1148 1681 1234 1719 res
1288 1670 1368 1718 est
1428 1665 1483 1717 in
1532 1663 1832 1734 fragmento
1883 1663 2160 1736 Euripidis
2215 1662 2356 1735 apud

375 1755 724 1813 Ammonium
765 1754 830 1808 de
869 1755 934 1813 D.
972 1753 1034 1807 V.
1073 1768 1126 1808 v.
1167 1753 1344 1820 τροχοί
1390 1768 1442 1822 p.
1483 1756 1607 1805 157.
1700 1801 1702 1803 .

756 1843 842 1910 ὁρῶ
883 1843 979 1907 μὲν
1015 1842 1201 1907 ἀνδρῶν
1237 1839 1379 1893 τόνδε
1413 1838 1662 1904 γυμνοὶδα
1701 1840 1850 1897 ςόλον

755 1930 1007 1997 ςείχοντα
1045 1928 1215 1995 θεωρὸν
1256 1929 1313 1980 ἐκ
1353 1933 1547 1994 τροχῶν
1585 1927 1936 1993 πεπαυμένον.

380 2016 644 2087 scriptum
680 2015 805 2070 olim
843 2015 948 2071 fuit
969 2022 1584 2070 ΣΤΕΙΧΟΝΘΕΩΙΟΝ
1606 2021 1659 2068 et
1691 2030 1856 2086 supra
1879 2023 1924 2068 Θ
1956 2014 2220 2085 scriptum
2252 2033 2356 2068 ται

379 2105 563 2175 itaque
606 2104 782 2159 scriba
822 2104 1059 2174 primum
1107 2104 1356 2171 ςείχοντα
1403 2101 1549 2156 dedit
1590 2108 1641 2156 et
1679 2101 1820 2172 quod
1860 2107 2138 2174 supererat
2181 2109 2366 2155 ΘΕΩ-

381 2201 510 2246 ΙΟΝ
547 2193 600 2245 in
654 2191 970 2246 vocabulum
1014 2191 1148 2244 bene
1192 2190 1456 2244 Graecum
1505 2188 1676 2256 θεωρόν
1714 2188 1947 2245 refinxit.
2029 2189 2170 2243 Vera
2208 2188 2367 2243 lectio

383 2286 465 2335 est
504 2280 724 2346 ςείχονθ’
775 2280 918 2346 ἑῷον,
974 2285 1032 2332 ut
1079 2276 1282 2330 dudum
1331 2274 1639 2329 Dindorfius
1677 2275 1829 2330 vidit.
1914 2275 2184 2330 Similium
2225 2293 2366 2331 erro-

383 2384 506 2421 rum
549 2383 743 2437 magna
766 2372 847 2420 est
879 2366 1076 2437 passim
1117 2363 1297 2434 copia,
1338 2369 1392 2417 et
1430 2364 1508 2417 sic
1540 2364 1593 2415 in
1637 2362 1871 2418 Helenae
1901 2363 2045 2428 loco,
2085 2380 2253 2435 quum
2290 2380 2367 2418 es·

385 2462 467 2509 set
506 2470 631 2508 vera
672 2454 973 2524 scriptura:

687 2544 893 2595 λιπ-οῦσ’
929 2540 1108 2607 ἔρημον
1143 2537 1320 2605 ἄντρον
1343 2579 1357 2601 ,
1397 2535 1455 2591 οὗ
1494 2542 1590 2606 σφ’
1627 2538 1896 2606 ἐσώζομεν.
2434 2599 2436 2602 Α

385 2629 815 2699 suprascriptum
869 2648 939 2681 σα
991 2627 1196 2698 peperit
1249 2624 1400 2678 nobis
1442 2625 1636 2679 vitium
1682 2630 1911 2680 λιποῦσα
1965 2625 2166 2692 σεμνόν.
2246 2625 2367 2680 Sae-

386 2732 452 2786 pe
488 2715 688 2786 legitur
725 2715 904 2783 ἔρημον
934 2722 1108 2768 λιπεῖν
1144 2719 1193 2766 et
1232 2712 1452 2767 similia:
1497 2711 1654 2766 affine
1691 2719 1772 2767 est
1813 2713 1867 2766 in
1899 2713 1998 2768 hac
2035 2714 2149 2785 ipsa
2190 2711 2366 2768 sabula

390 2807 552 2857 1177.
594 2803 802 2869 τύμβου
848 2803 953 2870 γὰρ
986 2802 1137 2862 κενοὶς
1173 2803 1380 2854 >tm-050³
1420 2797 1583 2867 ἕδρας.

462 2891 589 2944 Post
643 2906 840 2961 paucos
894 2907 1081 2944 versus
1137 2887 1505 2943 animadverto
1559 2886 1704 2941 aliud
1763 2888 2015 2943 mendum
2080 2889 2136 2942 in
2191 2887 2366 2943 verbis

385 2995 464 3033 vs.
504 2981 631 3031 614.

690 3065 790 3128 ἐγὼ
826 3064 903 3129 δ’,
939 3064 1110 3126 ἐπειδὴ
1150 3063 1325 3130 χρόνον
1362 3061 1517 3127 ἔμειν’
1558 3061 1666 3116 ὅσον
1707 3065 1765 3127 μ’
1805 3063 1989 3130 ἐχρῆν,

692 3152 749 3204 τὸ
789 3151 1034 3218 μόρσιμον
1066 3152 1282 3205 σώσασα
1325 3150 1506 3217 πατέρ’
1541 3151 1591 3210 ἐς
1625 3150 1828 3218 οὐρανόν

690 3237 895 3304 ἄπειμι.

389 3326 511 3398 quis
563 3324 699 3379 serat
756 3325 938 3392 πατέρ’
991 3327 1040 3386 ἐς
1096 3325 1298 3392 οὐρανόν
1345 3342 1440 3396 pro
1498 3326 1548 3385 ἐς
1602 3325 1687 3378 τὸν
1746 3324 1984 3390 οὐρανόν,
2041 3322 2145 3377 ὅθεν
2207 3321 2367 3376 ἐπλοέ·

389 3415 529 3474 σθην.
609 3411 775 3466 Multo
825 3412 1122 3483 simplicius
1171 3420 1325 3484 poeta
1366 3412 1600 3466 dixerat:
1662 3410 1822 3465 πάλιν
1881 3413 1930 3472 ἐς
1973 3412 2175 3477 οὐρανὸν
2222 3409 2366 3464 ἄπει-

387 3522 465 3566 μι.Ι
545 3500 690 3555 Idem
734 3499 1050 3555 vocabulum
1105 3508 1348 3571 ereptum
1386 3506 1464 3554 est
1520 3497 1762 3569 Sophocli
1810 3498 1863 3551 in
1902 3496 2099 3571 Oedipo
2148 3497 2368 3554 Coloneo

384 3605 458 3643 VS.
498 3593 616 3645 115.
