2436 4068
1285 211 1314 259 2

314 359 432 411 vitii
474 355 836 410 manifestum.
918 355 1102 423 Itaque
1151 352 1401 422 quoniam
1456 351 1521 406 de
1573 354 1874 425 corruptela
1927 354 2036 410 sere
2085 365 2294 412 constat

316 453 368 500 et
409 443 581 515 palam
623 452 703 497 est
744 443 835 496 ubi
875 443 1064 495 vitium
1109 439 1310 502 alatur,
1346 438 1558 494 facilius
1605 443 1767 494 etiam
1808 459 1969 512 quam
2005 443 2130 498 alibi
2171 461 2303 509 vera

316 534 585 603 scriptura
638 531 848 584 eruitur
900 535 952 582 et
1004 532 1247 597 apparet,
1297 536 1573 582 resecatur
1624 527 1765 599 quod
1813 528 2128 584 additicium
2182 548 2298 586 esse

316 637 500 674 omnes
559 618 889 688 intelligant,
931 613 1210 684 suppletur
1260 614 1401 685 quod
1454 632 1639 669 omnes
1679 616 1914 670 sentiant
1971 616 2293 684 desiderari,

316 707 600 776 Poetisque
639 711 785 759 certo
824 702 1023 756 iudicio
1059 708 1152 755 aut
1194 719 1352 755 suum
1389 702 1635 757 redditur
1674 710 1767 757 aut
1801 703 1940 758 male
1973 712 2157 760 assuta
2190 706 2300 761 adi-

315 800 559 848 muntur.
640 793 793 845 Iuvat
833 789 932 843 hoc
965 806 1109 844 nunc
1146 790 1513 862 compluribus
1547 791 1803 862 exemplis
1836 793 1987 846 novis
2019 793 2300 849 ostendere

316 889 368 936 et
403 883 478 935 ita
511 879 708 933 multos
748 878 1084 932 Comicorum
1122 877 1263 932 locos
1304 878 1618 943 emendare,
1659 886 1719 932 ut
1755 879 1981 934 subinde
2014 883 2078 942 ὥς
2112 883 2163 935 ἐν
2197 903 2300 936 πα-

312 971 431 1037 ρόδῳ
470 974 593 1021 utar
634 967 918 1020 Poetarum
962 966 1284 1020 auctoritate
1331 965 1399 1019 ad
1444 965 1678 1036 reliquos
1731 969 2019 1038 scriptores
2063 969 2300 1034 Atticos,

316 1057 597 1117 OratoreS‚
639 1054 963 1118 HistoricOS‚
1003 1053 1349 1125 Philosophos
1382 1054 1694 1108 inveteratis
1718 1055 2055 1125 quibusdam
2091 1057 2301 1111 mendis

309 1142 630 1198 liberandos,
712 1142 929 1196 Faciam
969 1142 1188 1195 initium
1225 1158 1255 1194 a
1287 1140 1587 1212 fragmento
1621 1142 1896 1197 Demonici
1930 1143 2071 1214 apud
2105 1144 2300 1200 Athen.

299 1233 402 1287 IX.
444 1235 569 1285 410.
611 1231 671 1284 D.
731 1230 994 1300 Loquitur
1045 1228 1351 1283 Athenaeus
1402 1230 1513 1298 περὶ
1567 1238 1661 1293 τῆς
1713 1231 1963 1300 διαφορᾶς
2011 1236 2101 1286 τοῦ
2153 1234 2298 1287 κατὰ

311 1321 481 1388 χειρὸς
524 1320 644 1387 πρὸς
689 1319 746 1372 τὸ
787 1318 1053 1384 νίψασθαι.
1115 1316 1431 1382 Δημόνικος,
1473 1318 1681 1389 inquit,
1737 1320 1788 1373 ἐν
1826 1321 1896 1388 τῷ
1949 1319 2199 1390 Ἀχελῴῳ
2239 1320 2298 1374 τὸ

314 1409 407 1475 πρὸ
442 1412 530 1461 τοῦ
573 1406 772 1460 δείπνου
814 1405 956 1459 κατα
996 1405 1168 1473 χειρός
1208 1410 1339 1474 φησι
1379 1406 1463 1460 διὰ
1496 1407 1721 1461 τούτων·

689 1492 1031 1548 Ἐσπουδοέκει
1070 1493 1113 1546 δ’
1154 1490 1337 1554 ἕκαςος
1375 1497 1440 1555 ὡς
1481 1493 1544 1548 ἂν
1580 1494 1753 1548 ἐσθίων

689 1581 809 1647 ἅμα
849 1583 897 1635 τ’
925 1579 1183 1644 ὀξύπεινον
1222 1580 1381 1649 ἄνδρα
1416 1581 1502 1635 καὶ
1545 1583 1788 1637 Βοιώτιον.

308 1673 366 1727 τὸ
403 1675 528 1736 γοῦν
563 1670 706 1724 κατὰ
739 1670 909 1737 χειρὸς
945 1668 1256 1738 περιγράφει
1293 1672 1399 1731 πῶς
1440 1667 1515 1724 ὅτι
1552 1670 1694 1735 μετα
1728 1671 1926 1725 δεῖπνον
1966 1674 2107 1741 αὐτῷ
2145 1678 2299 1728 τοῦτο

308 1761 556 1825 γίγνεται
594 1758 803 1823 λαβεῖν.
884 1757 1046 1811 Recte
1080 1758 1376 1812 Meinekius
1412 1775 1506 1828 pro
1540 1759 1711 1812 ἐσθίων
1733 1775 1764 1812 a
1785 1758 2092 1814 Casauhono
2120 1778 2296 1833 reper->

307 1855 423 1902 tum
467 1849 607 1904 ἑςιῶν
646 1846 877 1915 recepit,
917 1845 1004 1898 sed
1048 1862 1303 1899 versuum
1346 1845 1600 1916 reliquias
1641 1863 1743 1900 non
1787 1848 1919 1901 satis
1956 1846 2186 1903 feliciter
2215 1865 2297 1903 re·

307 1935 649 1990 concinnavit
689 1934 742 1986 in
786 1932 929 1986 hunc
971 1932 1216 1987 modum:

610 2021 668 2075 τὸ
709 2026 832 2085 γοῦν
869 2021 1011 2074 κατα
1050 2022 1221 2088 χειρὸς
1263 2020 1576 2090 περιγράφει
1619 2025 1725 2083 πῶς
1767 2019 1842 2076 ὅτι
1879 2022 2022 2087 μετὰ

612 2110 670 2163 τὸ
708 2111 906 2162 δεῖπνον
942 2111 1082 2176 αὐτῷ
1121 2113 1270 2162 τοῦτο
1312 2110 1558 2174 γίγνεται
1599 2111 1820 2175 λαβεῖν.

310 2199 516 2253 Vitium
556 2204 636 2251 cst
665 2197 717 2249 in
753 2205 1344 2261 ΠΕΡΙΓΡΑΦΕΙΠΑΣ,
1386 2197 1440 2250 in
1463 2213 1568 2268 quo
1599 2196 1736 2251 male
1770 2196 1901 2251 latet
1934 2206 2299 2254 HEPIEPPA-

310 2294 612 2349 ΨΕΙΠΑΣ,
655 2293 714 2338 ut
752 2291 937 2355 poetae
971 2301 1165 2338 manus
1209 2287 1305 2340 sit:

613 2375 670 2428 τὸ
707 2378 831 2439 γοῦν
870 2373 1010 2427 κατὰ
1049 2374 1220 2440 χειρὸς
1261 2373 1571 2441 περιέγραψ’
1608 2372 1761 2433 εἴπας
1793 2369 1870 2426 ὅτι

612 2462 754 2527 μετα
795 2462 992 2515 δεῖπνον
1032 2463 1172 2528 αὐτῷ
1213 2467 1362 2515 τοῦτο
1402 2462 1647 2526 γίγνεται
1687 2461 1908 2527 λαβεῖν.

313 2550 370 2603 In
411 2549 495 2603 his
524 2550 867 2621 perspicuum
910 2555 991 2604 est
1030 2548 1105 2603 ὅτι
1143 2551 1165 2602 ὅ
1206 2554 1465 2617 Ἡρακλῆς
1514 2547 1793 2616 ξενίζεται,
1835 2548 1927 2618 qui
1969 2549 2143 2602 omnis
2188 2565 2299 2604 mo-

312 2655 405 2692 rae
449 2637 734 2708 impatiens
769 2638 826 2690 τὸ
865 2639 1007 2692 κατὰ
1044 2638 1213 2705 χειρός
1251 2644 1375 2691 ante
1409 2650 1630 2691 coenam
1666 2644 1727 2690 ut
1761 2636 1952 2691 inutile
1986 2637 2296 2707 περιέγραψ’

313 2726 465 2786 εἴπας
507 2723 581 2779 ὅτι
617 2727 725 2778 κτέ.
785 2723 931 2779 ETW
967 2733 1018 2780 et
1050 2723 1403 2797 imperativus
1442 2723 1615 2790 εἷπον,
1653 2722 1829 2787 εἶπαι,
1874 2723 2026 2786 εἴπας
2062 2733 2123 2780 ut
2157 2726 2299 2798 apud

311 2814 642 2884 antiquiores
681 2815 898 2867 omnino
941 2831 1042 2868 non
1093 2820 1244 2868 erant
1294 2815 1521 2877 usitata,
1567 2813 1644 2867 sic
1699 2812 1840 2883 apud
1890 2814 2164 2884 sequiores
2204 2814 2298 2868 tri-

310 2903 522 2956 tissima
557 2908 699 2955 sunt.
755 2902 974 2956 Veteres
1011 2902 1173 2955 Attici
1202 2899 1342 2956 εἷπον
1377 2908 1684 2955 constanter
1713 2900 1960 2955 dicebant
1995 2901 2088 2955 sed
2115 2898 2299 2967 εἶπας,

312 2990 522 3053 εἴπομεν
559 2988 649 3042 sed
679 2988 898 3051 εἷποέτην
934 2996 985 3044 et
1022 2989 1239 3054 εἴπατε,
1281 2990 1335 3043 in
1370 2989 1704 3060 imperativis
1738 2988 1988 3042 similiter
2018 2989 2204 3044 εἰπέτω
2242 2997 2296 3045 et

310 3078 552 3132 εἰπόντων
606 3077 698 3130 sed
746 3077 959 3130 εἴπατον
1008 3084 1061 3131 et
1107 3077 1324 3142 εἴπατε,
1375 3085 1436 3131 ut
1479 3098 1515 3130 α
1555 3079 1626 3130 sit
1679 3079 1733 3130 in
1788 3074 2022 3131 secunda
2070 3089 2298 3147 persona

307 3173 658 3236 perpetuum,
700 3166 754 3218 in
803 3166 1031 3235 primam
1085 3173 1134 3220 et
1189 3166 1407 3220 tertiam
1462 3181 1565 3218 non
1615 3156 1961 3225 admittatur,
2019 3180 2190 3235 neque
2239 3166 2295 3218 in

307 3254 542 3324 optativo
593 3270 821 3324 usquam
877 3260 971 3307 aut
1020 3255 1075 3307 in
1127 3253 1392 3308 infinitivo
1437 3260 1530 3306 aut
1584 3253 1639 3306 in
1694 3252 1978 3324 participio
2024 3259 2296 3323 appareat.

304 3342 437 3394 Mira
495 3348 574 3395 est
626 3341 756 3395 haec
810 3343 1216 3396 consuetudinis
1266 3342 1577 3403 morositas,
1634 3339 1726 3395 sed
1777 3346 2022 3394 constare
2072 3339 2302 3395 videbis·-

305 3429 653 3484 Simillimum
694 3436 774 3483 est
815 3430 954 3500 quod
996 3432 1050 3484 in
1098 3434 1309 3496 ἤνεγκον
1358 3436 1410 3484 et
1461 3431 1686 3496 ἤνεγκας
1736 3427 1948 3482 dicendi
1999 3428 2290 3484 arbitrium

303 3518 601 3572 constituit.
681 3517 1038 3574 Luculentum
1085 3519 1387 3591 exemplum
1447 3525 1527 3574 est
1582 3517 1722 3591 apud
1772 3515 2184 3588 Aristophanem
2235 3519 2291 3571 in

304 3604 687 3678 Thesmophor.
733 3610 859 3661 742.
