2436 4068
1018 204 1123 254 275

78 347 371 406 hexametri
435 345 702 416 incipiunt
752 362 780 399 a
836 344 1009 400 verbis
1061 347 1421 416 Προφρονέως,
1483 347 1695 412 Αἰγῶν,
1751 350 2054 415 Λισσέσθω,

74 445 330 505 Ἰκτῆρες,
371 435 648 497 Nomio-0⁶4:
692 450 921 505 quorum
976 435 1245 503 ἄκροςιχίς
1285 442 1368 490 est
1413 434 1591 490 πάλιν.
1671 435 1925 493 Eiusdem
1978 441 2058 495 rei

77 528 132 580 in
182 523 410 579 caeteris
460 520 744 576 manifesta
803 529 932 577 sunt
979 524 1240 594 vestigia,
1281 539 1419 596 quae
1462 523 1584 579 aliis
1626 523 1928 596 indaganda
1978 544 2058 582 re·

74 613 277 684 linquo.
354 611 638 665 Caeterum
686 609 825 664 cons.
904 609 1212 666 Ciceronem
1254 611 1320 666 de
1359 612 1537 667 Divin.
1569 612 1636 668 Π.
1678 618 1768 669 54.

147 700 225 755 De
261 699 392 771 ipsis
429 697 672 753 Oraculis
711 696 987 771 Sibyllinis
1017 698 1362 754 memorabile
1402 707 1484 755 est
1531 701 1900 758 testimonium
1934 703 2059 759 Pro·

76 788 251 861 copii,
303 787 396 858 qui
449 803 507 840 se
555 787 736 840 omnia
781 800 845 839 ea
893 785 1087 857 legisse
1134 786 1324 840 scribit
1374 786 1441 842 de
1491 788 1633 845 Bello
1685 789 1841 846 Goth.
1882 790 1922 846 1.
1966 795 2056 847 24.

77 894 130 950 p.
178 879 302 931 118.
361 880 461 930 τῶν
517 875 623 941 γὰρ
671 874 944 940 Σιβύλλης
990 876 1179 940 λογίων
1219 875 1312 936 τὴν
1363 875 1585 931 διάνοιαν
1640 879 1733 946 πρὸ
1778 883 1868 934 τοῦ
1910 878 2059 949 ἔργου

75 963 293 1032 ἐξευρεῖν
337 963 574 1031 ἀνθρώπῳ
615 959 759 1028 οἶμαι
801 963 1038 1017 ἀδύνατα
1075 959 1224 1017 εἶναι.
1265 963 1425 1018 αἴτιον
1460 964 1514 1018 δὲ
1557 963 1679 1033 ὅπερ
1720 967 1822 1032 ἐγὼ
1864 970 2061 1024 αὐτίκα

74 1055 282 1117 δηλώσω
322 1054 494 1107 ἐκεῖνα
532 1050 920 1116 ἀναλεξάμενος
955 1049 1193 1106 ἅπαντα.
1272 1058 1335 1105 Ἡ
1384 1051 1637 1118 Σίβυλλα
1685 1056 1787 1123 οὐχ
1839 1054 2061 1112 ἅπαντα

77 1141 194 1207 ἑξῆς
242 1142 315 1196 τοὶ
370 1140 673 1210 πράγματα
717 1139 865 1205 λε’γει
909 1140 1019 1195 οὐδὲ
1072 1140 1318 1208 ἁρμονίαν
1366 1141 1485 1195 τινα
1521 1141 1791 1207 ποιουμένη
1835 1148 1925 1198 τοῦ
1977 1145 2063 1200 λό-

78 1249 176 1298 γου
197 1271 212 1295 ,
268 1231 396 1285 ἀλλ’
441 1229 561 1289 ἔπος
601 1229 820 1283 εἰποῦσα
861 1228 998 1291 ὁτιδὴ
1043 1228 1192 1297 ἀμφὶ
1246 1236 1354 1290 τοῖς
1390 1229 1596 1295 Λιβύης
1637 1238 1815 1292 κακοῖς
1855 1234 2062 1297 οἷπεπή·

77 1320 227 1381 δησεν
283 1320 428 1379 εὐθὺς
466 1319 517 1378 ἐς
556 1317 629 1372 τὰ
668 1322 872 1385 Περσῶν
923 1316 1047 1380 ἤθη,
1106 1316 1293 1372 ἐνθένδε
1352 1316 1404 1370 δὲ
1459 1317 1721 1382 Ῥωμαίων
1760 1319 1812 1380 ἐς
1855 1323 2062 1386 μνήμην

78 1409 299 1463 ἐλθοῦσα
349 1405 713 1474 μεταβιβάζει
765 1406 816 1466 ἐς
856 1405 975 1465 τοὺς
1022 1405 1317 1473 Ἀσσυρίους
1371 1406 1458 1460 τὸν
1509 1405 1665 1472 λόγον
1686 1447 1701 1471 ,
1756 1407 1844 1462 καὶ
1901 1408 2063 1464 πάλιν

80 1495 228 1565 ἀμφὶ
265 1495 534 1561 Ῥωμαίοις
573 1493 928 1560 μαντευομένη
967 1495 1210 1561 προλέγει
1245 1495 1317 1549 τοὶ
1364 1501 1658 1563 Βρεττανῶν
1700 1495 1856 1559 πάθη.
1897 1498 2067 1568 ταύτῃ

77 1605 138 1641 τε
196 1584 435 1640 α’δύνατοὶ
493 1584 599 1641 ἐςιν
650 1583 888 1650 ἀνθρώπῳ
942 1583 1123 1651 ὁτῳοῦν
1163 1584 1258 1651 πρὸ
1305 1588 1395 1637 τοῦ
1443 1581 1592 1650 ἔργου
1642 1590 1742 1639 τῶν
1789 1571 2063 1652 Σιβύλλης

78 1674 248 1739 λόγων
291 1671 529 1736 ξυνιέναι.
608 1671 751 1725 Haec
810 1687 935 1725 vero
981 1678 1144 1735 sunt,
1194 1678 1257 1725 ut
1303 1670 1491 1726 Graeci
1540 1671 1892 1738 iocabantur,
1946 1674 2065 1729 θαύ-

78 1781 232 1829 ματα
262 1769 463 1829 μωροῖς.
543 1758 647 1815 Sed
687 1758 755 1814 ad
794 1758 1109 1831 Euripidem
1152 1755 1412 1814 redeundi
1453 1767 1667 1832 tempus
1706 1769 1805 1817 est.

154 1850 383 1906 Gravem
423 1847 596 1902 labem
644 1846 779 1901 mihi
817 1848 1123 1919 concepisse
1159 1846 1374 1902 videtur
1419 1864 1493 1902 vs.
1531 1853 1691 1904 1015.

377 1936 530 1997 πόλις
569 1938 619 1990 τ’
655 1937 836 2004 ἀφῆκε
874 1940 1235 2004 σωφρονοῦσα,
1275 1935 1362 1999 τὸν
1399 1937 1506 1991 θεόν

378 2024 553 2092 μεῖζον
587 2025 771 2079 τίουσα
808 2031 903 2087 τῆς
941 2025 1071 2090 ἐμῆς
1108 2022 1298 2092 ἔχθρας
1338 2026 1474 2080 πολύ
1495 2066 1510 2089 ,

81 2131 253 2187 neque
309 2115 452 2168 enim
508 2114 599 2167 τίω
651 2113 705 2167 in
751 2113 980 2167 senariis
1039 2110 1348 2182 Euripideis
1407 2111 1577 2167 ullum
1639 2112 1816 2169 locum
1868 2115 2064 2182 habet,

78 2218 252 2274 neque
287 2202 439 2268 μέγα
477 2202 603 2256 τίειν
642 2207 697 2256 et
734 2200 908 2268 μεῖζον
937 2201 1063 2254 τίειν
1104 2199 1238 2254 bene
1280 2199 1480 2256 Graece
1510 2201 1715 2256 dictum
1747 2210 1852 2268 est,
1894 2221 2065 2276 neque

76 2291 124 2345 si
162 2306 326 2363 quam
359 2291 593 2345 maxime
634 2289 898 2345 Graecum
937 2295 1077 2344 esset
1101 2287 1276 2356 μεῖζον
1311 2289 1436 2343 τίειν
1477 2290 1564 2344 τὸν
1600 2291 1707 2346 θεὸν
1742 2311 1834 2355 της
1874 2292 2064 2363 ἔχθρας

75 2378 209 2478 (Ιιιίἀ
258 2380 331 2434 sit
367 2379 656 2450 qnisquam
713 2378 911 2450 poterit
950 2378 1242 2433 extricare:
1297 2393 1403 2431 non
1444 2386 1528 2433 est
1569 2379 1714 2434 enim
1773 2381 1887 2437 odio
1941 2383 2069 2438 reli-

74 2468 284 2542 yionem
319 2475 665 2538 anteponere,
708 2465 866 2538 quale
904 2473 987 2521 est
1030 2466 1374 2522 Ennianum:

380 2553 495 2610 Non
536 2553 768 2626 ponebat
805 2555 951 2610 enim
991 2570 1238 2610 rumores
1273 2562 1399 2610 ante
1437 2554 1667 2611 salutem
1689 2598 1704 2621 ‚

79 2652 142 2701 ut
192 2643 313 2717 plus
363 2659 526 2716 quam
565 2641 750 2697 odium
800 2642 1016 2698 dicatur
1055 2642 1287 2698 valuisse
1338 2644 1435 2699 Dei
1483 2644 1692 2716 religio.
1770 2645 1832 2700 Id
1886 2647 2063 2719 ipsum

78 2739 260 2789 nutem
302 2731 536 2805 postulat
577 2731 845 2786 sententia
883 2730 985 2785 loci
1025 2738 1080 2786 et
1123 2732 1202 2787 sic
1241 2738 1417 2803 potest
1451 2749 1516 2787 ex
1555 2731 1800 2806 reliquiis
1836 2737 2068 2808 scriptu·

31 2837 38 2897 ζ
80 2836 174 2877 rae
202 2819 437 2893 exsculpi
477 2827 537 2875 ut
576 2825 784 2873 statuas
818 2820 872 2873 in
919 2819 1143 2892 antiquo
1181 2819 1318 2875 libro
1353 2819 1550 2875 detrito
1590 2827 1644 2876 et
1689 2838 1904 2895 perroso
1936 2823 2069 2879 haec

79 2909 189 2967 soie
238 2909 479 2982 expediri
538 2908 775 2981 potuisse
828 2915 1186 2964 ΤΟΝΘΕΟΝ
1248 2910 1272 2936 ⁴
1319 2909 1339 2933 ⁴
1385 2910 1412 2935 ⁴
1459 2918 1584 2966 ΤΙΘ
1648 2912 1670 2937 ⁴
1730 2921 1868 2974 ΣΑ,
1929 2912 2071 2969 unde

11 3007 19 3052 ι
81 2998 263 3054 nescio
297 2998 421 3071 quis
455 2996 723 3053 effinxerit
759 2998 845 3051 τὸν
883 2997 991 3050 θεὸν
1028 2997 1201 3064 μεῖζον
1252 2996 1463 3060 τίουσαι,
1507 3015 1676 3071 quum
1711 2999 1901 3056 suisset
1945 3018 2068 3074 sup-

15 3089 17 3091 ’
81 3084 333 3160 plendum
372 3087 460 3141 τὸν
497 3086 604 3140 θεὸν
651 3083 862 3151 πρόσθεν
903 3087 1103 3140 τιθεῖσα
1138 3093 1231 3150 τῆς
1271 3087 1399 3153 ἐμῆς
1440 3086 1629 3157 ἔχθρας
1678 3090 1812 3145 πολύ
1834 3129 1848 3154 ,
1890 3089 1944 3145 id
1989 3098 2071 3150 est

80 3179 383 3243 προτιμῶσα
409 3216 423 3239 ,
463 3181 523 3230 ut
564 3175 618 3228 in
667 3172 883 3229 Hecuba
920 3177 1061 3229 129:

990 3262 1061 3316 τα
1101 3264 1154 3318 δὲ
1191 3263 1498 3334 Κασάνδρας
1975 3278 1987 3307 ⁸

461 3350 634 3419 λέκτρ’
673 3352 765 3406 οὐκ
803 3348 1006 3419 ἐφάτην
1047 3359 1140 3414 τῆς
1181 3354 1460 3421 ’Λχιλείας

617 3439 827 3505 πρόσθεν
867 3441 1035 3504 θήσειν
1074 3441 1199 3495 ποτὲ
1235 3441 1463 3511 λόγχης.

166 3525 339 3581 Etiam
386 3527 659 3597 sequiores
708 3528 780 3581 ita
828 3525 1142 3599 loquuntur.
1223 3530 1321 3584 Dio
1378 3528 1790 3603 Chrysostomus
1832 3528 2066 3584 XXXIV.

88 3633 136 3686 p.
174 3620 299 3671 454.
342 3614 700 3670 πολιτεύεσθαι
742 3617 793 3671 δὲ
830 3618 1171 3685 ἐπιχειροῦσιν
1213 3620 1269 3673 ἐκ
1308 3618 1596 3686 περιουσίας
1639 3618 1724 3672 καὶ
1763 3617 1939 3673 πάντα
1980 3618 2068 3684 ἔμ-

683 3709 716 3749 0
