2436 4068
1028 206 1129 256 221

12 345 20 386 ἕ
97 365 330 421 namque
364 349 443 403 sic
490 345 650 411 ἔγνων
694 347 819 420 (non
866 346 1018 422 ἔγνω)
1080 365 1112 403 a
1156 354 1337 403 vetere
1389 345 1767 418 interpolatore
1818 349 2082 420 scriptum

97 454 229 492 esse.
308 436 405 491 Est
443 441 626 489 autem
659 434 789 501 ἔγνω
832 438 1171 509 suppositum
1212 434 1398 490 eodem
1443 451 1656 497 errore,
1709 451 1869 506 quem
1920 453 2085 508 supra

13 519 20 551 ⁷
98 527 153 580 in
212 523 503 596 Euripide,
558 522 914 596 Thucydide,
973 523 1239 579 Herodoto
1302 523 1652 595 aperuimuS‚
1701 529 1762 578 ut
1802 523 1902 578 hoc
1956 541 2082 596 quo·

97 629 203 685 que
250 611 451 667 indicio
489 612 761 683 scriptura
814 611 906 680 ᾔδη
949 617 1004 665 et
1047 613 1277 675 ἐλήλυθα
1330 611 1472 685 apud
1521 610 1835 683 Sophoclem
1893 612 2083 667 confir·
2137 669 2139 671 ,

94 707 294 756 metur.

171 787 315 843 Satis
354 801 501 840 nunc
535 785 934 842 demonstrasse
969 783 1154 839 videor
1192 786 1388 840 Atticis
1424 785 1620 857 ubique
1659 802 1774 841 esse
1815 786 2086 842 reddenda

92 876 224 944 ᾔδη,
282 875 477 943 ᾔδησθα
531 880 586 929 et
635 874 852 947 ᾔδει(ν),
906 889 1046 945 quae
1098 873 1298 945 ubique
1353 873 1630 928 commode
1672 875 1888 930 restitui
1933 892 2088 947 posse

91 962 267 1035 palam
315 969 413 1017 est.
494 962 565 1016 Et
611 963 667 1015 in
726 961 972 1032 Tragicis
1022 959 1242 1032 quidem
1287 959 1543 1033 pleraque
1589 960 1795 1016 dudum
1852 964 2086 1034 reposita

90 1057 256 1115 sunt,
311 1049 419 1104 nisi
465 1049 607 1121 quod
656 1050 711 1104 in
754 1048 1053 1104 Troadibus
1100 1051 1229 1104 650.
1271 1048 1435 1103 scribi
1475 1047 1659 1103 video:
1718 1049 1851 1118 ᾔδειν
1890 1050 1934 1104 δ’
1976 1051 2082 1117 οὶμὲ

88 1138 195 1206 χρὴ
246 1140 391 1191 νικᾶν
437 1136 587 1192 πόσιν
622 1154 718 1211 pro
758 1138 870 1206 ᾔδη.
949 1138 1143 1209 Magna
1184 1153 1336 1208 seges
1384 1136 1575 1193 relicta
1612 1142 1694 1192 est
1731 1138 1787 1191 in
1831 1136 2085 1204 Platone,

90 1224 477 1297 Xenophonte,
535 1225 896 1300 Demosthene
942 1227 1279 1297 caeterisque
1343 1224 1675 1282 Oratoribus
1770 1224 2084 1280 Scribarum

91 1315 240 1369 natio
278 1319 428 1368 certo
460 1330 643 1369 errore
682 1319 964 1385 grassatur
1008 1314 1064 1368 in
1108 1312 1296 1368 formis
1333 1313 1572 1385 antiquis
1605 1313 1661 1367 in
1702 1334 1796 1367 -ειν
1844 1314 2086 1370 exeunti—

0 1461 4 1469 ,
91 1400 231 1465 buS‚
275 1408 338 1456 ut
386 1403 495 1457 iam
544 1399 687 1473 apud
725 1401 1021 1457 Homerum
1062 1400 1455 1467 indicavimus;
1508 1399 1644 1455 nibil
1690 1406 1774 1456 est
1824 1400 1965 1472 quod
2007 1401 2085 1455 in-

2 1525 8 1546 2
92 1488 374 1546 doctorum
428 1490 791 1545 temeritatem
834 1497 1113 1545 coerceat:
1169 1489 1224 1542 in
1270 1487 1551 1560 Euripidis
1598 1488 1724 1544 Ione
1758 1492 1918 1544 1187.
1963 1488 2088 1543 libri
2141 1524 2142 1527 =

92 1576 373 1633 exhibent:

398 1665 591 1727 κούδεὶς
629 1665 748 1720 τάδ’
787 1665 912 1735 ᾔδει.
952 1665 1006 1720 ἐν
1043 1672 1215 1732 χεροῖν
1255 1663 1428 1733 ἔχοντι
1470 1663 1541 1719 δέ.
1588 1729 1590 1731 μ

7 1773 10 1784 ·
93 1754 184 1809 cui
219 1753 508 1809 Piersonus
551 1753 621 1808 ad
663 1753 885 1809 Moerid.
938 1770 989 1825 p.
1027 1756 1150 1808 174.
1201 1753 1412 1824 primus
1459 1767 1618 1807 suum
1656 1751 1890 1807 reddidit
1930 1754 2083 1823 ᾔδειν.

93 1840 235 1909 Quid
290 1842 344 1895 in
399 1841 620 1897 Platone
675 1841 966 1913 deliquisse
1019 1846 1212 1912 puteS‚
1273 1842 1368 1912 qui
1428 1841 1482 1893 in
1540 1840 1750 1895 senario
1790 1829 2088 1902 immanem

92 1928 239 1984 hunc
275 1929 486 1985 hiatum
524 1929 666 1985 ferre
706 1928 788 1984 vel
822 1929 1001 2002 potius
1046 1928 1299 1983 invehere
1336 1928 1664 2000 potuerunt?
1745 1928 2088 2000 Reponamus

93 2017 264 2089 igitur
309 2018 364 2071 in
399 2017 640 2072 Platonis
676 2015 873 2091 Lyside
915 2033 971 2088 p.
1006 2019 1133 2072 206.
1176 2016 1237 2073 E.
1286 2018 1508 2082 εἱς-ήκειν
1550 2018 1602 2071 ἐν
1643 2033 1739 2089 pro
1774 2019 1996 2082 εἱς-ἥκει,
2033 2026 2089 2073 et

93 2105 149 2160 in
190 2104 474 2179 Symposio
504 2109 631 2160 175.
673 2105 734 2159 Α.
774 2101 892 2173 ἄρτι
932 2105 1120 2174 εἷσῇειν
1161 2103 1311 2159 ἄλλα
1353 2121 1450 2176 pro
1497 2106 1685 2173 εἰσῄει,
1732 2111 1786 2159 et
1827 2105 1882 2159 in
1924 2105 2087 2161 Phae-

93 2190 191 2248 dro
224 2195 359 2251 228.
396 2193 456 2249 Β.
497 2194 571 2254 εἷς
611 2193 896 2261 περίπατον
939 2194 1043 2262 ᾔειν
1079 2196 1145 2255 ὥς
1176 2192 1274 2260 μέν
1313 2195 1422 2248 κτὲ.
1467 2209 1563 2265 pro
1603 2193 1705 2262 ᾔει,
1746 2199 1800 2247 et
1837 2193 2090 2250 similiter

93 2278 215 2336 aliis
246 2279 397 2338 lociS.
478 2280 886 2353 Xenophontem
924 2297 1138 2353 quoque
1190 2279 1382 2337 iisdem
1421 2279 1610 2336 formis
1646 2297 1807 2335 usum
1846 2297 1963 2338 esse
2010 2283 2087 2338 in-

93 2367 253 2427 diciis
287 2367 613 2441 quibusdam
660 2368 841 2442 colligi
889 2375 1099 2442 potest,
1156 2385 1486 2442 quamquam
1534 2368 1903 2441 Xenophontis
1947 2369 2088 2425 codi-

93 2454 248 2512 cibus
287 2472 463 2528 neque
482 2457 702 2530 optimis
736 2458 948 2513 utimur
969 2474 1144 2530 neque
1183 2458 1535 2530 pervetustis:
1578 2456 1700 2512 vide
1737 2457 1979 2513 Bastium
2021 2457 2090 2521 aid

93 2543 316 2616 Gregor.
354 2543 595 2600 Corinth.
636 2562 688 2617 p.
731 2549 855 2602 123.
936 2547 1012 2602 De
1052 2546 1288 2601 Isocrate
1322 2544 1612 2601 subdubito
1651 2551 1871 2618 propter
1909 2545 2089 2602 locum

94 2632 151 2687 in
192 2631 588 2688 Panathenaico
638 2638 667 2706 §
707 2636 830 2688 127.
874 2632 967 2688 ubi
1014 2634 1070 2689 in
1111 2633 1364 2690 omnibus
1403 2632 1559 2688 libris
1609 2639 1724 2689 est:
1784 2636 1856 2695 εἰς
1908 2631 2087 2691 τοῦτον

93 2720 374 2776 ἀποθέσθαι
406 2723 493 2777 τὸν
532 2721 702 2790 καιρὸν
740 2723 852 2778 οὐδὲ
884 2723 1102 2793 προιδεῖν
1141 2721 1415 2789 ἐσόμενον,
1455 2721 1510 2775 in
1552 2719 1809 2776 Urbinate
1844 2723 2087 2795 egregie:

91 2809 181 2866 τὸν
214 2810 384 2877 καιρὸν
405 2852 423 2873 ,
465 2805 517 2864 ὃν
552 2811 664 2867 οὐδὲ
707 2810 936 2880 προῄδειν
989 2809 1245 2877 ἐσόμενον.
1324 2798 1557 2882 Apparet
1608 2809 1796 2879 προῇδη
1849 2811 2089 2877 ἐσόμενον

93 2894 161 2952 ab
204 2896 440 2953 Isocrate
479 2897 644 2953 scribi
686 2915 789 2953 non
830 2899 1068 2971 potuisse
1116 2899 1204 2954 δια
1252 2899 1344 2962 τὴν
1383 2897 1691 2966 σύγκρουσιν
1727 2902 1826 2954 τῶν
1864 2900 2087 2968 φωνηέν·

93 3005 211 3042 ταν.
291 2985 353 3042 In
395 2984 676 3042 Aeschinis
728 2986 1048 3043 Timarcliea
1090 2989 1239 3060 §ts-4.
1283 2987 1338 3042 in
1380 2984 1501 3041 aliis
1537 2992 1619 3041 est
1663 2988 1849 3057 παρῇει
1902 2987 1987 3042 ἐπὶ
2027 2990 2087 3044 τὸ

91 3072 276 3140 βῆμα,
318 3073 372 3127 in
427 3073 547 3129 aliis
595 3082 798 3143 παρῆν,
853 3091 991 3147 quae
1043 3074 1344 3131 coalescent
1388 3074 1590 3146 optime
1641 3074 1697 3129 in
1747 3077 1961 3147 παρῄειν
1997 3077 2083 3132 ἐπὶ

92 3161 152 3217 τὸ
189 3162 365 3227 βῆμα.
445 3158 631 3218 Obiter
670 3165 803 3232 ᾔδειν
843 3164 1020 3220 exime
1060 3162 1350 3219 Plutarcho
1391 3162 1444 3217 in
1495 3161 1741 3235 Agesilao
1789 3179 1905 3236 cap.
1944 3164 2086 3220 VIII.

92 3247 187 3306 ubi
244 3247 522 3323 Lysandro
580 3248 817 3308 dicenti:
875 3252 1010 3322 ᾔδεις
1061 3251 1164 3322 ἄρα
1223 3256 1447 3322 σαφῶς,
1506 3251 1839 3318 Ἀγησίλαε,
1898 3253 2084 3321 φίλους

92 3337 377 3400 ἐλαττοῦν,
437 3338 775 3410 respondisse
834 3346 1091 3396 narratur
1143 3338 1452 3413 Agesilaus:
1511 3339 1722 3408 ᾔδειν,
1778 3338 1911 3409 ἔφη,
1966 3341 2083 3400 τοὺς

93 3426 218 3491 ἐμοῦ
275 3426 448 3494 μεῖζον
506 3426 752 3483 δύνασθαι
819 3429 1200 3496 βουλομένους,
1262 3428 1352 3484 ubi
1417 3426 1797 3499 corrigendum
1848 3433 1959 3481 est:
2009 3459 2085 3470 —

93 3514 362 3568 ἐλαττοῦν.
442 3517 524 3578 Νὴ
565 3517 678 3580 Δί’,
720 3517 855 3587 ἔφη,
895 3518 1012 3580 τούς
1061 3522 1117 3583 γ’
1160 3518 1285 3583 ἐμοῦ
1332 3516 1508 3584 μεῖζον
1548 3516 1792 3571 δύνασθαι
1830 3516 2082 3581 βουλομέ-

94 3620 220 3663 νους.
306 3602 379 3657 De
430 3605 655 3660 caeteris
709 3622 853 3662 nunc
906 3606 1085 3663 dicere
1142 3604 1274 3661 nihil
1317 3605 1511 3661 ‘at-tinet
1554 3610 1605 3659 et
1659 3603 1815 3658 linem
1860 3603 1965 3659 iam
2010 3602 2079 3659 sa-
