2436 4068
1050 189 1158 239 619

103 334 268 388 Attici
314 333 480 387 moris
522 332 697 402 ignari
735 330 874 386 male
910 331 1238 387 muicarunt.
1320 332 1516 389 Editur
1556 338 1801 405 pag.527
1847 336 1907 390 D.
1951 336 1992 388 εἱ
2017 366 2091 376 —-

100 418 201 475 εἷεν
238 420 411 487 etymol
448 441 610 482 τινες,
651 417 903 486 οἷοίπερ
942 418 1049 481 οὓς
1092 420 1270 487 πέρυσι
1313 421 1631 490 Φερεκράτης
1675 422 1696 475 ὂ
1741 425 1951 486 ποιητὴς
1997 422 2091 478 ἐδί-

33 559 35 562 ,
102 508 254 571 aaa-§su
308 508 391 561 ἐπὶ
442 509 681 575 Ληναίῳ,
724 507 817 562 sed
857 510 1086 566 ἀττικιςὶ
1131 509 1478 564 scribendum
1513 517 1593 564 est
1635 508 1806 577 ἄγριοί
1846 532 1979 571 τινες
2021 509 2094 564 οἵ·

97 615 346 663 ουσπερ
393 596 570 662 πέρυσι
624 595 947 663 Φερεκράτης
990 595 1237 660 ε’δίδκξεν.
1321 598 1493 665 Quam
1554 615 1711 670 saepe
1766 598 1974 653 librarii
2036 601 2090 653 in

96 681 299 750 οἷόσπερ
340 683 427 736 ubi
470 683 523 735 ἰιι
548 683 870 739 attractione
910 685 1144 753 positum
1188 686 1256 738 sit
1298 693 1504 740 veteres
1547 694 1598 741 et
1642 704 1800 741 sanas
1834 686 2094 741 lectiones
2150 669 2153 674 ¹

98 772 165 828 ad
205 787 365 826 suum
406 777 625 841 captum
681 770 1161 842 interpolaverint,
1218 772 1282 825 ad
1326 773 1736 829 Demosthenem
1790 774 2092 830 ostendam.

170 860 232 915 In
277 863 306 930 §
349 863 432 914 14.
489 858 618 922 ἥδιον
658 860 704 913 δ’
745 858 810 913 ἂν
845 860 1132 924 δουλεύοιμι
1175 860 1204 922 ἢ
1242 861 1498 929 ἐλεύθερος
1547 862 1651 926 εἴην
1692 863 1741 918 εἴ
1786 883 1886 929 μου
1941 873 2092 919 Κλει-

95 949 207 1011 νίας
248 947 430 1015 ἄρχειν
469 947 691 1002 ἐθέλοι.
773 947 928 1002 Ferri
970 953 1145 1018 potest
1197 947 1394 1011 ἐθέλοι,
1439 949 1531 1003 sed
1566 957 1768 1021 quanto
1818 951 2013 1006 melius
2049 950 2098 1006 εἴ

99 1058 197 1104 μου
250 1037 495 1097 Κλεινίας
555 1034 741 1104 ἄρχειν
798 1035 1051 1102 μέλλοι
1106 1036 1373 1107 scriptum
1413 1043 1584 1102 esset,
1642 1037 1803 1110 idque
1845 1041 2023 1112 ipsum
2066 1057 2096 1094 a

100 1125 452 1197 Xenophonte
490 1126 738 1196 suspicor
778 1140 896 1178 esse
930 1121 1252 1195 profectum.

170 1213 231 1269 In
276 1216 305 1284 §
344 1218 429 1269 15.
472 1214 575 1279 ἐγὼ
616 1214 737 1280 πρὸς
783 1216 964 1267 πᾶσαν
1004 1213 1189 1279 αἱρετὴν
1228 1211 1631 1282 δικαιότερός
1671 1233 1760 1268 σου
1796 1214 1901 1280 εἰμὶ
1941 1213 2092 1281 ὁὲγειν

23 1286 35 1321 ³
97 1303 415 1370 ὧνθρώπους,
471 1308 525 1356 et
578 1300 709 1356 haec
747 1301 1022 1373 scriptura
1059 1299 1344 1355 manifesto
1385 1302 1686 1357 sententiae
1740 1301 2093 1368 adversatur,

29 1445 38 1451 ,
96 1397 151 1446 et
189 1389 331 1462 quod
374 1388 739 1445 Schneiderus
774 1388 1006 1444 coniecit
1040 1387 1184 1454 ἄγων
1225 1406 1324 1461 pro
1363 1387 1532 1455 ἄγειν.
1616 1389 1755 1457 Quid
1797 1390 1942 1446 dicat
1982 1391 2093 1446 Cri-

97 1478 310 1535 tobulus
350 1479 486 1533 satis
533 1484 614 1531 est
650 1477 1030 1548 perspicuum,
1077 1494 1269 1549 nempe
1315 1494 1371 1533 se
1414 1496 1516 1532 non
1562 1477 1628 1532 ad
1671 1479 1937 1534 iustitiam
1979 1486 2094 1535 tan-

39 1608 42 1610 -
94 1573 245 1632 tum,
287 1572 348 1621 ut
387 1565 646 1630 Calliam,
702 1565 795 1620 sed
837 1564 903 1619 ad
963 1567 1220 1621 virtutem
1273 1583 1487 1622 omnem
1542 1566 1811 1622 adducere
1851 1567 2097 1624 homines

24 1701 35 1709 .
90 1673 260 1728 posse.
341 1654 482 1723 Quid
524 1655 696 1725 igitur
738 1653 886 1708 aliud
925 1656 1269 1725 quaerimus,
1312 1672 1479 1726 quum
1540 1657 1950 1724 ἱκανώτερός
1996 1663 2093 1712 ’σου

91 1744 199 1811 εἰμὶ
241 1741 396 1809 ἄγειν
436 1745 723 1812 ἀνθρώπους
763 1742 890 1797 olim
930 1759 961 1797 a
1002 1744 1118 1797 viro
1159 1743 1315 1797 docto
1357 1743 1423 1798 sit
1463 1743 1872 1815 excogitatum?
1917 1745 2091 1814 Quam

95 1841 244 1888 recte
277 1832 576 1900 ἱκανώτερός
612 1832 722 1898 εἶμι
764 1828 915 1896 ἄγειν
952 1831 1169 1887 dicatur
1202 1832 1451 1904 putidum
1488 1840 1569 1888 est
1608 1833 1890 1888 ostendere
1925 1834 2091 1900 velte,

95 1938 263 1994 quum
306 1921 606 1976 sexcenties
640 1920 694 1974 in
727 1919 822 1974 tali
863 1936 920 1974 re
948 1921 1120 1981 ἱκανός
1162 1922 1234 1974 ita
1274 1922 1346 1975 sit
1379 1923 1505 1994 poni
1542 1921 1761 1976 solitum
1796 1928 1849 1977 et
1890 1923 1946 1977 in
1987 1922 2089 1979 hac

95 2009 210 2083 ipsa
270 2010 467 2064 vicinia
517 2008 748 2080 legatur.
830 2007 934 2063 Sed
982 2008 1035 2063 id
1094 2010 1275 2081 ipsum
1330 2008 1556 2064 sortasse
1609 2011 1841 2065 miretur
1893 2011 2091 2083 aliquis

24 2084 41 2140 'e
94 2114 201 2171 quo
242 2097 399 2152 modo
441 2097 760 2152 vocabulum
817 2104 927 2151 tam
982 2097 1173 2152 tritum
1230 2103 1284 2153 et
1334 2097 1713 2170 pervulgatum
1769 2098 1943 2154 labem
2002 2117 2090 2172 po-

36 2204 43 2212 ·
92 2187 259 2242 tuerit
314 2186 611 2257 concipere.
707 2183 907 2256 Nempe
962 2184 1098 2239 nihil
1155 2191 1237 2240 est
1291 2186 1433 2258 quod
1489 2203 1594 2240 non
1651 2187 1820 2258 possit
1874 2187 1927 2241 in
1983 2187 2090 2243 alia

31 2646 45 2739 .rv-A

90 2275 271 2330 omnia
321 2274 605 2347 depravari
646 2272 713 2328 ab
755 2274 821 2327 iis
863 2274 955 2345 qui
996 2273 1050 2328 in
1106 2273 1461 2330 describendo
1503 2275 1635 2330 alias
1682 2293 1769 2331 res
1811 2283 1982 2346 agunt
2034 2285 2090 2333 et

91 2379 231 2437 quae
278 2363 466 2435 legunt
517 2379 621 2417 non
677 2361 1008 2434 intelligunt.
1105 2362 1259 2434 Apud
1316 2364 1733 2420 Demosthenem
1791 2363 1971 2419 editur
2030 2366 2087 2419 in

90 2450 237 2509 Orat.
279 2451 433 2507 XLV.
477 2455 568 2506 53.
608 2454 663 2507 οὗ
696 2452 802 2517 γὰρ
844 2453 961 2512 τοὺς
1014 2452 1416 2519 γεγραμμένους
1459 2453 1639 2519 νόμους
1678 2453 1699 2507 ὂ
1736 2457 1958 2514 τοιοῦτος
2000 2452 2087 2508 ἄν·

5 2577 10 2588 ·
90 2542 279 2610 θρωπος
318 2541 469 2607 μόνον
507 2541 659 2595 ἀλλὰ
704 2540 791 2596 καὶ
834 2540 906 2595 τοὶ
959 2548 1052 2603 τῆς
1090 2542 1296 2610 φύσεως
1348 2542 1573 2596 οἰκεῖοι
1629 2543 1845 2610 οένοοιρεῖ.
1924 2541 2088 2597 Intel-

89 2627 285 2701 ligisne
337 2644 475 2701 quae
527 2629 636 2683 sint
674 2628 747 2684 τοὶ
795 2636 889 2692 τῆς
930 2629 1139 2697 Φύσεως
1190 2631 1413 2684 οἰκεῖοι
1470 2629 1708 2701 opposita
1770 2637 1876 2691 τοῖς
1916 2630 2084 2695 νόμοις

88 2724 194 2780 τοῖς
226 2716 654 2786 γεγραμμένοιςῖ
717 2715 831 2771 Non
871 2718 1079 2789 opinor.
1167 2716 1270 2772 Sed
1306 2717 1436 2773 latet
1474 2719 1527 2772 in
1565 2720 1727 2774 οἷκεῖοο
1764 2717 2084 2774 vocabulum

89 2822 195 2879 quo
235 2823 338 2861 non
375 2812 458 2861 est
496 2804 644 2860 aliud
683 2804 825 2877 apud
868 2804 1119 2861 Oratores
1160 2807 1344 2860 tritius
1385 2813 1435 2861 et
1482 2804 1850 2878 frequentiuS,
1892 2824 2085 2880 nempe

31 2895 160 2951 iv&
227 2902 322 2958 τῆς
379 2895 587 2964 Φύσεως
641 2894 874 2949 δίκαιοι
933 2895 1164 2963 οὶνοιιρεῒ,
1227 2894 1393 2950 veluti
1454 2896 1507 2949 in
1585 2893 1731 2950 Orat.
1777 2895 1936 2950 XXV.
1994 2899 2082 2951 28.

32 2974 36 3026 '.
89 2983 376 3053 προφάσεις
433 2983 686 3038 πλάττων
745 2983 834 3039 καὶ
875 2984 1085 3052 ψευδεῖς
1142 2984 1319 3045 αἰτίοις
1376 2983 1621 3045 συντιθεὶς
1664 2985 1735 3038 τὰ
1796 2984 1938 3039 κοινοὶ
1998 2985 2085 3039 δί-

40 3088 42 3090 ·
89 3091 248 3127 κοοιοι
294 3071 609 3140 ἀνατρέψειν
648 3072 755 3127 οἴει.
837 3072 1160 3128 Rectissime
1204 3072 1372 3144 igitur
1414 3080 1814 3145 componuntur
1867 3073 1939 3127 τοὶ
1988 3078 2081 3135 τῆς

88 3160 294 3230 Φύσεως
335 3162 511 3216 δίκαιοι
553 3168 607 3217 et
640 3161 711 3216 τὰ
752 3168 850 3216 τῶν
888 3160 1051 3227 νόμων
1085 3161 1292 3227 δίκαιοι,
1335 3178 1470 3234 quae
1512 3168 1898 3216 commemorat
1941 3159 2081 3215 idem

90 3245 282 3304 Orator
313 3250 474 3305 XXV.
518 3254 565 3304 3.
623 3251 738 3317 μεθ’
779 3252 964 3306 ἑαυτοῦ
1005 3249 1178 3315 δείξων
1219 3250 1456 3318 ἑκάτερος
1497 3252 1569 3306 τοὶ
1623 3255 1720 3305 τῶν
1781 3249 1942 3313 νόμων
1998 3248 2079 3302 δι’·

90 3355 239 3392 κοιιοι
283 3338 563 3412 [ἰσχυροὶ],
617 3338 707 3394 ubi
748 3340 882 3395 satis
935 3340 1127 3395 mirari
1171 3356 1274 3394 non
1315 3356 1528 3411 possum
1570 3338 1806 3394 Dobraeo
1849 3352 1949 3389 non
1993 3335 2080 3391 ob·

89 3427 418 3496 temperari,
458 3427 553 3499 qui
594 3426 799 3484 dudum
841 3427 1035 3498 ἰσχυροὶ
1075 3427 1238 3483 deleri
1282 3420 1455 3483 iussit.
1519 3425 1616 3481 Sed
1662 3424 1724 3479 ad
1764 3422 2079 3495 Xenophon·

93 3517 200 3566 tem
239 3521 496 3568 revertor.

169 3601 226 3655 ln
269 3617 383 3674 cap.
409 3602 495 3657 IV.
547 3608 628 3660 115.
670 3604 812 3671 οἵγε
854 3608 941 3662 καὶ
986 3605 1049 3661 ὧν
1090 3605 1286 3662 δέονται
1329 3605 1572 3671 mima,
1618 3604 1771 3656 wilm-⁹
1809 3601 2078 3669 αἱσχύνον·

1658 3696 1697 3726 Ἡ
1725 3695 1735 3712 “
