2436 4068
1017 173 1114 223 7:21

58 321 248 379 ἄλλαις
295 319 514 378 πόλεσι,
557 316 758 383 θόρυβον
799 316 850 371 δὲ
892 315 1152 384 παρέσχον
1195 319 1355 373 πλείω
1406 324 1502 374 τῶν
1551 321 1826 385 πολεμίων.
1907 320 2022 376 Alia

57 408 232 462 omnia
270 406 334 460 de
379 408 740 460 Lacaenarum
781 403 905 457 forti
942 412 993 457 et
1040 406 1239 460 invicto
1278 408 1457 461 animo
1494 407 1651 462 multi
1699 409 1899 462 iactare
1939 427 2022 462 so-

56 494 202 556 lent,
262 495 353 548 sed
395 494 484 547 itta
526 499 652 545 sunt
694 492 916 546 veriora.
996 492 1219 548 Fatetur
1272 494 1592 549 Plutarchus
1632 494 1784 566 lapsu
1825 503 2023 566 tempo-

54 583 134 639 ris
171 583 436 636 Lacaenas
485 579 783 650 impudicas
837 579 1004 634 factas
1058 598 1174 635 esse
1230 582 1380 655 (Lyc.
1424 582 1531 655 16.)
1589 590 1642 636 et
1683 583 1850 653 Agide
1902 601 2021 654 reg·

54 678 218 726 nante
282 669 560 723 avaritiam
624 675 675 721 et
729 667 992 720 luxuriam
1067 670 1497 738 pessumdedisse
1568 672 1737 725 avitas
1798 673 2025 726 virtutes

24 758 205 832 4(1.yc.
240 758 356 829 50).
438 757 575 810 Haec
629 756 807 808 omnia
864 755 1067 808 dudum
1120 765 1271 809 erant
1325 759 1376 810 in
1421 759 1571 828 peius
1612 767 1815 814 mutata
1857 777 2024 831 quum

30 845 344 917 Xenophon
385 861 448 899 ex
491 844 612 898 Asia
658 844 708 895 in
751 842 1168 913 Peloponnesum
1207 845 1380 909 venit,
1432 852 1483 898 et
1522 862 1551 899 a
1590 848 1852 901 maiorum
1893 849 2024 901 arti-

25 926 156 990 ³11us
211 933 562 1004 degenerasse
627 930 916 1002 Spartanos
971 930 1103 983 vidit
1159 940 1211 985 et
1269 949 1368 985 non
1426 935 1597 1003 potuit
1651 934 2023 990 dissimulare:

20 1027 26 1058 '·
54 1021 148 1078 sed
183 1021 302 1075 vide
334 1020 465 1075 mihi
506 1026 708 1090 quanta
745 1026 930 1072 utatur
968 1018 1247 1072 verborum
1284 1019 1505 1093 lenitate
1539 1028 1591 1075 et
1625 1039 1783 1092 quarn
1824 1024 2024 1078 urbane

0 1108 307 1177 :gnonnutla
340 1110 610 1178 attingens
652 1107 823 1177 magis
858 1123 1018 1178 quam
1060 1107 1306 1177 aperiens
1342 1114 1519 1161 tamen
1562 1108 1628 1162 de
1665 1111 1886 1180 antiqua
1919 1112 2024 1165 vir-

24 1204 172 1255 ,.tute
209 1206 391 1252 actum
432 1213 547 1252 esse
587 1196 719 1248 satis
757 1194 1086 1249 demonstret
1135 1195 1187 1246 in
1237 1211 1354 1265 cap.
1395 1195 1549 1259 xlv,
1588 1197 1746 1268 quale
1802 1198 1900 1251 hoc
1941 1207 2022 1253 est

0 1305 27 1349 5
53 1285 108 1340 in
153 1288 183 1354 §
222 1290 289 1339 5:
345 1284 401 1348 ἦν
448 1285 542 1350 μὲν
580 1283 664 1337 ὅτε
719 1283 1065 1347 ἐπεμελοῦντο
1105 1280 1239 1343 ὅπως
1290 1282 1421 1346 ἄξιοι
1462 1281 1562 1340 εἶεν
1604 1287 1843 1350 ἡγεῖσθαι
1869 1305 1880 1317 ·
1941 1290 2024 1340 νῦν

0 1356 27 1446 ,ι
50 1377 105 1432 δὲ
144 1375 278 1429 πολὺ
312 1378 518 1438 μᾶλλον
552 1372 1018 1439 πραγματεύονται
1055 1368 1188 1431 ὅπως
1224 1370 1456 1437 ἄρξουσιν
1495 1374 1523 1436 ἢ
1564 1372 1698 1435 ὅπως
1734 1373 1862 1437 ἄξιοι
1910 1375 2023 1430 τού-

0 1411 30 1533 ζζ
50 1484 141 1519 του
179 1463 407 1517 ἔσονταιε
453 1469 694 1532 potestne
743 1462 961 1529 gravius
1009 1459 1355 1530 opprobrium
1399 1462 1622 1532 reperiri
1679 1458 1838 1534 quam
1882 1463 2023 1534 quod

10 1540 159 1627 fjtlis
211 1551 503 1605 lenissimis
556 1547 732 1604 verbis
794 1547 1142 1601 continetur?
1222 1548 1500 1619 Interponi
1549 1558 1708 1622 caput
1752 1552 1886 1606 XIV.
1944 1553 2021 1605 in-

9 1635 27 1658 ‘
53 1638 328 1696 commode
367 1645 420 1692 et
457 1637 629 1692 alieno
669 1635 782 1689 loco
832 1635 1000 1706 palam
1043 1642 1156 1698 est,
1198 1635 1287 1689 sed
1336 1637 1390 1689 in
1440 1637 1575 1690 libro
1623 1646 1731 1693 tam
1775 1639 2024 1694 mutilato

16 1736 102 1786 'et
151 1728 372 1783 disiecto
412 1727 534 1797 quis
577 1724 627 1778 id
683 1741 875 1794 magno
926 1742 1083 1795 opere
1139 1724 1466 1779 mirabitur?
1549 1726 1684 1781 Sunt
1727 1729 1819 1798 qui
1860 1729 2022 1782 inter·

11 1813 287 1889 'potatum
341 1832 457 1869 esse
526 1820 746 1884 putent:
810 1829 910 1866 non
969 1812 1146 1867 serunt
1207 1815 1347 1867 enim
1413 1815 1814 1886 Xenophontem
1875 1833 1906 1871 a
1965 1832 2022 1870 se

49 1906 227 1977 ipsum
261 1903 563 1958 dissentire.
642 1903 748 1955 Cur
787 1901 890 1954 sibi
932 1918 1032 1953 non
1076 1908 1282 1956 constet
1322 1901 1445 1956 dedi
1486 1920 1699 1975 operam
1751 1912 1809 1957 ut
1846 1911 2019 1958 osten·

44 1992 248 2048 derem.
329 1991 598 2047 Orationis
643 1989 857 2043 habitus
899 1997 951 2043 et
989 1989 1134 2044 color
1168 1998 1314 2045 certe
1363 2007 1465 2044 non
1511 1991 1750 2046 referunt
1791 1993 2021 2063 interpo-

47 2080 306 2145 latorem,
348 2079 609 2150 habetque
650 2079 696 2131 is
733 2079 845 2149 ipse
881 2077 1028 2131 locus
1060 2077 1165 2131 duo
1203 2095 1339 2132 nova
1373 2079 1569 2134 indicia
1609 2081 1831 2142 aetatis,
1873 2083 2019 2135 circa

12 2184 207 2240 <quam
247 2168 376 2222 haec
430 2169 630 2238 scripta
670 2182 786 2220 esse
823 2166 1065 2235 cottigas:
1107 2171 1191 2220 νῦν
1241 2167 1284 2220 δ’
1319 2168 1607 2233 ἐπίςαμαι,
1651 2167 1859 2240 inquit,
1899 2170 2017 2231 τοὺς

39 2257 314 2316 δοκοῦντας
349 2258 571 2322 πρώτους
611 2251 738 2308 εἶναι
780 2253 1163 2315 ἐσπουδακότας
1208 2258 1273 2315 ὡς
1312 2255 1572 2320 μηδέποτε
1619 2258 1887 2312 παύωνται
1930 2259 2014 2326 οὶρ-

34 2345 282 2414 μόζοντες
312 2346 394 2399 ἐπὶ
433 2343 597 2407 ξένης.
678 2342 815 2398 Num
856 2342 983 2396 haec
1026 2349 1143 2412 post
1175 2359 1374 2398 annum
1415 2348 1539 2398 571.
1581 2352 1634 2398 et
1674 2347 2014 2402 Leuctricam

11 2432 399 2498 ·.=calamitatem
460 2431 622 2486 scribi
676 2431 910 2502 potuisse
970 2430 1167 2501 putas?
1251 2432 1542 2485 Pausanias
1585 2433 1673 2487 IX.
1730 2438 1780 2488 6.
1839 2438 1888 2488 4.
1948 2435 2011 2508 (οἱ

27 2523 265 2589 ,Θηβαῖοι
304 2519 623 2587 νικήσαντες)
667 2520 715 2572 ἐν
757 2520 1035 2585 Λεύκτροις
1073 2519 1464 2587 ἐπιφανεςοὶτην
1506 2521 1642 2583 νίκην
1679 2522 1872 2583 ὁπόσας
1923 2543 2011 2588 γε·

38 2611 254 2676 νομένας
287 2609 540 2669 ’Ἕλλησιν
580 2606 728 2672 ἴσμεν
761 2609 875 2660 καθ’
912 2610 1170 2671 Ἑλλήνων
1206 2608 1293 2662 καὶ
1329 2609 1709 2677 δεκαδαρχίας,
1745 2607 1813 2681 ἃς
1834 2619 2012 2666 Λακε-

26 2696 283 2764 δαιμόνιοι
323 2681 620 2757 κατῖςησαν
660 2696 712 2748 ἐν
750 2702 866 2755 ταῖς
916 2696 1154 2758 πόλεσιν,
1195 2696 1428 2750 ἔπαυσαν
1489 2698 1576 2750 καὶ
1614 2699 1847 2765 οὶρμοςοὶς
1893 2701 2009 2762 τοὺς

14 2783 386 2854 ’,Σπαρτιατας
427 2783 774 2849 ἐκβάλλουσιν
799 2824 812 2846 ,
851 2792 901 2837 et
945 2785 1137 2837 iterum
1165 2782 1301 2838 thl.
1347 2787 1433 2839 52.
1479 2789 1508 2839 4
1534 2827 1546 2848 ,
1609 2785 1696 2839 uhi
1739 2786 1837 2841 hoc
1878 2789 2010 2861 Epa-

22 2871 346 2931 minondam
389 2870 576 2926 fecisse
611 2871 815 2924 scribit.
873 2870 1083 2943 Scripta
1119 2878 1200 2926 est
1234 2874 1262 2935 ἦ
1303 2878 1401 2928 τῶν
1441 2873 1694 2927 Λακώνων
1729 2878 2005 2940 πολιτεία,

24 2968 99 3018 ,ιιι
137 2962 277 3015 inter
313 2959 593 3031 tegendum
634 2958 828 3030 ubique
866 2959 1100 3022 seiitieS,
1142 2959 1375 3014 nondum
1413 2960 1579 3016 stacta
1618 2970 1668 3017 et
1713 2963 1907 3019 afflicta
1952 2985 2009 3021 ie

21 3046 333 3122 Spartana,
373 3065 539 3119 quum
576 3064 730 3101 nemo
771 3054 878 3101 tota
915 3047 1135 3102 Graecia
1174 3048 1314 3102 ittam
1355 3056 1588 3121 stragem
1624 3058 1673 3105 et
1711 3055 2002 3123 perniciem

19 3134 414 3200 ‚Lacedaemoni
461 3134 766 3207 impendere
806 3137 1188 3208 suspicaretur.
1270 3137 1576 3206 Metuebant
1620 3148 1805 3194 contra
1847 3141 2002 3197 Grae·

25 3225 148 3283 seiae
184 3225 362 3298 popuii
418 3242 483 3279 ne
529 3223 718 3294 Sparta
760 3232 912 3278 vetus
956 3223 1083 3279 iilud
1140 3217 1426 3296 imperium
1471 3226 1740 3280 infinitum
1785 3244 2000 3300 recupe-

23 3320 205 3372 ,τιτθὴ
261 3317 344 3367 νῦν
382 3314 432 3368 δὲ
490 3313 669 3367 πολλοὶ
715 3317 1101 3380 παρακαλοῦσιν
1155 3314 1417 3376 ἀλλήλους
1458 3314 1542 3367 ἐπὶ
1592 3316 1648 3368 τὸ
1703 3317 2000 3373 διακωλύειν

26 3400 185 3470 ,ἄρξαι
244 3401 406 3455 πάλιν
462 3402 680 3463 αὐτούς,
740 3401 915 3472 inquit
958 3400 1094 3455 XIV.
1142 3406 1171 3455 4
1226 3408 1280 3456 et
1337 3406 1387 3457 6.
1479 3401 1770 3457 Verissinie
1822 3404 1999 3461 Morus

35 3488 283 3544 admonet
338 3486 721 3543 eiusdemmodi
785 3488 1204 3544 cohortationem
1251 3489 1303 3542 in
1361 3490 1609 3543 Isocratis
1671 3491 2000 3565 Panegyrico

37 3577 244 3641 inesse,
284 3594 441 3649 quam
486 3577 777 3632 orationem
833 3594 972 3632 anno
1001 3582 1145 3641 580,
1201 3595 1385 3632 novem
1425 3587 1548 3633 ante
1592 3595 1822 3650 pugnam
1866 3579 1997 3636 Leu-

1596 3673 1635 3702 5!
