2436 4068
1061 258 1163 310 155

325 402 600 466 σμήμασιν
640 401 955 468 ἱρινομίκτοις
993 404 1368 469 χλιεροθαλπὲς
1409 401 1531 471 ὕδωρ
1571 434 1645 444 -—

327 489 384 552 ἧς
423 487 625 553 ἄμυλος
665 490 999 549 πλατανίτας
1039 498 1522 558 σασαμορυτοπαγῆ
1561 522 1635 531 -

323 575 398 643 ᾠά
438 579 486 630 τ’
525 577 884 643 ἀμυγδαλίδες
923 597 982 629 τε
1021 583 1118 631 τῶν
1158 581 1565 648 μαλακοφλοΐων
1604 610 1681 622 -

322 664 440 718 ἔνθα
477 685 527 718 τι
567 665 736 718 καινὸν
776 664 967 731 ἐλέχθη
1008 667 1208 732 κομψὸν
1246 666 1557 733 ἀθυρμάτιον
1596 698 1671 706 -

96 768 233 824 quae
270 760 482 807 exstant
519 750 661 823 apud
700 749 894 806 Athen.
938 768 986 822 p.
1015 755 1140 808 146.
1174 760 1225 807 et
1264 756 1409 817 642„
1446 754 1642 825 quibus
1675 770 1739 808 cx
1773 751 2075 824 Antiphane

100 838 372 894 addenda:

319 927 407 982 καὶ
448 926 699 995 παρέθηκε
740 926 1004 991 γέμουσαν
1045 926 1289 993 πέμμασι
1331 931 1678 992 παντοδαποῖς
1719 963 1795 971 -

318 1019 419 1077 τᾶς
453 1018 713 1084 τρυφεροῖς
749 1015 854 1068 άπὸ
894 1014 1104 1080 Λέσβου
1139 1015 1454 1080 σεμνοπότου
1493 1018 1711 1082 ςαγόνος

320 1110 545 1170 πλῆρες,
586 1101 831 1171 ἀφρίζον,
870 1099 1052 1164 ἕκαςος
1091 1102 1322 1174 δεξιτερᾷ
1363 1106 1407 1158 δ’
1448 1105 1660 1171 ἔλαβεν.

0 1220 2 1266 ss
168 1192 435 1260 Quantam
470 1190 556 1244 sui
589 1188 1001 1244 admirationem
1036 1191 1356 1245 Philoxenus
1386 1193 1701 1247 excitaverit
1732 1193 1931 1264 optime
1964 1193 2075 1263 ipse

93 1278 422 1352 Antiphanes
460 1277 670 1333 docebit
714 1276 855 1349 apud
896 1277 1086 1333 Athen.
1128 1296 1178 1350 p.
1218 1282 1345 1334 643.
1385 1279 1444 1333 D.

393 1366 526 1421 πολύ
559 1369 614 1431 γ’
655 1366 731 1423 ἕςὶ
772 1365 977 1420 πάντων
1013 1372 1111 1421 τῶν
1151 1373 1365 1429 ποιητῶν
1401 1367 1637 1438 διάφορος

393 1456 415 1509 ὃ
459 1452 752 1518 Φιλόξενος.
796 1455 1027 1522 πρώτιςα
1065 1457 1162 1521 μὲν
1200 1456 1306 1522 γάρ
1345 1455 1586 1522 ὀνόμασιν

390 1543 552 1598 ἰδίοισι
589 1543 676 1596 καὶ
718 1549 930 1597 καινοῖσι
963 1549 1157 1611 χρῆται
1197 1549 1507 1612 πανταχοῦ.

393 1630 577 1685 ἔπειτα
611 1630 683 1685 τά
723 1630 860 1696 μέλη
895 1633 1225 1697 μεταβολαῖς
1261 1632 1348 1686 καὶ
1386 1633 1656 1701 χρώμασιν

392 1721 457 1781 ὥς
494 1716 551 1773 εὖ
585 1718 863 1785 κέκραται.
905 1721 1010 1779 θεὸς
1052 1720 1101 1772 ἐν
1142 1720 1463 1787 ἀνθρώποισιν
1505 1717 1560 1782 ἦν

394 1808 579 1867 ἐκεῖνος
617 1806 755 1868 εἰδὼς
795 1808 886 1869 την
926 1808 1124 1869 άληθῶς
1163 1810 1439 1872 μουσικήν.

93 1913 255 1971 quam
296 1893 495 1950 fuerint
546 1893 810 1949 celebrata
860 1895 976 1949 eius
1021 1897 1262 1949 carmina
1314 1912 1378 1950 ex
1431 1894 1535 1950 alio
1590 1895 1908 1967 Antiphanis
1961 1894 2074 1950 loco

94 1983 365 2056 colligitur
402 1981 543 2055 apud
585 1981 774 2037 Athen.
818 2000 867 2055 p.
912 1986 1038 2038 446.
1081 1984 1143 2039 A.

924 2072 1229 2139 παραδιδοὺς
1270 2073 1312 2126 δ’
1353 2070 1469 2135 ἑξῆς
1509 2073 1624 2137 ε’μοί

470 2162 556 2215 τὸν
594 2159 944 2225 ἀρκεσίγυιον,
985 2162 1050 2221 ὥς
1088 2159 1279 2229 ἔφασκ’
1319 2161 1620 2227 Εὐριπίδης.

359 2258 411 2300 B.
471 2247 744 2313 Εὐριπίδης
782 2248 887 2315 γαρ
920 2248 1063 2302 τοῦτ’
1102 2247 1365 2317 ἔφασκεν;
1408 2257 1472 2302 A.
1514 2249 1664 2303 άλλοὶ
1700 2249 1808 2310 τι’ς;

356 2345 413 2390 Β.
473 2332 739 2397 Φιλόξενος
778 2335 1037 2398 δήπουθεν.

90 2423 170 2481 Ex
202 2422 285 2479 his
323 2422 427 2478 alia
462 2420 794 2493 Antiphanes
833 2423 1041 2479 iuvenis
1084 2422 1296 2479 videtur
1345 2424 1537 2480 lusisse
1582 2424 1701 2479 vivo
1756 2423 2068 2482 Philoxeno:

90 2510 251 2568 verba
285 2510 390 2573 θεὸς
425 2512 477 2565 ἐν
519 2511 841 2578 ἀνθρώποισιν
881 2509 937 2577 ἦν
976 2518 1248 2567 mortuum
1290 2529 1407 2568 esse
1443 2512 1701 2567 indicant.

164 2599 335 2657 Grave
367 2598 558 2653 vitium
581 2599 826 2671 concepit
852 2599 1176 2672 Antiphanis
1206 2600 1353 2656 locus
1381 2601 1523 2674 apud
1558 2601 1749 2658 Athen.
1775 2619 1827 2675 p.
1853 2606 1980 2658 542.
2009 2605 2066 2659 E.

463 2688 725 2756 ἐλογίζετο
763 2693 861 2742 τῶν
894 2688 1224 2756 πραγμάτων
1263 2692 1352 2745 οὐκ
1385 2687 1477 2746 οἷδ’
1510 2687 1540 2744 δ’
1573 2711 1655 2755 τι,

87 2777 177 2834 cui
212 2776 396 2833 Critici
434 2773 569 2829 nihil
604 2774 946 2847 prosuerunt:
990 2776 1087 2832 hoc
1121 2785 1331 2833 tantum
1367 2778 1520 2834 video
1554 2779 1606 2832 in
1647 2778 1750 2833 fine
1782 2778 2066 2851 legendum

64 2881 224 2922 ’esset
263 2862 598 2932 πραγμάτιον
636 2865 726 2919 οὐκ
758 2860 851 2919 οἶδ’
883 2861 915 2919 δ’
940 2886 1017 2928 τι,
1047 2872 1101 2920 et.
1139 2882 1294 2920 versu
1331 2867 1488 2920 lertio
1511 2868 1562 2920 in
1586 2866 1758 2921 πάλαι
1799 2867 2065 2937 ὀψοφάγοι

63 2953 301 3008 (τοιοῦτοί
338 2972 471 3012 τινες
513 2951 567 3005 in
610 2951 782 3006 tribus
823 2953 1090 3024 prioribus
1130 2953 1305 3008 verbis
1336 2953 1502 3010 latere
1537 2954 1861 3010 adiectivum
1897 2955 2065 3010 Comi-

68 3054 272 3106 joorum
308 3057 456 3095 more
489 3040 842 3112 compositum
885 3047 1340 3111 παλαιοψοφαγοτ
1379 3043 1401 3067 ¹*
1439 3045 1457 3067 ⁹
1494 3044 1538 3097 οί
1572 3064 1720 3105 τινες.

162 3127 273 3183 Non
326 3126 546 3201 perfecit
601 3127 1024 3185 emendationem
1075 3130 1416 3185 Casaubonus
1469 3132 1521 3185 in
1568 3130 1869 3203 Antiphane
1922 3131 2061 3202 apud

89 3214 279 3272 Athen.
323 3234 373 3289 p.
416 3220 541 3271 450.
584 3216 643 3271 D.

384 3304 554 3365 αὑτάς
593 3306 899 3374 άμφοτέρας
937 3310 965 3370 ἦ
1008 3310 1259 3376 Δημήτηρ
1299 3309 1593 3377 ἐπιτρέψει,

89 3406 254 3465 quum
293 3394 550 3461 ἐπιτρίψει
601 3402 911 3466 reponeret,
956 3413 1188 3468 namque
1239 3398 1507 3466 ἐπιτρίψαι
1555 3395 1895 3452 scribendum
1948 3401 2061 3459 est,

22 3510 23 3514 =
90 3494 225 3552 quae
264 3487 387 3535 nota
428 3488 510 3535 est
550 3482 888 3554 imprecatio,
932 3490 991 3538 ut
1026 3485 1367 3552 ἐπιτριβείης,
1407 3482 1856 3557 quemadmodum
1895 3481 2062 3546 ἐξολέ-

22 3563 26 3576 ’
93 3586 195 3623 em
232 3576 285 3623 et
323 3566 535 3634 ἐξόλοιο,
584 3569 704 3625 alia.
787 3570 1167 3644 Aristophanes
1225 3572 1512 3628 Ecclesiaz.
1565 3575 1670 3626 776
1719 3572 1741 3624 ὀ
1783 3571 1909 3630 Ζεὺς
1949 3569 2064 3636 σέγ’

96 3654 406 3723 ἐπιτρίψειεν
447 3663 499 3711 ct
540 3656 681 3713 alibi.
764 3659 862 3714 Per
904 3658 1040 3715 hanc
1081 3662 1409 3717 occasionem
1456 3657 1748 3730 'l'hcognhli
1788 3658 2069 3715 subvenire
