2436 4068
1102 257 1189 294 XlX

161 396 317 451 Codd.
363 394 500 450 fideli
556 394 835 450 concordia
885 396 1182 464 συγκρύψαι
1236 396 1323 451 καὶ
1381 395 1657 452 συσκιάσαι
1702 395 2004 468 legeretur,
2061 407 2133 454 ta-

157 495 280 551 men
315 498 408 569 qui
462 497 619 567 longo
654 514 756 552 usu
797 496 1206 551 Demosthenem
1263 498 1499 553 trivisset
1539 505 1592 553 et
1626 499 2000 554 Demosthenis
2043 500 2136 554 sti-

156 597 267 651 lum
322 597 454 652 bene
501 598 777 668 cognitum
830 595 1106 651 habuisset
1159 605 1367 668 poterat
1417 598 1814 671 deprehendere
1871 598 2131 653 fraudem.

154 698 268 752 Non
325 699 457 753 solet
509 699 674 752 otiose
728 696 1011 761 ἶσοδύνα,αα
1066 697 1379 753 cumulare:
1437 699 1737 767 συγκρύψαι
1801 700 1873 754 τοὶ
1931 701 2130 754 τοιαῦτ’

155 801 311 861 ὀνείδη
353 797 686 853 tantumdem
722 804 803 851 est
842 802 1003 868 atque
1039 797 1340 866 συγκρύψαι
1376 801 1463 854 καὶ
1502 800 1781 855 συσκιάσαι
1822 801 1893 854 τα
1934 802 2134 855 τοιαῦτ’

154 901 347 960 ὄνείδητ
389 898 687 952 sententiae
725 896 871 952 nulla
933 897 1012 951 vis
1068 897 1287 952 additur
1330 915 1500 970 neque
1540 903 1879 956 numerosius
1925 901 2002 955 sic
2050 917 2134 955 ca-

152 998 231 1052 dit
281 999 451 1053 oratio
501 1015 673 1070 neque
728 997 793 1052 ad
837 1014 995 1052 aures
1048 997 1244 1052 accidit
1297 1000 1517 1070 gratior.
1610 1001 1718 1055 Cur
1772 1003 1939 1072 igitur
1987 1001 2133 1055 addi-

148 1099 314 1154 disset
367 1099 748 1154 Demosthenes
800 1099 894 1170 qui
949 1115 1246 1170 numquam
1292 1100 1519 1154 orationi
1571 1101 1728 1155 verba
1770 1102 2129 1156 inutiliaad-

148 1200 385 1255 miscet?
463 1200 714 1255 Creditur
761 1207 937 1254 tamen
985 1199 1072 1254 ille
1110 1200 1491 1256 Demosthenes
1538 1201 1590 1255 id
1647 1202 1844 1257 dixisse
1883 1202 2023 1275 quod
2071 1204 2124 1256 in

152 1302 401 1357 omnibus
422 1301 575 1356 libris
608 1301 729 1355 MSS·
753 1301 953 1372 legitur
986 1318 1103 1373 pag.
1128 1305 1228 1366 20,
1263 1306 1365 1357 26:
1407 1302 1530 1357 ὅταν
1552 1304 1594 1357 δ’
1629 1305 1686 1358 ἐκ
1707 1303 2008 1368 πλεονεξίας
2043 1305 2133 1358 καὶ

148 1405 388 1471 πονηρίας
425 1424 502 1464 τις
542 1401 708 1470 ὥσπερ
760 1399 903 1463 οὗτος
948 1403 1177 1471 ἰσχύσῃ,
1218 1406 1247 1465 ἡ
1297 1405 1466 1471 πρώτη
1508 1404 1769 1471 πρόφασις
1810 1404 1898 1459 καὶ
1954 1405 2129 1472 μικρὸν

144 1511 396 1571 πταῖσμα
451 1502 649 1559 ἅπαντ’
706 1504 1012 1572 ἀνεχαίτισε
1069 1504 1177 1577 [καὶ
1233 1504 1509 1578 διέλυσεν].
1595 1506 1806 1560 Dudum
1869 1505 2123 1560 admonui

145 1605 304 1660 verba
344 1606 431 1660 καὶ
472 1606 700 1661 διέλυσεν
735 1606 919 1677 spuria
968 1622 1084 1659 esse
1123 1611 1176 1659 et
1225 1605 1594 1677 expungenda.
1673 1606 1789 1661 Non
1846 1605 1949 1661 fert
2005 1623 2126 1662 ver·
2163 1630 2165 1633 f

144 1706 270 1762 hum
309 1706 503 1761 ardens
536 1706 871 1774 ἀνεχαίτισεν
929 1705 1172 1760 additum
1225 1706 1324 1760 sibi
1367 1713 1419 1760 et
1462 1708 1935 1779 superimpositum
1980 1708 2124 1763 iners

145 1807 275 1862 illud
310 1808 398 1862 καὶ
434 1807 661 1862 διέλυσεν
702 1824 767 1861 ex
813 1807 1253 1878 interpretatione
1302 1814 1523 1872 natum,
1579 1809 1830 1879 quoniam
1875 1808 2003 1879 quid
2045 1825 2122 1862 es·

142 1915 223 1963 set
270 1910 618 1977 ἀνεχαίτισε,
681 1907 904 1963 verbum
946 1908 1184 1978 priscum
1235 1915 1288 1961 et
1330 1907 1625 1963 obsoletum
1680 1915 1732 1963 et
1782 1909 1923 1980 apud
1982 1910 2125 1981 ipsos

142 2010 348 2064 Atticos
387 2009 516 2063 olim
550 2009 775 2062 rarioris
807 2014 860 2062 et
901 2007 1268 2078 exquisitioris
1304 2025 1457 2072 usuS,
1500 2015 1711 2080 praeter
1743 2009 1925 2063 doctos
1967 2027 2127 2064 nemo

140 2109 487 2180 intelligebat.
567 2106 912 2179 Interpolatio
957 2106 1089 2160 mihi
1137 2107 1354 2178 quidem
1392 2115 1502 2162 tam
1557 2107 1773 2163 evidens
1819 2126 1934 2164 esse
1975 2110 2120 2165 vide-

142 2210 300 2265 batur
340 2217 399 2264 ut
451 2210 720 2264 neminem
777 2207 1113 2262 admonitum
1169 2208 1417 2264 dubitare
1468 2226 1624 2281 posse
1665 2209 1976 2275 crederem,
2028 2213 2122 2284 qui

144 2311 552 2367 Demosthenem
594 2310 677 2365 vel
728 2308 893 2364 semel
954 2315 1127 2363 totum
1170 2309 1499 2381 perlegisset.
1580 2311 1656 2366 Ea
1711 2328 1795 2366 me
1835 2313 2014 2384 opinio
2055 2312 2129 2368 fe-

140 2411 303 2468 fellit:
346 2412 455 2466 vidi
493 2413 637 2467 enim
673 2427 844 2483 nuper
879 2411 972 2483 qui
1012 2411 1099 2465 καὶ
1141 2411 1370 2466 διέλυσεν
1422 2412 1685 2466 acerrime
1729 2411 2037 2468 defenderet
2071 2420 2125 2469 et

142 2530 304 2587 quam
354 2515 586 2568 maxime
643 2512 870 2585 probum
927 2518 981 2566 et
1027 2512 1321 2582 genuinum
1380 2529 1496 2567 esse
1547 2510 1873 2568 affirmaret:
1934 2515 2133 2570 »mille

144 2616 280 2670 enim
322 2615 458 2671 locos
495 2616 681 2688 afferri
716 2631 866 2687 posse
904 2613 995 2666 ubi
1039 2613 1314 2667 simillima
1355 2612 1655 2685 leyantur.'’
1735 2613 1872 2667 Dum
1910 2615 1987 2669 illi
2027 2616 2129 2671 loci

143 2716 484 2789 proferantur
523 2718 727 2771 interea
769 2733 866 2787 ego
908 2731 1075 2769 unum
1131 2721 1339 2769 tantum
1391 2714 1563 2768 locum
1605 2715 1897 2787 producam
1938 2733 2002 2771 ex
2034 2734 2126 2772 an-

138 2818 287 2890 tiquo
327 2825 380 2872 et
420 2816 631 2872 erudito
680 2815 946 2879 Rhetore,
988 2815 1079 2887 qui
1122 2832 1226 2869 non
1281 2816 1350 2868 ita
1392 2815 1596 2887 pridem
1640 2833 1702 2870 ex
1756 2817 1996 2871 Parisino
2032 2818 2124 2873 Co·

139 2918 259 2974 dice
311 2918 508 2991 prodiit
548 2919 600 2971 in
658 2917 831 2972 lucem
874 2924 927 2972 et
985 2934 1157 2989 nuper
1207 2933 1236 2970 a
1289 2915 1569 2987 Spengelio
1620 2918 1883 2989 repetitus
1931 2923 2013 2973 est
2068 2919 2124 2971 in

142 3019 322 3075 Rbett.
361 3018 578 3074 Graecis
612 3018 651 3072 I.
694 3035 812 3089 pag.
852 3022 995 3074 437:
1037 3019 1089 3072 ἐν
1133 3025 1252 3077 ταῖς
1290 3015 1527 3082 λέξεσιν,
1570 3017 1782 3089 inquit,
1845 3018 1958 3077 ἔςαι
2009 3039 2121 3073 συν-

141 3122 339 3187 τομία,
381 3120 473 3174 ἐὰν
513 3125 619 3180 τοῖς
672 3126 924 3186 τροπικοῖς
962 3119 1103 3180 ἐνίοις
1140 3118 1315 3186 κυρίως
1362 3119 1532 3186 χρῷο,
1587 3116 1752 3187 ὥσπερ
1795 3120 2122 3186 Δημοσθένης

141 3224 212 3289 τῷ
259 3221 717 3290 ἀνεχαίτισεν.
772 3221 857 3276 δια
901 3224 1027 3286 μιᾶς
1068 3220 1172 3288 γὰρ
1225 3218 1412 3283 λέξεως
1453 3217 1565 3274 ὅλον
1624 3220 1888 3287 ἐπλήρωσε
1936 3221 2119 3287 νόημα.

142 3323 470 3393 Agnoscisne
511 3323 562 3376 in
602 3321 685 3375 his
727 3321 974 3376 idoneum
1012 3319 1285 3375 iudicem?
1369 3318 1513 3386 Quid·
1558 3320 1764 3390 igitur?
1827 3321 2123 3377 Videturne

147 3422 242 3477 tibi
283 3423 336 3476 in
373 3439 470 3477 suo
511 3421 862 3477 Demosthene
894 3421 1084 3493 legisse
1114 3421 1421 3488 ἀνεχαίτισε
1462 3420 1569 3475 καὶ
1605 3422 1938 3476 διέλυσενῖ
1981 3421 2121 3476 Num

148 3524 243 3577 hoc
284 3531 420 3580 essct
465 3524 549 3578 δια
589 3527 715 3589 μιάς
751 3522 938 3587 λέξεως
980 3522 1092 3578 ὅλον
1133 3523 1300 3586 νόημα
1339 3523 1644 3590 πληρῶσαιῖ
1707 3522 1800 3577 Est
1837 3521 1964 3577 illud
2005 3539 2121 3576 ver-
