2436 4068
1350 249 1454 299 4:28

393 399 687 450 tamentum
724 409 839 447 esse
880 392 1025 446 verbi
1059 391 1395 463 spurcissimi
1419 391 1681 458 κολεοέζειν
1718 391 1838 461 q.d.
1880 395 1949 452 εἰς
1987 394 2159 447 κολεὸν
2202 397 2368 459 ὠθεῖν,

389 483 552 536 sicuti
589 479 808 535 Sotades
852 479 1151 534 Ptolemaeo
1190 477 1534 550 Philadelpho
1575 479 1771 533 occinit
1819 497 2052 536 sororem
2106 482 2363 536 Arsinoen

389 571 441 624 in
485 567 827 623 matrimonio
866 566 1111 622 habenti:

687 657 759 715 εἷς
799 658 899 724 οὐχ
941 657 1076 718 ὁσίην
1117 657 1404 723 τρυμαλιὴν
1445 658 1503 709 τὸ
1544 657 1742 723 κέντρον
1782 657 1919 716 ὠθεῖς
1943 699 1956 718 ,

385 743 526 815 apud
578 741 770 796 Athen.
833 761 883 814 p.
924 747 1026 797 621
1085 745 1144 798 A.
1224 743 1359 797 Hinc
1410 749 1596 814 parata
1649 749 1730 796 est
1775 743 2039 816 Hesychio
2102 744 2367 799 medicina

389 832 476 886 ubi
517 847 660 886 nunc
701 830 913 886 editur:

687 918 1183 987 Κολεοὶζοντεςῑ
1227 922 1479 979 ὠθοῦντες.

686 1015 728 1060 Κ
744 1020 814 1061 ολ
832 1007 859 1061 tl
875 1027 897 1061 ο
913 1028 937 1061 ν
957 1028 1027 1062 τε
1043 1028 1066 1067 ς
1091 1027 1101 1060 :
1144 1008 1483 1075 περαίνοντες.

682 1094 1075 1160 Κολεοὶμοςε
1112 1095 1473 1164 ματαιόφρων.

686 1183 1109 1249 Romano-adq:
1170 1185 1227 1238 τὸ
1288 1183 1630 1250 περαίνεσθαι.
1689 1184 1965 1245 πεποίηται
2026 1183 2077 1236 δὲ
2134 1183 2238 1236 ἀπὸ
2280 1187 2367 1236 τοῦ

763 1271 991 1335 κόλου,
1045 1271 1131 1325 καὶ
1173 1272 1278 1325 ἀπὸ
1319 1275 1407 1324 τοῦ
1450 1271 1676 1325 καθιέναι
1716 1272 1787 1331 εἷς
1829 1271 1886 1324 τὸ
1947 1269 2158 1324 κόλον.
2219 1275 2367 1325 τοῦτο

765 1359 816 1412 δὲ
856 1359 1213 1426 κολεοὲζειν
1255 1358 1452 1424 ἔλεγον.

385 1448 526 1502 Haec
566 1445 745 1499 omnia
785 1447 842 1501 ἐκ
881 1454 974 1509 τῆς
1031 1454 1270 1512 Κωμικῆς
1325 1446 1512 1510 λέξεως
1556 1453 1733 1500 sumta
1784 1453 1912 1500 sunt
1963 1452 2017 1500 et
2068 1446 2145 1498 sic
2192 1463 2370 1500 emen·

384 1533 591 1590 danda:
653 1533 1159 1601 Κολεοέζοντεςτ
1202 1536 1438 1595 ὠθοῦντες
1479 1536 1550 1595 εἷς
1591 1533 1798 1599 κολεόν,
1839 1534 2178 1601 περαίνοντες.
2231 1534 2367 1588 Tum

383 1621 742 1687 Κοαλεμοςε
803 1622 1144 1690 ματαιόφρων
1182 1623 1480 1693 genuinum
1535 1630 1645 1686 est,
1698 1622 1788 1677 sed
1846 1622 1938 1693 qui
1987 1621 2115 1675 haec
2154 1621 2368 1692 collegit

383 1718 437 1766 et
485 1710 628 1764 κατα
670 1717 893 1779 ςοιχεῖον
955 1709 1219 1781 disposuit
1270 1711 1661 1781 grammaticus
1713 1718 1765 1764 et
1817 1710 1931 1781 ipse
1988 1708 2279 1775 κοάλεμος,
2321 1711 2367 1764 si

384 1799 506 1871 quis
537 1797 708 1860 alius,
753 1798 942 1852 vitiose
978 1799 1234 1869 scriptam
1272 1798 1503 1869 glossam
1542 1799 1596 1851 in
1635 1797 1878 1852 ordinem
1914 1798 2130 1868 recepit.
2214 1799 2364 1852 Prae-

384 1895 530 1943 terea
570 1884 916 1940 scribendum
973 1902 1090 1940 esse
1132 1893 1274 1957 patet
1332 1889 1437 1941 ἀπὸ
1491 1891 1579 1942 τοῦ
1640 1889 1856 1940 κολεοῦ
1911 1892 1964 1939 et
2019 1885 2244 1939 καθιέναι
2295 1887 2365 1946 εἰς

381 1977 468 2030 τὸν
523 1974 771 2028 κολεόν.
852 1972 1007 2045 Apud
1062 1973 1440 2045 Alciphronem
1483 1973 1875 2030 emendandum
1934 1981 2047 2028 est:
2104 1974 2366 2028 διανυκτε-

381 2062 544 2131 ρεύσει
605 2069 709 2122 τοῖς
771 2062 953 2125 ἧδίςοις
1011 2063 1214 2123 ἐκείνοις
1281 2063 1646 2121 ακολαςοὶσ
1659 2083 1828 2130 μασι
1890 2077 1989 2133 pro
2046 2060 2364 2127 κολασμασι.

382 2150 538 2206 Nulla
574 2149 669 2203 tibi
706 2148 772 2203 de
810 2165 867 2203 ea
906 2166 964 2204 re
999 2167 1279 2222 superesse
1322 2152 1518 2222 poterit
1560 2150 1853 2215 dubitatio,
1896 2149 1986 2204 ubi
2023 2149 2366 2221 perpenderis

384 2238 623 2311 perdocti
683 2238 1035 2293 Grammatici
1093 2239 1494 2293 annotationem
1551 2240 1605 2292 in
1656 2238 1820 2292 Bekk.
1878 2237 2080 2292 Anecd.
2137 2255 2186 2309 p.
2224 2241 2368 2300 567,

390 2332 473 2382 18.
516 2325 852 2381 emendatam
889 2343 917 2380 a
956 2327 1195 2381 Dohraeo
1223 2326 1289 2381 ad
1324 2326 1595 2398 Aristoph.
1638 2325 1867 2398 Lysistr.
1910 2342 1986 2379 vs.
2012 2329 2138 2380 599.
2201 2325 2366 2379 Ἀκό-

383 2430 592 2476 λαςος
641 2413 849 2482 ὄχλος
889 2417 1164 2482 Εὐριπίδης
1206 2414 1340 2484 ἔφη,
1380 2414 1716 2473 ακόλαςον
1756 2414 1808 2467 δὲ
1849 2415 2036 2479 σῶμα
2073 2417 2364 2481 Σοφοκλῆς.

381 2502 951 2568 οὶκολαςοέσματα
1005 2503 1054 2556 δὲ
1109 2503 1319 2568 λέγουσι
1379 2503 1676 2571 κατακόρως
1729 2503 1772 2555 οἱ
1821 2501 2168 2567 Ἐπικούρειοι.
2229 2503 2366 2563 πλὴν

382 2593 468 2647 καὶ
509 2589 905 2658 Ἀναξανδρίδης
957 2590 1209 2658 κέχρηται
1263 2599 1327 2659 τῇ
1367 2591 1507 2655 λέξει
1558 2590 1645 2645 καὶ
1702 2588 2062 2658 Ἀριςοφοένης.
2146 2588 2366 2643 Notissi-
2432 2647 2433 2651 ,

314 2750 318 2753 ¹
383 2698 505 2736 mus
546 2687 627 2734 est
666 2678 943 2750 Euripidis
982 2679 1130 2734 locus
1171 2682 1223 2733 in
1261 2678 1478 2734 Hecuba
1522 2695 1598 2733 vs.
1637 2682 1762 2733 607.
2320 2668 2328 2676 ’

326 2762 334 2770 ‘
683 2767 942 2828 ἀκόλαςος
983 2767 1140 2836 ὄχλος
1187 2770 1400 2831 ναυτική
1441 2770 1489 2821 τ’
1527 2766 1744 2831 οέταξιά.
2428 2824 2429 2829 ,

460 2854 772 2926 Sophoclem
803 2856 1061 2914 ακόλαςον
1095 2857 1237 2922 ςόμα
1281 2856 1405 2929 (non
1428 2854 1601 2927 σῶμα)
1645 2854 1846 2909 dixisse
1874 2853 2144 2924 suspicor,
2185 2869 2366 2922 quem-
2424 2852 2429 2926 f

385 2942 671 2999 admodum
711 2943 997 3014 Euripides
1037 2946 1089 2998 in
1134 2943 1322 2999 Oreste
1353 2944 1514 2998 dixit:
2225 2962 2232 2966 ·
2424 2934 2426 2940 ’

686 3030 946 3088 οέκόλαςον
987 3032 1115 3100 ἔσχε
1155 3038 1432 3097 γλῶσσαν,
1475 3033 1722 3100 αἰσχίςην
1762 3030 1932 3091 νόσον,

386 3128 438 3176 et.
479 3121 534 3174 in
572 3118 821 3172 Bacchis:

688 3205 958 3264 οὶκολοέςων
999 3209 1239 3274 ςοματων
1281 3244 1352 3251 --
1394 3210 1451 3262 τὸ
1490 3209 1638 3268 τέλος
1678 3206 1922 3273 δυςυχιά.

460 3293 616 3367 Apud
650 3294 1062 3366 Aristophanem
1094 3303 1246 3350 vetus
1280 3297 1549 3367 scriptura
1585 3300 2246 3349 ΑΚΟΛΑΣΤΑΣΜΛΤΑ
2290 3294 2364 3345 in-
2413 3306 2417 3364 J

386 3392 466 3439 ter
506 3381 805 3437 scribarum
862 3398 1055 3436 manus
1104 3383 1235 3437 abiit
1290 3384 1343 3436 in
1398 3383 1619 3439 οέκόλας’
1673 3383 1896 3450 ᾅσματα
1950 3382 2002 3434 in
2061 3382 2363 3453 Lysistrata
2411 3450 2413 3459 Α

385 3489 460 3525 VS.
499 3474 624 3525 599.

697 3560 891 3613 τοιαῦτ’
934 3561 1028 3611 ἀπ’
1069 3561 1236 3612 αὐτῶν
1277 3560 1381 3616 ἐςὶν
1423 3559 1717 3615 <imizam-⁹
1760 3558 2075 3626 ᾄσματα,

389 3648 476 3703 cui
536 3646 749 3704 ‘tandem
813 3646 1084 3702 Dobraeus
1143 3647 1573 3712 οὶκολαςασματα
1635 3645 1865 3702 reddidit
1891 3689 1900 3702 ,
1964 3645 2143 3700 eadem
2208 3662 2362 3715 opera
