2436 4068
7 3 38 27 l*

0 0 29 206 r·
1045 163 1147 213 851

0 223 28 364 ,ᾗ
93 311 273 374 ἡνίκα,
312 309 565 371 ὁπηνίκα,
605 310 890 368 τηνικαῦτα
931 309 1057 360 452.

0 391 6 483 ἰ
100 400 159 462 ἤν
196 418 302 457 πως
341 397 600 462 δύνωμαι,
637 394 791 454 εἷπως
830 393 1033 448 δύναιτο
1071 401 1125 449 et
1164 394 1285 450 sim.
1331 397 1476 456 229.
1521 397 1663 459 426,
1702 396 1830 448 580.

0 486 6 575 f
93 484 361 551 ἠντεβόλει
401 500 503 537 non
545 481 802 548 ἠντιβόλει
842 488 896 535 et
935 482 1054 535 sim.
1101 485 1223 536 157.

0 578 4 581 ’
93 571 363 636 ἠπιότητος
400 603 476 611 —
514 570 820 634 ἠλιθιότητος
867 571 984 623 147.

0 619 6 746 Ι
92 661 337 724 ἠπιςῆθην
376 659 443 713 ab
481 659 739 723 ἕπίςαμαι
781 660 910 711 572.

90 745 222 810 {imo
259 779 336 789 -
373 747 563 812 ἥπτετο
605 749 731 800 555.

0 757 4 912 ,
89 835 352 903 Ἠρακλέα
383 866 460 875 -
496 838 727 901 Ἡρακλῆ
766 835 891 887 641.

0 914 23 983 ί.
88 926 333 993 ᾗρῆσεται
373 929 428 978 et
465 922 587 976 sim.
629 924 756 976 241.

0 996 3 1078 J
89 1010 224 1078 -ηρός
265 1010 504 1084 (nomina
543 1008 620 1083 in)
663 1016 724 1063 ut
761 1007 1031 1076 μελιτηρός
1072 1011 1194 1062 174.

0 1083 2 1147 ἶ
87 1097 242 1167 ἦρξαν
279 1102 369 1154 τοῦ
410 1097 638 1164 πολέμου
669 1129 746 1138 -
777 1096 990 1166 ἤρξαντο
1027 1095 1254 1161 πολέμου
1293 1100 1419 1151 557.

0 1195 2 1265 j
85 1193 169 1250 ·ἥς
207 1202 305 1258 pro
340 1217 417 1227 —
454 1193 527 1247 εἷς
576 1186 629 1239 in
670 1192 939 1250 Σινωπῆς,
974 1192 1227 1253 Μεγαρῆς
1266 1190 1320 1239 et
1358 1185 1478 1240 sim.
1519 1190 1647 1241 550.

0 1297 2 1334 ι
83 1295 166 1338 οης
204 1280 259 1329 et
298 1294 368 1335 ·ις
406 1271 628 1329 confusa
667 1273 724 1328 in
761 1273 1036 1341 δραπέτις,
1074 1272 1301 1343 προδότις
1340 1279 1395 1329 et
1433 1273 1552 1329 sim.
1598 1278 1720 1329 148.

87 1358 215 1424 ἦσαν
253 1394 330 1405 —-
360 1362 518 1431 ᾔεσαν
539 1403 555 1427 ,
593 1359 724 1431 ἦσαν
763 1364 893 1417 545.

11 1463 24 1475 ““
86 1449 217 1520 ἦσαν
249 1482 327 1492 -
357 1450 515 1519 ᾔεσαν
555 1452 684 1504 487.

82 1537 246 1607 ἦσαν,
284 1538 409 1607 ᾔτην
445 1568 524 1578 —
558 1537 744 1607 ᾔδεσαν
783 1539 915 1595 684.

8 1637 14 1692 ᾗ
82 1624 213 1695 ἦσαν
250 1656 327 1667 —
364 1622 485 1680 ἴσαν
526 1628 656 1681 777.

8 1722 20 1773 fi
82 1713 254 1779 ἥσουσι
294 1744 364 1754 -
403 1714 583 1783 ᾄσουσι
624 1715 752 1769 250.

11 1805 21 1883 ξ
81 1800 232 1866 ἧσσον
269 1832 346 1843 --
383 1798 547 1863 ἥσσων
586 1804 718 1858 254.

79 1889 172 1961 ὖςε
209 1921 287 1931 -
317 1887 396 1946 ἷςε
437 1891 563 1944 684.

80 1980 205 2048 ᾔτην
242 2009 319 2019 —-
356 1976 530 2041 εἴτην,
571 1977 684 2041 ἴτην
722 1981 852 2036 544.

78 2066 343 2132 ἠτίμωμαι
381 2095 459 2107 -
496 2066 794 2133 ἠτίμασμαι
837 2070 960 2121 754.

78 2157 392 2222 ἠτιμώσεται
433 2161 486 2210 el
526 2155 648 2208 sim.
689 2157 819 2211 241.

77 2245 291 2309 ἤτοι-
327 2244 391 2308 ἥ,
431 2259 535 2297 non
575 2248 763 2298 contra
803 2245 896 2299 62.

78 2333 108 2396 ἠ
146 2337 245 2387 τῶν
283 2364 358 2377 -
397 2330 562 2396 ἥττων
600 2333 727 2386 659.

77 2416 190 2490 ἦχα
228 2451 305 2462 -
340 2420 562 2488 α’γήοχα
604 2422 730 2475 700.

1027 2529 1092 2576 Θ.

78 2692 464 2741 ΘΛΛΛΜΟῙΣ
502 2715 579 2725 ·-
618 2691 1052 2740 ΟΦΘΑΛΜΟΙΣ
1091 2687 1217 2739 611.

73 2777 502 2843 θαλαττοκρατῶν
540 2805 616 2815 -
654 2772 1080 2842 θαλαττοκράτωρ
1122 2776 1252 2830 508.

72 2866 274 2933 θανατςῖ
312 2893 388 2904 -
424 2860 643 2917 θανάτου
688 2864 811 2916 155.

73 2950 289 3011 θάνατος
332 2950 457 3024 (non
498 2948 739 3022 θανάτου)
779 2949 942 3018 ζημία
979 2949 1242 3019 πρόκειται
1286 2952 1411 3005 771.

71 3041 258 3095 θᾶττον
295 3039 325 3102 ἣ
361 3036 529 3103 βάδην
570 3041 696 3093 458.

70 3125 353 3194 θαυμάσιος
391 3157 468 3167 —
503 3124 767 3192 θαυμαςός
809 3129 936 3182 507.

70 3212 444 3281 θαυμάσομαι,
487 3229 591 3268 non
631 3211 880 3278 θαυμάσω
923 3215 1052 3271 256.

70 3304 261 3371 θεαροῖς
299 3332 375 3343 -
411 3299 635 3370 θεάτροις
675 3304 803 3357 559.

76 3389 329 3458 Θεαρίδαν
367 3420 442 3430 -
481 3389 727 3458 Θεωρίδην
765 3393 892 3446 559.

74 3478 320 3545 Θεαρίδης
359 3508 434 3517 -
470 3477 723 3541 Θεασίδης
763 3481 890 3533 559.

73 3567 279 3621 θεᾶσθαι
319 3597 391 3606 —
433 3562 711 3620 θεάσασθαι
750 3572 803 3622 et
842 3567 963 3622 sim.
1006 3567 1130 3619 629.
