2436 4068
1281 198 1388 248 266

355 342 662 402 admonitus
699 340 842 395 videt
890 339 1216 410 Dinarchum
1266 339 1661 405 ἐπιλησομένους
1716 339 1952 397 dixisse?
2034 343 2183 410 Quod
2233 347 2323 415 qui

357 433 566 505 primus
617 431 858 484 omnium
892 427 1025 480 vidit
1081 426 1412 498 StephanuS,
1468 428 1620 497 quasi
1675 444 1761 482 res
1809 429 1970 485 dubia
2019 438 2159 486 esset
2198 433 2331 486 satis

360 520 549 575 hab'uit
587 519 642 571 in
684 516 927 585 margine
966 515 1323 586 suspicionem
1367 531 1563 585 ponere
1601 514 1861 590 Π(ο’τερον)
1904 520 2329 586 ἐπιλησομένους;

357 617 413 663 at
453 607 593 660 idem
631 607 686 658 in
728 603 999 657 Thesauro
1039 608 1186 656 certa
1225 602 1594 657 emendatione
1634 620 1731 657 sua
1772 606 1965 662 utitur.

436 696 559 748 Post
598 689 957 745 Alexandrum
996 691 1223 756 λήσομαι
1263 708 1358 762 pro
1395 693 1534 755 λὴσω
1578 691 1735 746 multi
1780 701 2070 766 coeperunt
2118 695 2333 758 dicere,

357 783 513 837 cuius
553 780 630 833 rei
671 780 956 832 innumera
1006 778 1247 850 exempla
1298 785 1458 832 sunt:
1513 779 1604 833 alii
1645 797 1735 834 eas
1785 780 1984 835 formas
2031 783 2335 853 promiscue

356 874 618 940 usurpant
667 867 823 920 modo
874 869 1014 930 λήσω
1068 867 1362 922 scribentes
1403 868 1657 922 Veterum
1698 886 1995 934 memoreS‚
2047 869 2203 924 modo
2239 888 2332 941 po-

355 957 530 1029 pulari
571 972 718 1009 more
756 957 1015 1020 λήσομαι,
1056 954 1196 1026 quod
1231 963 1283 1010 et
1324 957 1378 1009 iu
1418 957 1654 1010 Luciano
1693 959 2013 1012 notavimus
2095 957 2331 1012 Tandem

351 1048 578 1111 λήσομαι
619 1042 819 1097 evaluit
864 1049 917 1096 et
957 1059 1140 1097 omnes
1179 1061 1240 1098 eo
1289 1043 1397 1098 solo
1444 1044 1762 1100 utebantur:
1818 1045 2164 1116 quamobrem
2217 1063 2331 1102 cre-

352 1135 449 1189 bro
488 1133 774 1202 antiquum
803 1129 1016 1185 dicendi
1056 1147 1214 1185 usum
1250 1131 1457 1187 scribae
1498 1134 1552 1186 ἐκ
1593 1141 1684 1196 τῆς
1734 1133 1996 1195 συνηθείαις
2049 1134 2331 1205 interpola·

352 1229 500 1277 runt.
581 1221 639 1274 In
673 1218 908 1272 Platonis
943 1218 1034 1289 qui
1070 1217 1244 1272 fertur
1275 1219 1546 1275 Alcibiade
1580 1221 1645 1275 11.
1686 1238 1736 1292 p.
1764 1225 1869 1275 138
1909 1221 1964 1274 B.
2006 1228 2152 1276 recte
2187 1239 2331 1278 nunc

352 1310 566 1366 editur:
607 1308 778 1363 οὔκουν
818 1308 957 1362 δοκεῖ
1002 1327 1076 1361 σοι
1123 1315 1321 1371 πολλῆς
1361 1310 1670 1375 προμηθείας
1712 1309 2033 1377 προσδεῖσθαι
2084 1308 2218 1372 ὅπως
2257 1313 2331 1377 μὴ

347 1401 494 1463 λήσει
535 1418 614 1457 τις
653 1396 809 1450 αὑτὸν
851 1395 1130 1462 εὐχόμενος
1169 1396 1395 1461 μεγάλοι
1448 1397 1628 1460 κακῶς
1674 1397 1728 1450 in
1779 1396 1939 1452 Codd.
1993 1405 2074 1452 est
2111 1401 2329 1462 λήσεται

351 1489 542 1550 αὑτὸν,
587 1483 811 1547 λήσεταί
849 1503 928 1543 τις
968 1483 1155 1547 αὑτὸν,
1196 1484 1252 1537 in
1293 1501 1400 1538 uno
1454 1487 1588 1553 λύσῃ
1624 1506 1703 1546 τις
1746 1485 1931 1539 aurbu:
1986 1485 2116 1542 haec
2157 1489 2332 1559 prima

349 1584 430 1631 est
481 1573 609 1628 mali
661 1571 838 1626 labes:
895 1571 1224 1641 quicumque
1277 1573 1422 1626 enim
1462 1572 1680 1627 Codices
1729 1573 1956 1628 Graecos
1999 1575 2156 1646 paulo
2208 1575 2326 1630 dili-

344 1664 559 1735 gentius
615 1659 847 1731 inspexit
906 1659 1217 1730 saepissime
1275 1659 1409 1714 vidit
1468 1660 1716 1714 librarios
1767 1659 1900 1723 ὅπως
1955 1669 2008 1717 et
2066 1662 2198 1725 ὅπως
2246 1665 2322 1730 μή

345 1769 470 1811 cum
512 1747 842 1804 coniunctivi
879 1747 1093 1801 aoristis
1143 1747 1502 1818 coniungere,
1546 1747 1638 1801 ubi
1679 1755 1884 1804 veteres
1923 1750 2201 1805 indicativi
2242 1750 2325 1806 fu-

345 1849 526 1895 turum
576 1837 894 1910 posuissent.
975 1834 1459 1906 Deprehenduntur
1514 1835 1898 1893 homunciones
1942 1838 1995 1892 in
2043 1838 2193 1894 foeda
2246 1842 2323 1895 in-

348 1927 730 2000 terpolatione,
782 1923 1109 1994 ubicumque
1155 1940 1259 1977 non
1301 1939 1409 1978 una
1448 1923 1645 1977 vocalis
1701 1923 1992 1981 discrimen
2041 1927 2206 1994 facit,
2266 1937 2328 1985 ut

344 2020 400 2072 in
433 2015 581 2078 4ὅπως
629 2013 872 2078 δόξομεν,
912 2012 1174 2077 σώσομεν,
1214 2014 1488 2078 ποιήσομεν
1511 2053 1523 2075 ,
1563 2011 1911 2080 φυλαξόμεθοι
1949 2022 2050 2070 etc.
2106 2016 2198 2072 sed
2238 2035 2321 2072 ao·

344 2106 464 2160 risti
502 2103 672 2158 forma
711 2119 742 2155 a
776 2100 960 2154 futuro
999 2098 1283 2170 discrepat.
1366 2099 1687 2170 Scriptitant
1725 2108 1901 2156 tamen
1949 2100 2082 2166 ὅπως
2118 2106 2326 2161 πείσων·

343 2199 512 2257 rufi,
563 2189 811 2253 δῆἕητοιι,
868 2187 1122 2251 &wigurm
1178 2186 1319 2258 apud
1360 2187 1685 2242 Herodotum
1712 2230 1726 2253 ,
1785 2189 2083 2258 φεύξητοει,
2136 2195 2326 2258 πεύση-

347 2302 471 2345 ται,
531 2280 650 2346 ε’ρῇ,
700 2277 990 2343 mist-purus,
1052 2277 1357 2343 λήψωντοιι,
1415 2274 1732 2340 τεύξωντοει,
1792 2279 2157 2345 πλεύσωνται,
2217 2283 2326 2338 vidi

349 2383 560 2441 quoque
606 2363 740 2425 ὅπως
781 2365 1117 2432 φανήσωντικι
1160 2369 1213 2416 et
1265 2362 1463 2417 similia
1501 2379 1686 2434 saepe,
1739 2370 1793 2418 et
1840 2363 1974 2429 ὅπως
2016 2368 2228 2426 ἔσσονται
2275 2379 2330 2426 et

344 2456 478 2516 ὅπως
533 2453 831 2514 ἀποδώσητε
888 2459 941 2506 et
999 2450 1101 2504 alia
1158 2449 1467 2504 huiusmodi
1523 2452 1737 2522 passim.
1831 2453 1919 2508 Sic
1973 2455 2142 2527 igitur
2196 2458 2323 2513 olim

348 2544 483 2605 ὅπως
530 2543 603 2609 μὴ
655 2542 788 2608 mbo-171
842 2560 919 2600 τις
978 2545 1166 2592 natum
1217 2545 1333 2604 est,
1389 2538 1579 2593 deinde
1620 2540 1798 2593 nescio
1845 2542 1967 2612 quis
2019 2543 2328 2601 soloecismo

354 2649 551 2688 novum
592 2629 963 2683 soloecismum
1002 2625 1283 2681 substituit
1321 2624 1456 2687 ὅπως
1490 2629 1564 2692 μὴ
1596 2629 1822 2691 λήσεταί
1857 2651 1972 2696 τις,
2010 2633 2150 2703 quod
2183 2652 2330 2691 mon-

354 2729 528 2777 strum
570 2719 674 2773 viri
714 2716 857 2770 docti
896 2720 1274 2786 procurarunt.

429 2807 573 2862 Nihil
622 2804 731 2859 vidi
786 2820 1043 2874 umquam
1084 2801 1289 2856 foedius
1326 2818 1486 2873 quain
1538 2803 1677 2875 quod
1730 2805 2037 2877 Apollonius
2091 2808 2330 2867 Rhodius

357 2895 574 2967 scripsit
614 2894 668 2946 in
704 2891 1082 2963 Argonauticis
1120 2890 1212 2944 ΙΙΙ.
1257 2894 1383 2944 756.

656 2980 791 3049 ὄφρα
829 2986 1018 3042 τοκῆας
1059 2980 1302 3043 Λήσομοιι
1344 2979 1615 3034 ἐντύνουσα
1657 2980 1976 3050 ὑπόσχεσιν,

358 3078 410 3128 et
449 3071 496 3124 is
538 3075 718 3123 tamen
770 3067 871 3122 sihi
918 3065 1132 3120 videtur
1178 3066 1364 3137 lingua
1403 3067 1684 3123 Homerica
1733 3069 1896 3140 loqui.
1974 3071 2174 3144 Nempe
2225 3093 2330 3145 non

357 3160 530 3214 solum
568 3159 793 3222 λήσομαι
835 3160 1172 3226 praepostere
1208 3153 1344 3208 dixit
1377 3171 1473 3225 pro
1504 3158 1643 3220 λήσω
1681 3157 1884 3228 plebem
1918 3158 2330 3220 Alexandrinam

375 3467 378 3470 ,
445 3417 480 3484 ¹)
532 3427 588 3466 Ne
629 3423 867 3464 Dindorfius
903 3426 1070 3476 quidem
1106 3425 1279 3464 sustulit
1314 3429 1435 3478 turpe
1471 3426 1617 3465 vitium
1662 3418 1790 3469 ὅπως
1833 3418 1892 3475 δή
1939 3416 2003 3478 μή
2043 3420 2195 3462 ταῦτα
2247 3419 2328 3461 καὶ

359 3486 504 3532 αὐτοὶ
537 3487 803 3530 mimum
836 3492 879 3529 in
914 3493 1102 3544 Procopii
1140 3482 1454 3535 ’Λνεκὸότοις
1487 3508 1527 3546 p.
1562 3494 1669 3534 134.
1738 3495 1851 3533 Idem
1886 3495 1928 3533 in
1981 3493 2165 3532 eiusdem
2217 3493 2328 3532 bello

356 3563 531 3602 Gothico
550 3562 581 3601 Ι.
622 3560 678 3599 13
716 3573 757 3612 p.
781 3558 854 3599 71.
890 3560 1068 3597 servavit
1102 3550 1232 3602 ὅπως
1267 3548 1319 3594 δὲ
1353 3550 1637 3609 οἷκούσησθε
1670 3554 1830 3613 πρᾴως
1863 3567 1905 3600 et
1941 3561 2014 3601 ΙΙΙ,
2043 3559 2116 3600 11,
2152 3575 2192 3614 p,
2218 3561 2324 3600 323.

351 3623 479 3671 ὅπως
511 3620 574 3678 μή
604 3617 871 3678 παρὲξωσιν
903 3630 946 3663 et
980 3626 1055 3664 alia
1091 3626 1405 3667 eiusdemmodi.
