2436 4068
1319 223 1424 273 596

395 375 455 422 ut
495 369 696 438 opinor.
777 365 1018 419 Laudant
1064 381 1246 418 omnes
1286 363 1512 418 Phaedri
1555 365 1728 417 locum
1781 383 1828 436 p.
1873 371 1978 421 256
2020 368 2073 420 B.
2118 370 2227 436 περὶ
2267 373 2365 435 μὲν

392 457 603 519 τούτου,
645 453 678 508 ὦ
719 456 883 523 φίλε,
937 456 1007 513 εἷς
1048 453 1145 512 τας
1187 452 1363 517 ὁμοίας
1415 451 1597 516 λαβὰς
1654 452 1940 517 ἐλήλυθας,
2002 457 2123 526 quis
2179 457 2362 511 credat

391 544 709 605 ἀνελήλυθας
752 541 857 594 dici
908 539 1176 611 potuisse?
1258 538 1495 593 Emenda
1546 540 1739 608 igitur:
1795 541 1880 593 καὶ
1923 542 2055 609 τάχ’
2098 543 2160 597 ἂν
2199 544 2357 606 ἰόντες

388 634 459 692 εἷς
496 631 593 689 τας
636 629 811 693 ὁμοίας
852 627 969 688 ἴσως
1011 649 1116 687 πως
1157 629 1406 690 αλλήλοις
1446 629 1900 694 συγχωρήσαιμεν.
1981 629 2230 684 Senserat
2266 632 2359 684 ali·

390 719 511 789 quis
550 716 612 770 ἄν
653 716 855 786 requiri
898 721 950 769 et
984 732 1149 786 quum
1201 732 1316 769 eam
1366 715 1606 768 voculam
1650 716 1701 767 in
1741 716 1964 775 οὲνιόντες
2005 716 2217 772 latitare
2257 737 2360 772 non

387 804 856 859 animadvertisset
894 803 1066 857 alieno
1107 802 1220 856 loco
1259 803 1489 856 inseruit
1529 802 1594 855 de
1634 819 1746 855 suo,

464 893 545 946 Ex
584 890 911 965 Cyropaedia
964 908 1130 944 unum
1181 891 1354 945 locum
1410 890 1545 944 addo
1581 890 1719 944 Vlll.
1762 908 1834 943 ιιι.
1878 895 1966 945 55.
2033 893 2142 945 ἐπεὶ
2185 894 2363 947 ἐδεδει-

389 981 648 1043 πνήκεσαν
687 979 759 1033 τοὶ
801 980 1093 1045 ἐκπώματα
1133 981 1308 1046 αὐτῷ,
1348 976 1383 1033 ἃ
1425 977 1594 1043 ἔλαβε
1632 979 1774 1045 παρα
1816 979 2003 1047 Κύρου,
2043 981 2362 1046 ἐμπιμπλὰς

386 1067 627 1135 προῦπινε
672 1068 778 1140 [καὶ
822 1067 1094 1139 ἐδωρεῖτο].
1176 1065 1394 1119 Addidit
1446 1066 1534 1120 καὶ
1575 1067 1798 1133 ἐδωρεῖτο
1841 1068 2018 1121 nescio
2067 1069 2219 1138 quiS,
2273 1069 2361 1121 cui

388 1171 490 1209 non
534 1161 649 1209 erat
685 1155 814 1208 satis
854 1162 1040 1208 notum
1085 1153 1296 1207 dicendi
1337 1170 1504 1224 genus
1550 1155 1850 1208 Atticorum
1892 1155 2112 1222 προπίνω
2152 1158 2206 1210 τί
2236 1177 2361 1218 τινι,

391 1242 531 1314 quod
572 1241 840 1311 significat
878 1243 1189 1311 φιλοτησίαν
1224 1242 1321 1295 τινὶ
1358 1243 1574 1308 προπιὼν
1614 1242 1867 1309 δωροῦμαί
1903 1264 1972 1299 τι.
2051 1245 2165 1298 Iam
2206 1250 2362 1298 antea

390 1333 444 1385 in
489 1329 718 1385 Anabasi
752 1329 865 1383 Vll.
910 1347 985 1383 111.
1027 1334 1114 1383 26.
1169 1330 1510 1401 reposuimus
1547 1330 1766 1396 προπίνω
1819 1351 1892 1384 σοι
1933 1332 2018 1385 τὸν
2057 1330 2210 1386 ἵππον
2250 1351 2362 1386 του·

387 1419 508 1473 τονί.
589 1418 823 1471 Manavit
878 1416 1007 1471 haec
1061 1417 1383 1488 significatio
1433 1434 1497 1472 ex
1547 1434 1606 1471 eo
1659 1417 1860 1487 quod&
1918 1419 2163 1486 προπίνων
2217 1436 2364 1474 more

387 1507 588 1562 Graeco
636 1506 890 1576 exiguum
944 1503 1198 1559 haustum
1255 1523 1318 1559 ex
1369 1504 1557 1577 poculo
1610 1505 1849 1560 delibans
1900 1507 2039 1578 quod
2092 1506 2359 1578 reliquum

386 1595 499 1648 vini
554 1595 694 1648 inest
746 1592 798 1645 id
848 1591 1004 1646 alteri
1059 1593 1380 1664 epotandum
1419 1594 1666 1665 porrigit.
1745 1593 1943 1648 Locum
1995 1595 2362 1666 Xenophontis

386 1700 450 1737 ex
489 1681 654 1738 Anah.
690 1680 804 1735 VII.
847 1697 902 1734 n.
948 1684 1035 1734 25.
1091 1681 1178 1734 καὶ
1222 1682 1363 1735 κατα
1417 1683 1502 1736 τὸν
1551 1683 1766 1752 Θρᾴκιον
1806 1682 1952 1747 νόμον
2001 1683 2194 1750 κέρατα
2234 1683 2360 1737 οἴνου

385 1770 749 1839 προῦπινον
790 1786 956 1840 quum
999 1767 1242 1822 laudaret
1281 1769 1471 1824 Athen.
1511 1771 1599 1824 XI.
1645 1787 1695 1841 p.
1731 1773 1838 1823 476
1879 1769 1931 1823 C.
1975 1770 2180 1824 scribae
2213 1771 2359 1838 προῦ-

387 1880 544 1914 τεινον
596 1858 894 1922 dederunt,
944 1856 1084 1928 quod
1127 1864 1306 1911 ortum
1362 1865 1442 1912 est
1483 1875 1545 1913 ex
1600 1858 1768 1912 veteri
1822 1858 2090 1928 scriptura
2142 1867 2362 1912 ΠΡΟΤ-

383 1955 681 2002 ΠΕΙΝΟΝ.
762 1945 974 2017 Optime
1026 1945 1359 2016 comparabis
1418 1963 1540 2000 cum
1598 1945 1993 2017 Xenophonteis
2052 1946 2211 2000 verba
2265 1947 2360 2001 De-

384 2034 682 2089 mosthenis
721 2032 785 2087 de
819 2033 877 2087 F.
915 2033 971 2087 L.
1015 2038 1043 2106 §
1082 2037 1204 2087 159.
1265 2033 1414 2088 ἄλλα
1453 2056 1511 2088 τε
1553 2035 1730 2089 πολλοὶ
1768 2030 1862 2088 οἷον
1902 2033 2233 2102 αἰχμάλωτα
2272 2035 2359 2088 καὶ

383 2127 603 2178 τοιαῦτα
644 2121 730 2175 καὶ
770 2126 1023 2175 τελευτῶν
1061 2122 1333 2187 ἐκπώματ’
1371 2123 1573 2189 ἀργυροῖ
1613 2123 1699 2177 καὶ
1755 2126 1932 2190 χρυσοῖ
1970 2122 2235 2190 προῦπινεν
2270 2127 2361 2178 αὖ·

384 2217 511 2271 τοῖς.
594 2210 770 2263 Etiam
821 2207 920 2262 hoc
960 2208 1074 2262 loco
1111 2209 1396 2276 προῦτεινεν
1438 2210 1494 2263 in
1531 2209 1862 2281 quibusdam*
1894 2210 2046 2265 libris
2085 2218 2180 2265 est.
2258 2212 2360 2265 Ea—

387 2298 506 2352 dem
542 2296 783 2352 confusio
820 2303 1040 2367 apparet
1076 2297 1129 2349 in
1165 2296 1349 2351 eadem
1386 2296 1532 2352 Orat.
1576 2300 1602 2368 ς
1638 2301 1761 2351 1⁰28.
1842 2298 1922 2352 Ex
1954 2297 2220 2369 frequenti
2257 2315 2361 2352 usu

387 2386 550 2440 huius
590 2385 875 2439 locutionis
911 2390 1037 2438 nata
1077 2391 1157 2439 est
1196 2385 1561 2457 metaphorica
1603 2384 1953 2455 significati0‚
1994 2402 2099 2457 qua
2138 2387 2358 2453 προπίνω

385 2489 481 2545 pro
538 2473 954 2540 καταπροδίδωμι
1008 2478 1255 2544 coeptum
1311 2479 1394 2528 est
1450 2473 1591 2538 dici,
1651 2473 1793 2527 unde
1851 2473 1980 2529 haec
2039 2480 2166 2527 sunt
2218 2473 2360 2546 apud

384 2561 795 2616 Demosthenem
861 2560 1217 2615 audacissime
1270 2560 1531 2616 translata
1581 2568 1635 2616 et
1685 2563 2248 2630 παρακεκινδυνευμένα
2303 2563 2362 2616 in

387 2648 706 2722 Olynthiaca
738 2649 901 2703 tertia
940 2652 1084 2721 §22
1125 2648 1183 2712 ἐξ
1219 2645 1278 2702 οὗ
1316 2650 1359 2704 δ’
1399 2652 1441 2704 οἱ
1478 2652 1803 2718 διερωτῶντες
1838 2651 1977 2715 ὑμᾶς
2017 2648 2150 2705 οὗτοι
2187 2653 2360 2720 πεφή-

388 2759 504 2793 νασι
550 2740 776 2806 ῥήτορες·
840 2737 939 2791 »τί
986 2737 1352 2802 βούλεσθες
1399 2740 1466 2793 τί
1517 2737 1786 2807 ymb-{acm
1844 2738 1910 2792 τί
1965 2740 2119 2803 ὑμῖν
2167 2739 2359 2806 χαρί-

387 2847 468 2880 σω
485 2826 697 2892 μαι;”
752 2823 1072 2892 προπέποται
1124 2833 1217 2888 τῆς
1272 2827 1570 2893 παραυτίκα
1622 2827 1838 2895 χάριτος
1891 2826 1963 2880 τοὶ
2010 2834 2103 2889 τῆς
2162 2825 2358 2886 πόλεως

385 2913 726 2981 πράγματα,
782 2930 940 2985 quem
1011 2913 1187 2968 locum
1249 2921 1531 2986 propterea
1584 2915 1877 2986 pleniorem
1949 2913 2245 2985 adscripsi,
2301 2921 2360 2968 ut

389 3001 559 3056 obiter
599 3018 761 3072 grave
799 3000 1056 3056 mendum
1097 3003 1332 3057 eximere
1371 3002 1572 3057 liceret.
1652 3000 2058 3056 Emendandum
2098 3001 2239 3054 enim
2282 3002 2359 3055 sie

390 3105 506 3145 esse
546 3105 765 3143 censeo:
825 3090 880 3143 τί
931 3091 1181 3155 βούλεσθε
1218 3091 1440 3158 γράψω,
1488 3089 1550 3145 ἵν’
1603 3091 1723 3155 ὑμῖν
1771 3089 2106 3157 χαρίσωμαις
2159 3087 2360 3143 Eadem

392 3177 616 3232 audacia
657 3175 789 3230 dicit
824 3177 879 3230 in
922 3175 1065 3231 Orat.
1121 3177 1186 3233 de
1238 3178 1440 3232 Corona
1483 3182 1511 3249 §
1551 3181 1685 3231 296:
1739 3179 1830 3240 τὴν
1884 3177 2168 3243 ἐλευθερίαν
2218 3197 2361 3244 προ-

391 3264 788 3325 πεπωκότες
842 3264 1076 3331 πρότερον
1114 3267 1211 3330 μὲν
1264 3266 1504 3333 Φιλίππῳ
1544 3270 1628 3319 νῦν
1668 3266 1711 3318 δ’
1750 3263 2088 3333 Ἀλεξάνδρῳ.
2169 3266 2359 3333 Προπί-

390 3375 489 3408 νειν
535 3360 714 3407 autem
762 3368 857 3424 pro
915 3351 1196 3418 προπιόντα
1253 3354 1509 3420 δωρεῖσθαι
1567 3352 1767 3422 legitur
1815 3359 1868 3406 et
1922 3352 2062 3425 apud
2123 3352 2361 3408 Comicus

394 3455 814 3514 nonnumquam.
894 3439 1231 3494 Damoxenus
1275 3439 1468 3495 Athen.
1511 3456 1561 3510 p.
1600 3442 1708 3493 468
1749 3439 1807 3493 F.

843 3528 984 3596 ῥυτὸν
1025 3527 1294 3596 δίκρουνον,

838 3618 1098 3679 ’Ἄλκωνος
1141 3615 1298 3684 ἔργον.
1341 3615 1578 3684 προῦπιεν
1618 3615 1669 3670 δέ
1708 3618 1795 3682 μοί
1831 3637 1954 3673 ποτε
