2436 4068
997 211 1102 260 455

143 364 200 417 ln
253 361 292 435 §
331 364 421 415 52.
478 358 560 411 bis
615 355 823 425 corrige
871 353 1068 423 ἔφυγον
1122 371 1217 425 pro
1267 352 1489 423 ἔφευγον
1545 362 1598 410 et
1657 357 1843 428 supple
1898 360 1939 411 οἱ
1997 360 2039 412 δ’

63 453 318 511 ’Έλληνες
360 444 473 522 (εἷς)
530 444 788 499 τάναντία
836 443 1122 511 ςρέψοοντες
1176 441 1387 511 ἔφυγον.
1466 443 1626 498 Peius
1665 445 1827 498 etiam
1882 445 2043 500 habet

66 535 439 609 imperfectum
481 534 571 588 lv.
615 550 683 586 lv.
728 534 818 584 21.
871 533 972 598 οὐχ
1018 531 1300 596 ὑπέμειναν
1337 533 1464 586 ἀλλ’
1503 531 1814 601 ἔφευγον.

139 625 496 680 Soloecismus
531 619 775 674 fraudem
810 619 983 688 aperit
1020 618 1108 671 lv.
1151 636 1220 672 1v.
1270 623 1353 673 11.
1414 622 1443 683 ἡ
1483 620 1609 687 χιὼν
1642 621 1913 690 ἀπέκρυψε
1951 623 2040 676 καὶ

62 713 135 769 τὰ
175 710 317 766 ὅπλα
357 711 444 766 καὶ
498 710 616 770 τοὺς
675 706 1003 779 [ἀνθρώπους]
1064 706 1486 772 κατακειμένους.
1567 708 2045 779 Transposuissent.

66 799 222 856 modo
256 799 481 860 ultima;
520 796 612 852 sed
651 795 915 867 optimum
956 791 1102 847 factu
1142 800 1224 847 est
1262 794 1525 849 emblema
1564 812 1826 852 resecare.
1906 797 2040 851 Ibid.

62 888 152 944 1v.
193 906 262 942 iv.
310 892 394 942 15.
448 903 553 941 non
599 892 808 955 χρῖσμα
863 882 956 938 sed
1000 889 1175 950 χρῖμα
1222 881 1567 936 scribendum
1624 901 1740 938 esse
1794 884 1921 939 alibi
1966 885 2043 939 di-

61 976 292 1048 ligenter
338 974 689 1030 ostendimus.
769 972 1091 1044 Sequiorum
1144 976 1226 1024 est
1271 971 1510 1038 χρίσμα,
1572 978 1632 1025 ut
1684 974 1918 1039 πρίσμα,
1957 975 2045 1029 κύ-

63 1078 271 1131 λισμα,
311 1062 493 1128 ἕύσμα
544 1069 598 1117 et
636 1061 856 1116 omnino
899 1058 1212 1113 terminatio
1250 1079 1386 1123 -σμα
1433 1058 1839 1130 praecedentem
1891 1079 2048 1116 voca-

62 1152 166 1208 lem
223 1151 383 1206 habet
434 1156 768 1222 correptam,
808 1155 861 1203 et
905 1146 995 1201 ubi
1032 1145 1190 1216 longa
1230 1147 1427 1201 vocalis
1466 1154 1548 1201 est
1590 1169 1622 1202 σ
1664 1165 1767 1202 non
1806 1148 2042 1204 additur.

62 1242 324 1310 Κέχριμοιι
366 1239 525 1294 hahet
562 1245 775 1307 χρῖμα,
818 1243 880 1291 ut
917 1237 1153 1302 μήνιμα,
1195 1234 1286 1289 sed
1320 1235 1549 1303 ἔζωσμαι
1590 1237 1779 1304 ζῶμα,
1820 1237 2045 1305 κέχρωσ·

64 1350 163 1397 μοιι
217 1334 445 1397 χρῶμα,
512 1327 786 1395 κέχωσμοιι
862 1326 1063 1392 χῶμα,
1121 1321 1389 1390 {ymo-(coci
1441 1329 1666 1390 γνῶμα,
1736 1325 2042 1392 κέκρουσμοοι

65 1422 281 1486 κροῦμα.
341 1417 449 1472 Cur
486 1422 648 1483 κρῖμα
687 1421 740 1468 et
774 1421 946 1479 κλῖμα
978 1411 1209 1466 habeant
1249 1413 1483 1483 priorem
1524 1412 1839 1484 productam
1862 1455 1878 1478 ,
1917 1412 2046 1466 alibi

66 1513 317 1562 accurate
356 1503 655 1559 ostendam.
734 1502 888 1556 Nunc
941 1500 1115 1554 obiter
1154 1516 1323 1553 unum
1380 1498 1446 1555 de
1485 1518 1679 1572 genere
1733 1501 1833 1555 hoc
1886 1501 2050 1554 attin·

66 1610 227 1666 gam,
285 1594 539 1665 quoniam
597 1592 652 1645 in
712 1590 889 1644 vicino
947 1587 1062 1642 loco
1122 1587 1488 1659 Xenophontis
1543 1589 1744 1662 legitur
1794 1580 2078 1660 corrupta

70 1681 256 1737 forma.
335 1682 536 1753 Nempe
568 1680 656 1734 IV.
699 1697 747 1733 v.
791 1682 879 1732 27.
940 1677 995 1730 in
1036 1676 1286 1730 omnibus
1325 1676 1477 1731 libris
1515 1686 1597 1732 est
1636 1678 1723 1732 καὶ
1757 1678 1914 1744 μάλα
1955 1676 2047 1740 ἡδὺ

67 1772 128 1826 τὸ
185 1771 336 1836 πόμα
393 1769 468 1833 ἦν.
550 1767 652 1823 Sed
710 1765 1037 1837 Xenophon,
1095 1772 1157 1818 ut
1212 1764 1433 1820 Veteres
1473 1782 1686 1820 summa
1746 1765 2050 1820 constantia

2 1926 6 1932 ²
69 1874 291 1923 omneS,
347 1857 566 1929 scripsit
604 1856 662 1911 τὸ
711 1860 890 1921 πῶμα.
970 1853 1126 1908 Certa
1170 1852 1491 1908 Graecitatis
1535 1854 1809 1926 analogia,
1865 1859 2050 1908 certus

0 1967 6 1982 κ·
69 1945 319 2018 loquendi
360 1961 492 1998 usus
546 1943 820 2016 postulant
859 1947 921 1996 ut
956 1941 1157 2013 ubique
1197 1943 1387 1996 vitiosa
1438 1941 1821 1997 Graeculorum
1878 1940 2052 1996 forma

68 2036 128 2091 τὸ
163 2034 313 2100 πόμα
348 2034 403 2087 in
457 2034 515 2087 τὸ
557 2038 716 2098 πῶμα
771 2029 1104 2085 emendetur.
1184 2031 1259 2085 De
1301 2046 1406 2102 qua
1443 2047 1502 2085 re
1542 2048 1710 2102 quum
1760 2031 1934 2085 obiter
1972 2030 2050 2084 di-

68 2124 265 2178 xissem
327 2120 528 2193 aliquid
589 2119 655 2174 ad
715 2118 1132 2190 Alciphronem‚
1186 2135 1287 2172 non
1330 2118 1547 2189 probavi
1602 2117 1703 2172 hoc
1749 2119 2047 2182 Meinekio,

68 2211 163 2283 qui
210 2210 278 2265 ad
327 2207 528 2264 Moschi
584 2206 737 2281 Idyll.
774 2207 865 2261 111.
911 2211 999 2261 78.
1052 2211 1213 2271 πῶμα
1268 2206 1467 2261 dixisse
1508 2208 1714 2262 Atticos
1754 2206 2052 2262 concedens

29 2283 198 2353 'nnec
234 2307 406 2352 tamen
444 2297 590 2360 iden,
632 2295 842 2367 inquit,
884 2294 1034 2361 πόμα
1082 2294 1454 2350 Graeculorum
1497 2304 1698 2350 tantum
1734 2314 1843 2350 esse
1881 2296 2052 2349 dicere

69 2386 281 2442 debebat
329 2386 586 2449 Cebetas,
625 2384 729 2438 nisi
777 2386 913 2455 sorte
953 2384 1110 2437 eliam
1160 2381 1426 2437 Pindarus
1479 2382 1626 2438 Nem.
1666 2384 1759 2439 111.
1808 2388 1936 2438 155.
1996 2384 2052 2436 in

77 2475 344 2531 Graeculis
395 2473 661 2528 habendus
707 2481 798 2526 est.
878 2471 981 2526 Sed
1037 2471 1252 2525 Cobclus
1302 2471 1523 2526 δείνωσιν
1561 2473 1759 2526 amal.'’
1837 2470 2049 2526 Nullam

68 2578 184 2619 esse
234 2564 287 2616 in
331 2562 430 2617 hac
482 2578 540 2617 re
577 2562 833 2624 δείνωσιν,
875 2559 967 2615 sed
1002 2576 1120 2614 eam
1156 2558 1578 2615 observationem
1622 2577 1803 2615 veram
1845 2568 1899 2614 et
1938 2576 2050 2614 cer·

39 2658 181 2707 ·tam
220 2667 336 2705 esse
376 2649 511 2705 dabo
550 2666 766 2722 operam
829 2655 887 2703 ut
928 2647 1221 2703 venerabili
1276 2650 1391 2702 seni
1443 2649 1840 2714 demonstrem,
1880 2664 2048 2719 quum

39 2730 305 2812 'primum
346 2737 478 2792 mihi
518 2738 628 2806 περὶ
673 2736 1048 2805 παρεφθορυίας
1089 2734 1276 2800 λέξεως
1335 2737 1476 2808 quod
1514 2739 1569 2791 in
1611 2738 1792 2792 animo
1833 2744 1915 2791 est
1956 2752 2051 2809 per

68 2826 237 2882 otium
278 2825 546 2881 scribendi
587 2826 739 2898 copia
777 2823 1010 2878 dabitur.
1090 2824 1150 2878 ln
1188 2823 1405 2878 Pindari
1446 2825 1588 2881 loco:

373 2913 651 2982 κιρναμένα
689 2915 732 2968 δ’
772 2913 900 2981 ἔερσ’
940 2912 1182 2981 ἀμφέπει
1219 2912 1227 2986 Ι
1262 2913 1392 2978 πόμ’
1429 2915 1656 2982 ἀοίδιμον
1676 2958 1691 2982 ,

70 3001 331 3075 Bergkius
382 3020 486 3058 non
539 3002 764 3058 sormam
819 3000 970 3066 πόμα
1025 2999 1368 3072 improbans,
1426 3002 1519 3058 sed
1574 3003 1704 3075 quid
1753 2988 2074 3058 sententiae

70 3098 255 3163 aptum
311 3099 452 3146 esset
504 3107 767 3163 quaerens
812 3097 968 3144 acute
1018 3088 1140 3155 ςόμ’
1191 3090 1419 3156 ἀοίδιμον
1476 3092 1720 3147 coniecit.
1802 3088 2050 3145 Graeculi

73 3179 198 3251 quia
250 3180 400 3245 πόμα
453 3179 704 3235 dicebant
743 3178 880 3251 ipsi,
940 3178 1134 3231 vitium
1176 3176 1275 3232 hoc
1333 3178 1529 3251 ubique
1584 3181 1747 3235 etiam
1808 3177 2051 3249 iugulato

73 3274 245 3321 metro
283 3268 577 3323 obtrudunt
621 3267 939 3331 Veteribus,
980 3265 1203 3331 ἔκπωμα
1246 3267 1373 3339 quia
1415 3285 1519 3322 non
1561 3268 1793 3341 amplius
1832 3274 1947 3321 erat
1993 3266 2048 3319 in

0 3375 1 3445 ᾗ
73 3370 176 3409 usu
218 3372 481 3428 nusquam
525 3355 666 3429 quod
704 3357 871 3411 sciam
912 3356 967 3409 in
1004 3354 1212 3421 ἔκπομα
1265 3358 1654 3430 corrumpitur.
1735 3355 1835 3411 Sed
1871 3354 2046 3408 dicam

74 3441 140 3498 de
180 3442 264 3497 his
305 3444 562 3516 explicate
598 3444 749 3500 alias.

156 3529 213 3584 ln
251 3529 338 3584 lV.
380 3548 447 3586 iv.
493 3537 579 3587 17.
630 3533 944 3601 ἐρωτώμενος
988 3534 1038 3588 δὲ
1078 3534 1308 3596 ποδαπὸς
1356 3535 1450 3598 εἴη.
1541 3536 1819 3605 Scriptura
1860 3530 2052 3586 multo-

79 3634 200 3674 rum
235 3617 519 3684 librorum,
558 3621 617 3676 τὸ
644 3623 871 3685 ποδαπός
892 3665 906 3686 ,
942 3623 1088 3678 intus
1123 3623 1397 3679 continere
1427 3623 1640 3679 videtur
1665 3638 1842 3676 veram
1872 3620 2049 3676 lectio-
