2436 4068
1034 251 1103 307 67

77 404 330 471 δραπέτην
363 401 643 470 ἀφικέσθαι
681 400 888 456 volebat
920 398 1217 455 ostendere.
1301 397 1525 468 Saepius
1559 393 1699 450 idem
1735 394 1927 449 vitium
1957 412 2070 450 ora-

82 493 280 546 tionem
323 488 574 561 deturpat
614 488 976 563 Thucydidis,
1016 488 1111 559 qui
1152 486 1358 541 obsitus
1393 490 1475 540 est
1514 483 1842 554 importunis
1880 482 2074 537 emble·

82 578 243 633 matis
288 576 515 632 subinde
567 576 947 650 perabsurdiS‚
999 592 1212 646 semper
1252 573 1474 629 insulsis
1513 579 1567 626 et
1609 571 1855 625 inficetis.
1936 571 2078 625 Indi·

83 665 213 720 cabo
248 666 443 736 raptim
480 682 650 720 unum
686 673 740 720 et
778 663 1010 718 alterum
1053 662 1259 717 locum:
1302 662 1422 716 libr.
1456 660 1542 714 VI.
1584 677 1630 713 c.
1664 663 1754 714 55.
1794 673 2079 725 καταλαμ·

84 753 302 820 βαίνουσι
342 756 434 816 τὴν
487 752 824 818 Σαλαμινίαν
884 750 1052 824 [ναῦν]
1105 751 1163 803 ἐκ
1201 755 1299 804 τῶν
1339 751 1558 813 Ἀθηνῶν
1613 748 1833 813 ἤκουσαν
1888 747 1976 802 ε’πί
2021 768 2082 802 τε

83 841 399 908 Ἀλκιβιάδη
446 841 533 914 [ὥς
574 840 919 900 κελεύσοντας
976 837 1260 910 ἀποπλεῖν]
1320 839 1372 898 ἐς
1418 837 1716 903 ἀπολογίαν
1756 834 1819 891 ὧν
1860 838 1889 900 ἡ
1930 834 2082 896 πόλις

85 928 318 985 ἐνεκάλει
354 930 442 983 καὶ
485 929 569 983 ἐπ’
608 926 804 989 ἄλλους
841 927 988 987 τινας
1028 932 1126 980 τῶν
1163 930 1453 993 ςρατιωτῶν
1475 966 1490 986 ,
1536 925 1627 978 ubi
1663 940 1908 995 expunge
1946 939 2086 994 quae

86 1018 303 1074 uncinis
343 1015 680 1071 inclusimus
760 1015 892 1083 Quis
933 1031 1036 1068 non
1075 1013 1329 1085 intelligit
1365 1029 1528 1083 quam
1566 1012 1705 1066 male
1739 1013 1940 1067 Graece
1974 1011 2083 1066 dic·

85 1113 203 1162 tum
243 1106 314 1160 sit
352 1105 406 1159 in
445 1121 508 1159 ea
544 1121 603 1159 re
641 1107 706 1166 ὥς
746 1104 1091 1164 κελεύσοντας
1125 1104 1424 1166 ἀποπλεῖν,
1464 1100 1619 1171 quasi
1659 1116 1784 1154 vero
1822 1101 2084 1155 οὲποπλεῖν

86 1194 186 1250 hoc
221 1200 363 1248 esset
396 1199 491 1247 aut
528 1192 670 1247 ullus
704 1191 924 1246 voculae
959 1194 1023 1252 ὡς
1057 1197 1199 1244 esset
1232 1189 1396 1244 locus,
1478 1188 1642 1242 Recte
1677 1186 1936 1241 scribitur
1968 1196 2089 1258 post

86 1299 258 1355 pauca
309 1298 424 1353 cap.
458 1285 546 1336 61.
600 1281 893 1346 πέμπουσιν
943 1277 1072 1334 οὕτω
1124 1280 1216 1341 τὴν
1274 1277 1611 1343 Σαλαμινίαν
1675 1274 1843 1348 [ναῦν]
1903 1276 1990 1329 ἐπί
2028 1296 2087 1330 τε

87 1372 271 1426 ἐκεῖνον
312 1370 399 1424 καὶ
442 1368 507 1425 ὧν
545 1369 659 1437 πέρι
699 1367 876 1422 ἄλλων
915 1368 1208 1434 ε’μεμήνυτο
1244 1372 1460 1439 praeter
1498 1363 1703 1436 puerile
1745 1363 1890 1417 istud
1931 1368 2086 1427 ναῦν,

88 1458 228 1531 quod
268 1460 388 1529 quis
429 1458 495 1512 ab
533 1459 647 1530 ipso
694 1456 951 1511 historico
1005 1455 1250 1510 additum
1291 1470 1408 1508 esse
1447 1451 1844 1507 arbitrabitur?
1925 1450 2089 1506 Plane

89 1545 264 1602 simile
296 1554 378 1601 est
422 1547 617 1600 vitium
654 1545 769 1599 Vll.
814 1548 904 1599 74.
961 1546 1055 1608 τὴν
1092 1544 1145 1599 δὲ
1178 1542 1422 1612 Πάραλον
1470 1541 1638 1615 [ναῦν]
1686 1539 2090 1606 ἀποπέμπουσιν
2139 1611 2141 1613 ¹

90 1635 141 1696 ἐς
180 1635 280 1696 τὰς
319 1635 559 1698 Ἀθήνας.
639 1634 845 1689 Iterum
886 1632 976 1688 ἐπί
1016 1631 1280 1702 glossema
1333 1630 1540 1703 peperit
1582 1628 1693 1683 VII.
1739 1632 1788 1683 7.
1830 1628 1853 1682 ὅ
1894 1628 2090 1683 Γύλιπ-

90 1742 185 1784 πος
240 1723 324 1777 ἐπὶ
366 1721 585 1791 epau-ndu
635 1743 696 1776 τε
737 1721 904 1791 ᾤχετο
956 1721 1044 1775 καὶ
1083 1720 1326 1782 ναυτικὴν
1375 1720 1462 1774 καὶ
1504 1716 1716 1785 πεζικὴν
1776 1714 2084 1790 [ξυλλέξων]

90 1810 180 1866 καὶ
233 1817 332 1865 τῶν
382 1809 583 1865 πόλεων
633 1807 754 1876 ἅμα
805 1807 1186 1878 προσαξόμενος
1232 1807 1281 1862 εἴ
1331 1829 1410 1868 τις
1452 1807 1561 1861 κτέ.
1617 1804 1709 1859 ubi
1744 1805 1829 1858 ἐπὶ
1871 1805 2091 1873 ςρατιὰν

90 1898 259 1967 ᾤχετο
299 1898 600 1969 significat,
640 1905 702 1952 ut
742 1899 956 1970 opinor,
995 1896 1164 1965 ᾤχετο
1202 1895 1421 1964 ςρατιαν
1461 1892 1723 1958 ξυλλέξων
1746 1934 1758 1956 ,
1803 1900 1863 1947 ut
1903 1894 2090 1949 rectis·

94 1987 231 2041 sime
261 1993 656 2057 componantur
692 1985 862 2054 ᾤχετο
896 1985 982 2039 ἐπὶ
1016 1983 1233 2053 ςρατιοέν
1266 2004 1335 2037 τε·
1363 1983 1450 2036 καὶ
1492 1981 1898 2050 προσαξόμενοςε
1942 1998 2091 2053 prae-

93 2082 241 2130 terea
280 2073 456 2129 scribe
501 2075 589 2128 καὶ
631 2074 809 2142 πεζήν.
888 2073 1149 2145 Compara
1199 2087 1324 2126 cum
1368 2070 1455 2124 his
1494 2086 1633 2140 quae
1674 2069 2093 2124 Valckenaerius

91 2162 159 2217 ad
201 2161 392 2217 Herod.
428 2161 542 2216 VII.
587 2166 715 2216 195.
756 2161 988 2233 collegit.
1069 2159 1284 2215 Similes
1321 2157 1609 2213 sciolorum
1654 2157 2093 2229 interpolationes

92 2251 195 2306 sibi
247 2251 476 2321 quisque
528 2248 674 2303 facili
725 2250 940 2320 negotio
990 2247 1288 2321 permultas
1324 2246 1575 2317 colliget,
1635 2246 1728 2317 qui
1774 2262 1880 2301 non
1929 2246 2093 2299 nimis

91 2339 465 2395 vetustissimas
498 2337 830 2392 membranas
865 2337 1213 2392 venerabitur
1248 2343 1342 2391 aut
1383 2333 1678 2407 quamlibet
1713 2333 1972 2388 orationis
2004 2349 2096 2403 ne-

91 2426 407 2499 gligentiam
445 2434 654 2497 yratam
692 2442 810 2480 esse
847 2425 951 2480 sibi
998 2423 1360 2497 persuadebit.
1438 2423 1553 2478 Non
1597 2420 1795 2476 multos
1835 2421 2096 2476 habemus

94 2514 304 2571 codices
354 2514 584 2570 Graecos
637 2513 928 2568 Platonicis
966 2519 1235 2568 vetustate
1283 2519 1339 2567 et
1382 2511 1486 2567 fide
1525 2527 1719 2583 pareS‚
1770 2516 1827 2564 at
1879 2509 1962 2564 vel
2013 2510 2095 2565 sic

94 2610 275 2659 tamen
317 2601 545 2674 puerilia
578 2600 898 2657 emblemata
936 2601 1078 2673 apud
1118 2601 1396 2655 Platonem
1426 2606 1714 2672 apparent,
1754 2598 1952 2670 quibus
1985 2615 2096 2653 om-

93 2693 180 2748 nis
217 2691 478 2746 orationis
521 2691 667 2744 nitor
702 2697 759 2746 et
805 2696 1062 2744 venustas
1101 2696 1154 2744 et
1195 2690 1409 2761 saepius
1458 2690 1574 2760 ipsa
1622 2688 1891 2742 sententia
1938 2686 2096 2759 plane

95 2779 321 2853 disperit
353 2786 413 2833 ut
446 2771 870 2834 facundissimus
902 2777 1215 2833 mortalium
1254 2784 1348 2832 aut
1382 2776 1666 2850 pueriliter
1700 2775 1969 2830 balbutire
1997 2782 2096 2830 aut

99 2866 234 2923 nibil
273 2866 453 2922 dicere
504 2866 768 2922 videatur.
848 2866 990 2935 Quid
1035 2866 1261 2939 impedit
1299 2882 1406 2938 quo
1445 2866 1628 2920 minus
1667 2863 1775 2919 duo
1811 2863 1976 2919 huius
2013 2865 2097 2919 rei

96 2954 371 3011 luculenta
426 2954 670 3027 exempla
726 2971 1036 3028 expromam
1083 2962 1135 3009 et
1175 2954 1252 3008 sic
1304 2953 1372 3008 ad
1408 2953 1763 3008 Menandrum
1818 2952 2094 3008 revertar?

14 3045 22 3051 ’
99 3043 158 3100 ln
200 3043 438 3099 Platonis
470 3042 688 3099 Philebo
741 3060 790 3116 p.
830 3047 912 3099 15.
952 3043 1010 3098 B.
1064 3041 1278 3098 editur:
1318 3047 1426 3104 πῶς
1467 3043 1683 3109 λέγειςς
1724 3040 1759 3097 ὦ
1801 3043 2091 3110 Σώκρατες.

15 3134 21 3171 '=
98 3133 188 3189 οἴει
229 3133 335 3200 γάρ
371 3152 490 3187 τινα
540 3132 1018 3206 [συγχωρήσεσθαι]
1073 3131 1277 3198 θέμενον
1331 3131 1504 3194 ἡδονὴν
1556 3129 1686 3186 εἶναι
1726 3131 1959 3197 τάγαθὸν
2000 3126 2096 3183 εἶτ’

98 3220 371 3285 ἀνέξεσθαί
404 3241 493 3276 σου
542 3220 806 3286 λέγοντος·
828 3221 929 3283 τὰς
970 3220 1066 3286 μὲν
1102 3217 1238 3275 εἷναί
1271 3240 1417 3282 τινας
1469 3221 1682 3285 ἀγαθὰς
1719 3218 1899 3283 ἡδονάς
1922 3260 1936 3280 ,
1993 3217 2093 3278 τὰς

97 3301 151 3364 &A
190 3330 335 3371 τινας
370 3310 547 3378 ἑτέρας
585 3312 756 3365 αὐτῶν
790 3308 992 3372 nando,
1036 3307 1128 3363 ubi
1168 3307 1515 3363 manifestum
1555 3314 1665 3372 est,
1704 3308 1926 3379 opinor,
1967 3325 2093 3370 συγ·-

5 3453 13 3458 ,
98 3399 420 3466 χωρήσεσθαι
462 3414 492 3452 a
532 3396 865 3452 maleseriato
904 3396 1149 3451 additum
1196 3398 1429 3469 expungi
1463 3403 1743 3469 oportere,
1785 3402 1846 3448 ut
1884 3399 2096 3447 caetera

15 3553 38 3572 ..
102 3486 402 3540 rectissime
457 3493 511 3542 et
564 3494 626 3541 ut
679 3484 952 3542 Platonem
1009 3484 1162 3540 decet
1215 3485 1357 3540 dicta
1417 3486 1542 3539 sint.
1637 3484 1695 3537 ln
1754 3479 2096 3554 Euthydemo

14 3591 19 3605 ·
105 3590 153 3644 p.
184 3575 309 3628 295.
352 3575 411 3629 Ε.
452 3576 504 3629 in
544 3574 795 3629 omnibus
830 3572 982 3627 libris
1026 3580 1139 3629 est:
1181 3577 1336 3636 αλλ’,
1379 3577 1420 3628 εἰ
1460 3575 1598 3627 δοκεῖ
1631 3591 1744 3633 σοι,
1784 3569 2094 3635 Εὐθύδημε,

104 3661 226 3717 οὕτω
271 3669 464 3726 ποιεῖν,
503 3665 749 3727 ποιητέον.
793 3667 856 3718 σὺ
896 3663 1000 3731 γαρ
1043 3661 1249 3724 παντως
1293 3682 1390 3717 που
1432 3661 1645 3716 κάλλιον
1690 3659 1939 3717 ἐπίςασαι
1988 3659 2093 3713 δια-
