2436 4068
1014 211 1120 263 289

73 357 385 426 διαιρουμένη
420 356 518 409 ὑπὸ
556 361 654 409 τῶν
689 357 877 423 ἐχθρῶν
916 354 1000 409 ἵνα
1037 356 1250 418 ἀσθενὴς
1292 353 1544 422 γένηται,
1602 357 1668 414 ὥς
1704 357 1747 409 οἱ
1787 357 2043 411 Λακεδαι·

73 447 230 512 μόνιοι
260 446 353 506 τὴν
388 445 440 496 ἐν
478 444 729 514 Ἀρκαδία
759 442 1024 509 Μεγάλην
1060 442 1210 497 πόλιν
1245 444 1481 512 διῴκισαν
1522 441 1701 517 (Codd.
1742 443 2048 519 διῴκησαν),

73 533 166 588 ubi
204 531 359 586 utilia
398 533 676 586 annotavit
728 531 1145 586 Valckenaerius
1170 572 1185 598 ‚
1229 549 1280 603 p.
1315 537 1441 589 171.
1520 530 1894 587 Nobilissimus
1932 550 2050 587 om-

72 622 223 676 nium
246 626 329 675 est
355 619 697 674 ὂΜαντινέων
730 617 1007 684 διοικισμός
1029 659 1043 681 ,
1083 618 1148 673 de
1176 636 1281 691 quo
1318 619 1442 675 vide
1478 619 1952 692 Harpocrationem
1994 624 2050 676 in

69 726 120 763 v.
161 715 214 763 et
249 709 585 779 scripserunt
630 705 919 778 Xenophon
947 748 961 770 ,
1001 706 1298 772 Isocrates,
1337 708 1588 780 Ephorus
1615 751 1628 774 ,
1672 715 1724 763 et
1758 708 1885 764 hinc
1929 710 2048 765 Dio-

16 789 25 808 ⁸
68 794 232 851 dorus
259 837 272 859 ,
314 794 541 859 Strabo,
585 793 908 857 PausaniaS,
948 792 1058 848 alii.
1139 795 1429 867 Xenophon
1460 797 1513 850 in
1556 796 1758 852 Hellen.
1793 797 1854 852 V.
1898 817 1952 853 11.
1998 804 2046 854 7.

72 882 462 955 Spartanorum
500 883 856 937 admiratione
894 889 1210 936 occaecatus
1247 881 1311 936 de
1346 882 1437 936 illo
1480 885 1642 938 exitio
1688 884 2050 943 nobilissimae

68 972 307 1027 civitatis
344 988 406 1026 ea
442 970 672 1036 scribit,
714 986 852 1041 quae
893 986 1086 1033 nemo,
1129 969 1235 1023 nisi
1271 970 1364 1040 qui
1399 971 1677 1041 perfidiam
1711 981 1888 1040 amat,
1933 976 2050 1031 sine

0 1061 2 1121 ζ
67 1059 437 1131 indignatione
477 1067 530 1114 et
565 1060 647 1113 ira
682 1058 841 1130 leget.
889 1058 1003 1113 Non
1035 1058 1218 1113 minus
1252 1058 1656 1129 Xenophontem
1695 1078 1857 1132 quam
1893 1063 2050 1136 Spar-

18 1154 223 1203 tanos
264 1155 494 1219 tangunt
528 1163 666 1219 quae
710 1164 894 1202 severe
936 1147 1252 1219 pronuntiat
1294 1147 1546 1220 Polybius
1575 1147 1662 1202 IV.
1707 1153 1794 1204 27.
1839 1151 1902 1224 (οἱ
1936 1162 2048 1208 Λα·

0 1258 27 1362 p
66 1235 394 1309 κεδαιμόνιοι)
443 1242 724 1296 Μαντινεῖς
767 1237 954 1304 φίλους
1009 1236 1159 1297 ὄντας
1213 1256 1302 1290 και
1347 1235 1667 1306 συμμάχους
1727 1239 2046 1312 [αναςοέτους

65 1323 395 1396 ποιήσαντες]
452 1326 542 1378 οὐκ
581 1323 791 1393 ἔφασαν
842 1325 1038 1379 αἰδικεῒν
1076 1325 1135 1379 ἐκ
1170 1328 1299 1390 μιᾶς
1347 1325 1543 1388 πόλεως
1597 1329 1668 1389 εἰς
1706 1330 1915 1391 πλείους
1955 1335 2046 1387 αὖ·

0 1404 20 1458 2}
62 1413 182 1474 τοὺς
221 1413 571 1474 διοικίσαντες.
642 1414 828 1467 ’Άνοια
881 1413 1026 1479 μετὰ
1065 1413 1254 1474 κακίας
1294 1414 1352 1468 τὸ
1403 1415 1564 1470 δοκεῖν
1615 1416 1706 1471 ἐοέν
1757 1439 1836 1480 τις
1889 1422 2046 1482 αὐτὸς

0 1489 25 1561 ff.
66 1500 260 1569 ἐπιμύη
290 1501 422 1566 μηδὲ
452 1502 570 1561 τοὺς
606 1500 776 1562 πέλας
809 1501 952 1567 ὁρᾶν,
993 1501 1047 1555 in
1093 1517 1198 1572 quo
1231 1499 1346 1555 loco
1373 1504 1726 1575 expungenda
1762 1523 1879 1562 esse
1922 1526 2047 1564 cen-

0 1564 25 1634 Ῐ
65 1604 156 1644 seo
206 1588 370 1643 verba
413 1587 708 1651 ἀναςάτους
762 1590 1069 1652 ποιήσαντες
1096 1631 1110 1653 ,
1167 1605 1304 1660 quae
1349 1593 1670 1647 sententiam
1720 1606 1946 1651 onerant
1994 1606 2049 1655 et

15 1679 17 1684 ’
66 1675 383 1748 impediunt.
462 1677 523 1732 In
564 1693 627 1732 ea
673 1693 732 1731 re
767 1676 1091 1731 alterutrum
1133 1678 1333 1748 optime
1372 1680 1625 1753 ponitur,
1666 1681 1758 1736 sed
1794 1683 1900 1739 duo
1941 1688 2047 1742 ἰσο·

62 1765 272 1830 δύναμα
306 1764 447 1820 male
479 1767 904 1836 coniunguntur.
947 1765 1243 1830 IsocrateS,
1285 1767 1376 1838 qui
1411 1769 1466 1821 in
1499 1769 1828 1843 Panegyrico
1868 1778 2044 1846 §1242

63 1851 273 1908 dixerat
303 1853 397 1915 τὴν
427 1853 523 1919 μέν
555 1875 622 1919 γε
655 1853 953 1909 Μαντινέων
991 1853 1140 1909 πόλιν
1174 1856 1366 1923 εἰρήνης
1402 1857 1491 1919 ἤδη
1532 1861 1887 1925 γεγενημένης
1919 1864 2046 1919 οἰνα-

61 1961 219 1998 ςατον
259 1941 538 2005 ἐποίησαν,
600 1941 740 1997 idem
780 1942 847 1997 de
888 1943 1024 1997 Pace
1063 1947 1092 2014 §
1137 1947 1258 1998 100.
1315 1960 1474 1999 sensu
1518 1945 1699 2002 eodem
1744 1952 2043 2016 Μαντινέας

61 2030 115 2084 δὲ
153 2029 391 2098 διῴκισαν
425 2031 662 2102 scripsit.
744 2029 943 2086 Eodem
991 2030 1147 2086 modo
1185 2031 1484 2087 Phocenses
1508 2075 1521 2097 ‚
1564 2035 1705 2106 apud
1744 2036 1876 2093 alios
1924 2058 2037 2096 sae-

62 2134 127 2190 pe
156 2116 416 2173 dicuntur
446 2118 698 2176 ἀνάςατοι
738 2118 1049 2184 γεγονέναι,
1103 2118 1245 2191 apud
1297 2121 1739 2187 Demosthenem,
1784 2134 1846 2181 ut
1885 2129 2041 2185 modo

61 2205 330 2270 vidimus,
377 2206 688 2275 διῳκισμένοι
737 2226 882 2261 κατα
919 2208 1119 2273 κώμας.
1198 2207 1280 2262 Ex
1313 2208 1505 2264 iisdem
1550 2210 1681 2266 locis
1720 2215 1919 2286 optime
1957 2234 2042 2273 ae-

60 2294 271 2349 stimari
312 2295 510 2366 poterit
543 2293 754 2348 bonitas
787 2295 1130 2350 coniecturae
1165 2295 1370 2351 Reiskii
1410 2299 1466 2352 in
1506 2298 1621 2354 loco
1652 2301 1838 2358 Dionis
1871 2305 2039 2381 Chry-

57 2382 279 2438 scotomi
338 2381 485 2437 Orat.
527 2380 732 2437 XLVII.
795 2382 1049 2439 Tum-11.
1107 2399 1159 2456 p.
1215 2388 1343 2442 225.
1406 2387 1458 2440 ἐν
1509 2389 1768 2462 ἐλευθερία
1829 2398 2039 2459 μαλλον

14 2473 259 2545 ᾖροῦντο
296 2491 385 2525 και
424 2471 713 2526 διοικεῖσθαι
748 2492 893 2526 κατα
931 2473 1111 2539 κώμας
1151 2482 1258 2535 τοῖς
1293 2474 1581 2543 βαρβαροις
1620 2479 1799 2544 ὁμοίως
1842 2483 1871 2547 ἢ
1904 2493 2036 2554 σχῆ-

15 2596 26 2608 ..
53 2580 136 2627 μα
172 2559 373 2620 πόλεως
425 2559 512 2614 καὶ
565 2559 723 2626 ὄνομα
771 2559 943 2630 ἔχειν,
995 2563 1296 2617 rectissime
1351 2564 1600 2621 Reiskius
1649 2568 1940 2638 διῳκίσθαι,
1982 2582 2036 2629 et.

0 2611 28 2699 {k
54 2663 210 2720 saepe
248 2645 457 2701 videbis
489 2648 697 2716 ᾠκίσθαι
746 2649 885 2720 apud
928 2650 1183 2722 Tragicos
1222 2652 1275 2705 in
1317 2654 1557 2709 οἰκεῖσθαι
1611 2672 1725 2712 esse
1779 2658 2034 2732 deprava-

12 2702 210 2808 llum,
268 2742 330 2790 ut
385 2735 528 2808 apud
588 2735 733 2791 Stob.
792 2738 848 2791 in
900 2738 1012 2794 Ecl.
1071 2738 1230 2813 Phys.
1273 2739 1364 2794 111.
1407 2745 1495 2797 47.
1554 2745 1878 2803 αέποικεισθαι
1939 2768 2034 2822 pro

0 2825 362 2895 ἀπῳκίσθαι
455 2822 559 2879 Sed
609 2841 874 2896 nusquam
926 2827 1079 2898 peius
1138 2827 1359 2884 verbum
1418 2830 1663 2900 διοικίζειν
1718 2843 2034 2909 corruptum

0 2906 163 2968 vidi
210 2929 372 2986 quam
424 2911 566 2985 apud
618 2912 936 3020 Dionysium
999 2915 1166 2971 Halic.
1210 2917 1269 2971 A.
1309 2917 1369 2972 R.
1412 2918 1474 2974 V.
1519 2925 1605 2976 77.
1664 2921 1809 2997 Sylla
1858 2926 2035 2983 Dicta·

0 3017 5 3095 f
51 3005 173 3067 tor,
216 3002 423 3073 inquit,
461 3002 655 3067 βουλήν
695 3002 752 3055 ἐκ
791 3009 890 3057 τῶν
942 3004 1292 3073 ἐπιτυχόντων
1342 3009 1607 3076 ἀνθρώπων
1658 3012 1903 3077 συνέςησε
1944 3018 2032 3072 καὶ

0 3097 22 3155 μί
49 3090 111 3144 τὸ
147 3097 240 3154 τῆς
282 3091 582 3157 δημαρχίας
622 3089 806 3156 κράτος
846 3093 918 3154 εἰς
973 3091 1224 3162 ἐλαχιςον
1264 3096 1524 3154 συνέςειλε
1565 3100 1652 3153 κα)
1693 3101 1870 3163 πόλεις
1902 3101 2030 3167 ὅλας

12 3173 255 3246 ’ἐξῴκισε
308 3179 395 3232 καὶ
448 3178 730 3245 βασιλείας
786 3179 885 3241 τὰς
922 3182 1019 3246 μὲν
1058 3183 1233 3237 ἀνεῖλε
1274 3183 1373 3245 τὰς
1425 3187 1476 3240 δὲ
1515 3188 1671 3250 αὐτὸς
1727 3190 2029 3257 ἀπέδειξεν,

50 3264 107 3319 in
144 3282 249 3337 quo
283 3265 399 3321 loco
433 3267 477 3319 si
517 3267 638 3338 quis
674 3268 981 3324 meminerit
1028 3287 1186 3341 quam
1230 3289 1386 3345 saepe
1432 3280 1484 3328 ct
1531 3275 1671 3347 apud
1713 3277 1844 3333 alios
1881 3286 1934 3334 ct
1975 3281 2027 3334 iu

51 3350 139 3407 bis
178 3354 307 3425 ipsis
359 3355 599 3429 Dionysii
642 3355 792 3412 libris
827 3356 886 3428 εξ
922 3365 974 3413 et
1011 3359 1054 3413 δι
1109 3359 1330 3417 confusa
1371 3360 1647 3429 suerint2,
1705 3368 2029 3422 assentietur

119 3627 154 3685 ²)
207 3634 372 3675 Vari-int
410 3637 500 3677 libri
537 3640 577 3679 in
634 3641 728 3683 Ant.
774 3644 889 3684 Rom.
924 3644 988 3681 lV.
1037 3644 1104 3684 10.
1158 3636 1390 3694 ’,ιέθηκθν
1435 3638 1486 3684 ἓν
1527 3639 1714 3701 φανερᾷ)
1757 3639 2024 3704 διάῐ”ἵμαι
