2436 4068
1328 248 1396 299 56

365 396 408 447 δ’
449 394 560 448 ὑπὸ
610 392 802 447 παίδων
852 393 1040 450 αὐτοὺς
1097 389 1479 454 ἀπολωλότας,
1534 391 1623 444 cui
1676 389 1881 448 dudum
1932 391 2014 447 vel
2060 407 2088 445 e
2145 388 2355 447 Stobaei
2426 387 2432 392 ’

366 481 548 536 Floril.
589 481 769 535 XLIX.
814 484 901 534 41.
955 476 1227 532 redditum
1275 478 1511 549 oportuit
1567 477 1955 543 ἀπεκτονότας,
2015 478 2356 551 quemadmo-

367 569 497 624 dum
539 575 593 624 et
624 568 751 623 alibi
788 567 986 639 passim
1029 571 1082 618 et
1118 565 1276 636 paulo
1323 572 1447 620 ante
1481 565 1546 619 ΙΙ..
1594 569 1678 619 16.
1719 572 1866 620 recte
1900 566 2100 637 legitur
2135 568 2355 622 ἀπεκτο-

365 657 519 712 νέναι.
598 652 1086 724 Constantinopoli,
1128 652 1219 706 ubi
1253 653 1580 723 γεγραφηκα
1620 660 1674 708 et
1711 654 1831 707 sim.
1874 653 2112 708 solebant
2146 654 2355 718 dicere,

367 745 720 801 bellissimum
757 741 889 797 illud
923 739 1260 803 ἀπεκτόνηκα
1299 747 1487 796 natum
1510 748 1626 817 jpst.
2432 808 2433 813 η

461 830 622 886 Aliud
672 836 752 884 est
804 829 1001 883 vulnus
1053 827 1342 883 Menandro
1381 845 1412 883 a
1452 829 1643 883 scribis
1693 827 1964 883 inflictum
2008 828 2356 899 quamobrem

367 920 641 974 immerito
672 918 915 972 ereditur
942 917 1152 988 antiqui
1183 917 1444 971 sermonis
1483 917 1850 971 sinceritatem
1879 915 1997 971 labe
2031 916 2358 988 adspersisse

368 1008 419 1060 ἐν
459 1008 528 1074 τῷ
572 1007 919 1072 Δεισιδαίμονι
961 1005 1103 1077 apud
1136 1004 1297 1059 Clem.
1341 1004 1488 1058 Alex,
1533 1004 1729 1058 Strom.
1768 1003 1880 1057 Vll.
1925 1021 1972 1076 p.
1997 1007 2123 1058 842.

671 1093 872 1158 ἀγαθόν
912 1095 965 1148 τί
1003 1114 1087 1159 μοι
1128 1093 1358 1158 γένοιτο,
1400 1092 1673 1158 πολύτιμοι
1715 1091 1814 1145 θεοί
1827 1092 1838 1144 1

672 1181 1005 1247 ὑποδούμενος
1047 1182 1132 1235 τὸν
1174 1178 1378 1245 ἱμάντα
1418 1181 1523 1248 γὰρ
1563 1188 1656 1243 τῆς
1698 1178 1870 1242 δεξιοῖς

671 1268 903 1334 ἐμβαδος
942 1267 1200 1336 οἶπέρρηξ’.
1243 1277 1298 1321 B.
1339 1267 1544 1329 εἰκότως
1566 1309 1581 1332 ,
1621 1265 1658 1322 ὦ
1697 1266 1952 1337 φληναφε
1975 1308 1990 1330 ,

672 1357 866 1424 σαπρὸς
907 1356 1012 1424 γὰρ
1053 1355 1109 1420 ἦν
1133 1398 1146 1419 ,
1187 1357 1250 1410 σὺ
1291 1356 1343 1410 δὲ
1383 1355 1687 1425 μικρολόγος
1727 1355 1807 1422 ἄρ’
1847 1356 1902 1409 οὐ
1943 1353 2095 1408 θέλων

673 1445 855 1506 καινὰς
896 1444 1156 1511 πρίασθαι.

373 1535 451 1587 sic
499 1532 799 1588 Meinekius
843 1531 1097 1586 Codicum
1152 1533 1450 1604 scripturas
1502 1533 1834 1598 ὑποδούμενος
1882 1531 1969 1585 τὸν
2017 1529 2219 1597 ἱμάντα
2265 1537 2359 1593 τῆς

372 1620 545 1684 δεξιοῖς
582 1619 813 1687 ε’μβοὶδος
844 1619 1050 1687 διέρρηξ’
1085 1627 1136 1674 et
1171 1622 1233 1674 σὺ
1272 1622 1325 1675 δὲ
1362 1619 1700 1688 σμικρολόγος
1733 1623 1822 1674 οὐκ
1851 1619 2031 1673 ἐθέλων
2065 1625 2360 1690 utcumque

370 1709 808 1771 reconcinnavit‚
857 1707 1054 1778 quihus
1107 1708 1555 1779 acquiescendum
1607 1714 1689 1762 est
1743 1707 1909 1761 donec
1962 1708 2083 1778 quis
2141 1707 2361 1761 meliora

372 1796 679 1858 extuderit,
720 1795 808 1849 sed
852 1801 1010 1865 turpe
1044 1796 1236 1849 vitium
1277 1796 1332 1849 in
1373 1796 1546 1866 primo
1578 1796 1786 1850 senario
1821 1788 2087 1848 intactum
2127 1801 2358 1866 praeter-

373 1885 455 1937 iit.
534 1883 825 1948 Πολύτιμος
867 1883 1010 1936 enim
1062 1890 1115 1937 et
1161 1883 1510 1948 πολυτίμητος
1552 1882 1773 1937 confusa
1827 1889 1954 1936 sunt
2005 1883 2359 1953 ineptissime.

373 1972 488 2040 Quo
509 1971 821 2025 discrimine
857 1970 986 2024 haec
1020 1971 1130 2024 sint
1160 1971 1390 2025 diremta
1419 1971 1553 2025 bene
1582 1970 1899 2024 Ammonius
1932 1969 2085 2024 docet
2115 1969 2179 2024 de
2213 1970 2271 2024 D.
2296 1969 2359 2024 V.

373 2078 424 2132 p.
461 2063 584 2114 118.
627 2059 908 2124 πολύτιμον
951 2058 1153 2112 dicitur
1188 2058 1450 2130 quidquid
1487 2075 1682 2129 magno
1727 2065 1970 2122 constat,
2012 2058 2360 2123 πολυτίμητον

374 2146 636 2221 quidquid
672 2147 725 2199 in
773 2162 967 2217 magno
1008 2145 1206 2200 honore
1240 2154 1321 2201 est
1359 2153 1411 2201 et
1446 2147 1666 2217 ponitur
1698 2146 1808 2200 fere
1849 2146 1913 2201 de
1942 2147 2087 2201 Diis:
2131 2144 2165 2200 ὦ
2207 2159 2362 2201 πολυ·

373 2237 578 2302 τίμητοι
619 2234 750 2296 θεοί,
792 2231 827 2287 ὦ
869 2235 1202 2299 πολυτιμήτω
1244 2235 1332 2288 θεώ
1356 2276 1369 2298 ,
1411 2232 1445 2288 ὦ
1488 2235 1793 2300 πολυτίμηθ’
1834 2232 2144 2301 Ἡράκλεις,
2183 2232 2217 2287 ὦ
2260 2239 2360 2289 Ζεῦ

372 2323 734 2388 πολυτίμητε,
785 2328 838 2375 et
879 2322 1027 2385 sim.‚
1084 2323 1280 2392 passim
1337 2322 1477 2393 apud
1530 2321 1941 2392 Aristophanem
1995 2328 2048 2375 et
2105 2329 2360 2387 caeteros

375 2411 524 2468 Salse
561 2410 731 2481 igitur
770 2408 1016 2463 Socrates
1054 2409 1108 2461 in
1143 2408 1379 2464 Platonis
1427 2409 1768 2483 Euthydemo
1822 2408 2027 2464 futilem
2068 2409 2360 2480 sophistam

375 2518 427 2573 p.
460 2504 568 2556 296
606 2499 685 2562 D.,
726 2498 820 2568 qui
859 2496 1068 2551 dixerat
1107 2498 1264 2558 αὐτὸς
1304 2498 1385 2552 οὲεὶ
1428 2498 1659 2562 ε’πιςήσει
1699 2495 1952 2561 ἅπαντα,
1994 2497 2056 2552 ἂν
2099 2499 2199 2562 ἐγὼ
2240 2499 2361 2564 βού-

375 2602 578 2654 λωμαι,
623 2587 698 2639 ita
719 2583 882 2639 ridet:
922 2584 1070 2638 ἄλλα
1103 2586 1430 2650 βουληθείης,
1472 2583 1506 2640 ὦ
1548 2585 1872 2650 πολυτίμητε
1911 2586 2203 2651 Εὐθύδημε1
2247 2587 2362 2656 qui-

378 2676 479 2730 bus
508 2673 686 2728 verbis
715 2689 837 2727 eum
868 2670 1034 2740 ὥσπερ
1068 2673 1186 2727 τινα
1208 2679 1304 2727 τῶν
1327 2674 1618 2741 κρειττόνων
1650 2680 1966 2738 veneratur,
2012 2681 2070 2727 ut
2098 2692 2147 2745 p.
2173 2678 2279 2728 275
2298 2675 2366 2728 E..

377 2761 495 2818 ἵλεω
537 2761 699 2823 εἴητον
744 2759 975 2834 (εἶήτην).
1017 2762 1254 2829 ατεχνῶς
1296 2762 1401 2829 γὰρ
1444 2761 1614 2827 ἔγωγε
1656 2762 1773 2830 σφῲ
1823 2760 1989 2828 ὥσπερ
2038 2763 2125 2815 θεὼ
2175 2782 2360 2829 προσα-

376 2850 583 2918 γορεύω.
663 2848 778 2903 Illic
819 2864 1030 2918 quoque
1068 2846 1102 2902 ὦ
1144 2849 1401 2915 πολύτιμε
1441 2849 1567 2903 olim
1609 2849 1867 2904 edebatur
1891 2892 1905 2911 ‚
1948 2866 2091 2903 nunc
2126 2866 2186 2902 ex
2229 2849 2362 2920 opti-

379 2940 485 2993 mis
532 2936 684 2990 lihris
720 2934 1082 2990 emendatum.
1162 2937 1308 2991 Idem
1358 2937 1550 2991 vitium
1602 2937 1928 3010 Polyaenum
1978 2936 2184 2991 obsidet
2223 2937 2361 2991 VIII.

381 3031 470 3081 59.
514 3023 600 3079 καὶ
643 3025 735 3086 την
774 3023 878 3077 θεὸν
920 3025 1287 3090 προσεκύνησεν
1326 3027 1573 3080 εἰποῦσα·
1616 3025 1770 3093 Χάριν
1809 3021 1922 3081 οἶδοὶ
1965 3045 2064 3089 σοι,
2105 3021 2140 3078 ὦ
2182 3025 2362 3079 πολύ-

377 3133 532 3179 τιμε
564 3114 853 3178 ”Αρτεμις,
894 3114 1001 3166 κτὲ.
1081 3112 1494 3167 Restituendum
1548 3130 1664 3167 esse
1704 3112 1738 3167 ὦ
1780 3113 2103 3178 πολυτίμητε
2146 3129 2362 3184 appare-

377 3201 458 3256 bit
506 3201 550 3253 si
607 3202 999 3269 comparaveris
1051 3200 1291 3255 libellum
1332 3201 1395 3254 dc
1446 3200 1729 3254 Mulierum
1781 3201 2101 3264 Virtutibus,
2157 3202 2253 3270 qui
2304 3202 2358 3254 in

379 3286 654 3345 Plutarchi
694 3287 981 3340 Moralihus
1021 3287 1438 3351 circumfertur,
1496 3306 1822 3360 quamquam
1868 3288 1997 3342 satis
2037 3294 2256 3359 apparet
2298 3288 2363 3342 ah

379 3395 441 3433 eo
470 3375 824 3447 compositum
859 3374 1055 3428 librum
1092 3393 1233 3441 esse,
1271 3378 1365 3448 qui
1406 3376 1753 3431 Plutarchum
1797 3375 2063 3429 scribendi
2099 3375 2363 3446 elegantia

381 3472 430 3520 et
473 3469 755 3519 venustate
785 3462 940 3532 longe
981 3472 1286 3534 superaret,
1330 3465 1422 3519 ubi
1455 3465 1654 3535 legitur
1694 3481 1742 3536 p.
1769 3467 1875 3518 2²58
1916 3463 1972 3516 B.
2014 3463 2099 3516 καὶ
2143 3465 2233 3526 την
2256 3463 2360 3518 θεὸν

379 3554 802 3621 προσκυνήσασα,
841 3552 1190 3617 Μαρτύρομαί
1228 3575 1314 3616 σε,
1358 3551 1524 3616 εἶπεν,
1565 3550 1600 3605 ὦ
1642 3552 1964 3617 πολυτίμητε
2006 3553 2211 3616 δαῖμον,
2252 3553 2359 3605 κτὲ,

381 3641 477 3696 Est
519 3656 708 3712 operae
749 3637 981 3711 pretium
1014 3637 1220 3704 videre,
1264 3639 1713 3712 quemadmodum
1749 3639 1878 3696 haec
1913 3640 2027 3711 ipsa
2059 3638 2183 3694 hinc
2221 3655 2364 3706 sumff
2435 3691 2436 3698 ,
