2436 4068
1005 200 1110 251 705

73 350 413 417 ποτέρωσε
454 345 651 409 Osa-{om
711 344 859 400 Talia
898 343 1110 414 saepius
1163 341 1364 398 videbis
1396 347 1717 414 permutari.
1801 349 2039 404 Pessime

0 432 3 499 l
68 438 261 504 ἑτέρωθι
307 437 504 506 legitur
533 433 672 506 apud
697 430 1104 487 Demosthenem
1150 433 1202 484 in
1244 430 1390 485 Orat.
1416 431 1576 489 XVII.
1619 438 1702 488 16.
1744 434 1937 498 ἄλλους
1977 461 2036 494 τε

0 508 4 583 l
67 525 311 591 ἑτέρωθι
370 525 456 578 καὶ
512 524 598 576 τὸν
639 521 971 587 παιδοτρίβην
1025 521 1096 580 εἷς
1140 526 1371 574 Σικυῶνα
1423 522 1766 588 κατήγαγεν,
1814 526 2039 581 emenda

65 611 220 667 sodes
274 612 501 678 ἑτέρωσε.
581 609 735 680 Apud
786 609 1006 680 Dionys,
1069 607 1235 661 Halic.
1286 609 1346 661 A.
1385 609 1446 664 R.
1488 609 1548 662 V.
1597 616 1681 666 11.
1739 629 1834 683 pro
1871 635 2040 679 μετα-

63 699 233 754 θέσθαι
284 700 337 753 δὲ
394 701 486 761 τὴν
538 698 726 759 οἴκησιν
777 695 1036 762 ἑτέρωθί
1074 696 1149 760 γε’
1196 697 1300 750 ποί
1345 717 1501 750 ποτε
1555 705 1687 763 γῆς,
1742 698 1833 762 ἕως
1881 702 1946 756 ἂν
1985 706 2037 757 ἐν

31 787 404 856 ’ἀσφαλείᾳ
453 787 668 851 γένηται
703 784 775 838 τα
814 782 985 846 κοινοέ,
1027 782 1403 852 corrigendum
1446 793 1526 838 est
1562 787 1772 855 ἑτέρωσέ
1811 810 1894 844 ποι
1937 798 2038 856 γῆς

32 876 117 939 fet
168 876 219 928 ἐν
266 877 526 942 ἀσφαλεῖ.
605 872 820 928 Dudum
870 870 1011 924 idem
1067 869 1322 925 mendum
1379 872 1647 928 sublatum
1699 879 1938 947 oportuit
1977 897 2042 934 ex

59 963 437 1034 Aristophanis
474 963 682 1033 Equiti.
725 964 851 1014 955.

24 1030 44 1083 f
213 1050 446 1114 ἐξέδεταί
485 1071 572 1104 σου
611 1047 834 1117 τοῦψον,
876 1044 1000 1102 ὅταν
1041 1046 1104 1101 σύ
1145 1067 1265 1101 που
1309 1046 1505 1102 ἄλλοσε
1539 1049 1786 1117 χάσκῃς,

31 1139 151 1194 ioui
199 1138 363 1194 redde
414 1140 478 1194 σύ
538 1159 636 1193 ποι
696 1136 911 1191 ἄλλοσε.
994 1135 1054 1189 In
1111 1135 1478 1207 Xenophontis
1533 1137 1733 1194 Hellen.
1775 1141 1844 1198 ΙΙ.
1887 1161 1942 1197 ιι.
1984 1148 2036 1198 2.

30 1223 195 1282 'fibeue
226 1227 534 1282 Dindorfius
579 1225 780 1281 edidit:
822 1224 981 1284 διδοὺς
1025 1225 1192 1277 ἐκεῖσε
1231 1224 1381 1290 μόνον
1425 1225 1666 1280 πλέουσιν
1703 1230 2039 1298 ἀσφάλειαν,

24 1309 296 1377 {dama-s
336 1317 379 1370 δ’
419 1315 507 1379 οὔ,
547 1332 644 1387 pro
683 1313 863 1368 ἄλλοθι
898 1314 942 1366 δ’
976 1311 1067 1374 οὔ,
1111 1311 1205 1366 sed
1247 1319 1522 1384 praeterea
1560 1316 1727 1369 ἐκεῖσε
1763 1318 1884 1382 μέν
1922 1337 2036 1375 cor-

24 1389 268 1466 }rectum
310 1404 547 1476 oportuit
597 1419 690 1474 pro
747 1404 912 1455 ἐκεῖσε
966 1399 1135 1464 μόνον.
1218 1399 1540 1472 Saepissime
1587 1404 1736 1468 μόνον
1794 1423 1890 1477 pro
1939 1408 2037 1473 μέν

24 1472 226 1571 {scribi
267 1500 321 1548 et
354 1509 489 1564 quae
526 1492 596 1545 sit
630 1490 792 1545 huius
824 1490 901 1544 rei
938 1505 1100 1542 causa
1142 1488 1206 1542 ad
1248 1489 1561 1560 Euripidem
1604 1492 1881 1548 ostendam

21 1592 24 1594 ’
134 1579 198 1635 In
246 1598 363 1652 sqq.
420 1579 678 1634 Stobaeus
725 1579 777 1631 in
834 1579 862 1647 §
907 1581 996 1630 22.
1040 1585 1184 1631 recte
1224 1579 1426 1631 omittit
1466 1599 1532 1643 γε
1574 1596 1796 1650 prorsus
1846 1583 2038 1641 inutile

16 1655 18 1657 Ι
57 1669 117 1724 in
154 1668 332 1723 verbis
368 1675 466 1723 τῶν
514 1668 625 1742 [γε]
673 1668 744 1723 τα
780 1670 1002 1722 τοιαῦτα
1046 1666 1400 1730 ἑπιςαμένὶον,
1456 1674 1508 1721 et
1549 1684 1943 1744 supervacuum
1984 1675 2038 1729 δέ

30 1756 115 1812 'in
159 1759 188 1827 §
228 1760 317 1811 24.
357 1757 470 1813 εἰπέ
508 1777 627 1823 μοι,
673 1789 745 1799 -—
785 1757 855 1815 εἰς
896 1755 1140 1823 Δελφοὺς
1187 1754 1283 1827 [δὲ]
1331 1755 1420 1817 ἤδη
1463 1755 1670 1810 πώποτε
1706 1760 1936 1825 οέφίκους
1981 1770 2038 1818 et

25 1847 191 1901 ἀὐτό
231 1847 284 1900 in
328 1848 357 1916 §
397 1851 485 1900 51.
528 1848 719 1913 πρῶτον
760 1845 853 1909 μὲν
889 1844 994 1910 γὰρ
1041 1842 1217 1915 [αὐτὸ]
1258 1843 1315 1896 τὸ
1358 1844 1621 1907 ὑγιαίνειν.
1702 1845 1834 1901 thid.
1882 1851 1909 1919 §
1945 1854 2034 1905 59.

57 1933 403 1989 scribendum
445 1941 528 1989 est
566 1935 773 1993 τούτους
814 1933 908 1996 μὲν
950 1933 1018 1991 εἰς
1060 1932 1144 1984 τὸν
1186 1931 1340 1995 δῆμον
1384 1933 1600 1998 θήσομεν
1639 1951 1738 2005 pro
1774 1935 1892 1997 τοὺς
1939 1939 2037 2003 μὲν

54 2022 357 2090 τυράννους,
397 2021 539 2094 quod
579 2039 609 2077 a
651 2021 914 2076 sententia
958 2019 1194 2074 alienum
1243 2025 1341 2072 est.

134 2109 427 2165 Persuadet
481 2110 614 2164 mihi
656 2108 1005 2182 Pluygersius
1044 2107 1093 2161 ὄν
1138 2105 1400 2162 excidisse
1443 2108 1495 2161 in
1534 2109 1623 2164 IV.
1665 2128 1739 2164 111.
1783 2115 1834 2166 6.
1889 2114 1946 2169 τὸ
1983 2116 2035 2170 δὲ

53 2199 140 2255 καὶ
183 2198 306 2266 ὕδωρ
343 2202 464 2264 ἡμῖν
500 2198 750 2266 παρέχειν
789 2195 917 2251 οὕτω
959 2198 1155 2250 πολλοῦ
1193 2193 1333 2257 ἄξιον
1372 2194 1468 2252 ὤςε
1506 2198 1593 2251 καὶ
1635 2199 1785 2266 φύειν
1827 2203 1934 2256 κτὲ.
1978 2212 2032 2260 et

32 2286 290 2359 ‘suppleri
342 2293 588 2359 oportere
640 2285 779 2350 ἄξιον
831 2284 922 2357 (ὅν)
976 2283 1090 2341 ὥςε.
1171 2283 1523 2355 participium
1562 2284 1611 2339 ὅν
1662 2288 1739 2342 sic
1795 2292 2028 2361 positum

32 2372 111 2431 'in
161 2391 355 2446 magno
411 2391 624 2447 semper
671 2373 910 2446 periculo
953 2372 1303 2436 versabatur,
1358 2375 1674 2443 praesertim
1728 2377 1781 2430 in
1828 2381 2030 2437 unciali

30 2464 354 2536 ⁵⁸0riptura,
414 2462 504 2518 ubi
564 2463 851 2534 repetitum
915 2470 1014 2516 ΟΝ
1067 2459 1320 2515 facillime
1368 2459 1787 2519 describentium
1848 2468 2029 2524 oculos

52 2550 310 2623 fugiebat.
393 2551 529 2606 Hinc
569 2567 726 2622 saepe
778 2549 979 2604 sactum
1028 2556 1108 2605 est
1155 2555 1215 2603 ut
1263 2549 1625 2603 necessarium
1682 2555 2031 2627 participium

30 2639 331 2705 '‘inter-iret,
370 2646 424 2695 et
460 2656 526 2694 ex
569 2639 823 2693 interiore
863 2638 1183 2693 Graecitatis
1223 2635 1579 2706 intelligentia
1624 2656 1654 2692 a
1693 2640 1906 2697 Criticis
1947 2663 2026 2702 re-

47 2736 350 2783 vocaretur.
430 2726 576 2782 ldem
632 2725 930 2781 remedium
972 2727 1283 2780 etiamnunc
1338 2724 1494 2778 multi
1544 2724 1645 2780 loci
1694 2739 2026 2802 exspectant.

30 2817 63 2859 '-
129 2815 190 2870 ln
239 2816 395 2871 Mem.
428 2815 514 2870 lV.
559 2832 624 2869 ιν.
671 2819 756 2870 10.
817 2815 927 2869 οὐδὲ
968 2811 1039 2874 εἷς
1081 2812 1251 2874 ἄδικος
1289 2813 1351 2868 ἂν
1389 2812 1494 2876 εἴη,
1535 2814 1768 2871 Atticam
1811 2835 2027 2894 compo-

53 2903 303 2959 titionem
345 2904 578 2959 servavit
619 2902 879 2958 Stobaeus
918 2903 1018 2957 οὐδ’
1059 2900 1123 2956 ἂν
1162 2898 1233 2963 εἷς
1274 2900 1443 2962 ἄδικος
1485 2900 1598 2967 εἴη,
1639 2920 1800 2974 quam
1843 2907 2027 2967 luben.

52 2995 136 3047 ter
174 2992 490 3062 accipimus,

126 3078 386 3133 Notabilis
425 3079 572 3134 locus
621 3086 701 3134 est
750 3078 815 3134 de
870 3077 1104 3151 perfecto
1146 3078 1355 3150 passivo
1395 3081 1590 3134 κεῖσθαι
1635 3098 1730 3151 pro
1772 3086 2022 3144 τεθεῖσθαι

47 3165 194 3238 tpud
239 3167 458 3222 Veteres
503 3169 698 3222 usitato
735 3168 786 3221 in
831 3167 985 3222 Mem.
1022 3166 1110 3222 IV.
1153 3184 1219 3221 iv.
1264 3170 1350 3222 21.
1430 3168 1646 3223 Dixerat
1696 3172 1738 3224 οἱ
1779 3172 2023 3241 ἄνθρωποι

53 3254 171 3316 τοὺς
210 3255 389 3321 νόμους
431 3255 634 3310 ἔθεντο
688 3262 740 3309 et
774 3257 891 3316 τοὺς
930 3257 1066 3316 θεοὺς
1111 3250 1254 3321 οἶμαι
1294 3257 1410 3317 τοὺς
1454 3257 1634 3322 νόμους
1674 3259 1881 3322 τούτους
1919 3273 2026 3327 τοῖς

55 3342 325 3411 ἀνθρώποις
365 3345 590 3406 θεῖναι,
646 3349 700 3399 et
739 3351 859 3415 post
899 3360 1067 3415 pauca
1106 3345 1243 3407 δίκην
1290 3345 1537 3410 διδόασιν,
1587 3346 1792 3416 inquit,
1841 3352 1884 3403 οἱ
1927 3373 2025 3407 πα.

52 3432 385 3500 ραβαίνοντες
425 3433 541 3494 τοὺς
581 3433 703 3487 ὑπὸ
754 3438 877 3487 τῶν
932 3435 1089 3486 θεῶν
1142 3434 1493 3499 κειμένους
1544 3432 1723 3497 νόμους
1776 3442 1829 3489 et
1872 3441 2020 3503 τοὺς

52 3517 158 3574 ὑπ’
192 3521 537 3589 ἀνθρώπων
597 3521 952 3586 κειμένους
987 3519 1166 3588 νόμους
1209 3522 1319 3576 ἔνιοι
1357 3521 1766 3588 παραβαίνοντες
1807 3525 2022 3597 δικφρύ.
