2436 4068
1390 201 1495 250 246

439 352 491 398 et
519 350 760 398 veterum
797 349 849 397 et
883 343 1223 412 sequiorum,
1264 348 1316 395 et
1355 359 1420 395 nc
1451 344 1504 396 in
1539 343 1621 396 his
1662 346 1875 415 quidem
1908 347 2112 403 librarii
2154 351 2255 404 nisi
2294 367 2417 406 raro

438 432 691 495 turbant,
734 437 793 484 ut
838 429 1005 482 nubes
1045 428 1407 500 exemplorum
1450 431 1617 501 possit
1652 432 1887 504 undique
1925 436 2135 508 colligi,
2180 438 2272 493 sed
2305 456 2413 494 me-

434 522 538 574 lius
584 520 806 573 Luciani
850 523 943 571 aut
995 516 1187 570 Iuliani
1244 517 1403 581 lociS‚
1453 518 1648 589 quihus
1689 519 2027 577 Heindorfius
2067 527 2271 591 utitur,
2326 527 2411 583 de-

433 607 777 679 dignabimur
821 606 928 666 uti,
986 621 1151 676 quum
1197 606 1250 658 in
1302 606 1501 676 optimo
1540 623 1751 678 quoque
1805 616 2044 664 veterum
2095 612 2298 668 affatim
2341 616 2413 669 sit

432 695 816 765 exemplorum.
897 693 964 747 Ut
1010 694 1064 745 in
1111 694 1338 747 caeteris
1386 693 1512 749 fere·
1549 695 1796 750 omnibus
1842 698 1920 751 sic
1960 698 2015 751 in
2064 698 2163 754 hac
2201 718 2412 772 quoque

429 785 662 837 dictione
698 781 881 834 futuro
926 781 1114 836 Graeci
1155 781 1492 836 substituunt
1535 784 1796 838 aoristum
1839 801 1962 839 cum
2004 788 2267 856 particula
2304 788 2407 853 ἄν,

431 871 570 942 quod
618 868 992 941 Aristophanis
1034 886 1196 924 causa
1236 869 1530 935 admoneO,
1587 889 1652 926 ne
1700 872 1821 943 quis
1858 871 2067 929 dubitet
2115 876 2170 929 in
2210 877 2410 933 Avibus

427 965 553 1015 671.

729 1049 833 1111 ἐγὼ
871 1048 966 1112 μὲν
998 1049 1158 1109 αὐτὴν
1199 1047 1285 1101 καὶ
1326 1048 1554 1115 φιλῆσαί
1590 1069 1675 1114 μοι
1716 1050 1872 1113 δοκῶ,

426 1136 675 1208 amplecti
727 1134 868 1206 quod
905 1134 1061 1188 multi
1105 1135 1551 1189 commendarunt
1600 1135 1698 1190 κᾶν
1737 1143 1992 1206 φιλῆσαι,
2045 1138 2137 1193 sed
2190 1156 2410 1211 prorsus

425 1226 527 1279 alio
581 1223 818 1278 remedio
870 1223 1162 1277 tollendum
1219 1229 1300 1277 est
1354 1215 1546 1278 vitium
1601 1224 1741 1295 quod
1796 1225 1992 1280 insidet
2045 1225 2159 1280 loco
2213 1228 2406 1302 Vespa-

421 1330 544 1368 rum
586 1317 708 1366 177.

663 1415 666 1418 ⁴
723 1402 849 1454 ἀλλ’
889 1401 1051 1454 εἰσιών
1091 1420 1174 1465 μοι
1214 1402 1300 1454 τὸν
1339 1399 1440 1454 ὄνον
1477 1399 1689 1465 ἐξάγειν
1730 1403 1882 1465 δοκῶ,

422 1489 515 1544 ubi
555 1506 659 1542 non
695 1487 891 1551 ἐξάξειν
928 1488 1306 1558 corrigendum
1347 1495 1427 1542 est
1469 1506 1593 1543 cum
1635 1489 1887 1545 Elmsleio
1913 1530 1927 1553 ,
1983 1489 2075 1544 sed
2114 1490 2404 1563 deprehen-

420 1595 479 1633 sa
519 1576 927 1648 interpolatione
961 1576 1104 1638 eiuS,
1146 1577 1239 1646 qui
1273 1593 1439 1647 quum
1481 1578 1536 1630 in
1572 1584 1783 1631 vetusto
1823 1577 1958 1631 libro
1993 1578 2068 1632 nil
2109 1581 2211 1634 nisi
2245 1590 2403 1639 ΕΞΑ-

417 1675 659 1721 ΓΕΝΔΟ
705 1666 731 1690 *
767 1667 793 1692 '⁶
831 1668 855 1690 ⁴
908 1664 1196 1734 reperisset
1248 1664 1504 1719 vocabula
1562 1665 1694 1720 bene
1739 1665 1939 1721 Graeca
1992 1665 2138 1731 dedit
2192 1668 2400 1736 ἐξάγειν

423 1757 546 1811 δοκῶ
574 1798 586 1819 ,
631 1770 798 1825 quum
833 1759 989 1824 poeta
1030 1750 1290 1806 dedisset:

723 1845 847 1897 ἄλλ’
889 1842 1050 1895 εἰσιών
1089 1861 1174 1906 μοι
1213 1844 1298 1895 τὸν
1335 1840 1438 1895 ὄνον
1477 1839 1630 1906 ἔξαγ’
1670 1841 1855 1897 ἔνδοθεν

718 1928 851 1990 ὅπως
894 1929 958 1984 ἂν
993 1930 1015 1981 ὃ
1055 1928 1213 1996 γέρων
1253 1929 1382 1994 μηδὲ
1423 1931 1709 1998 παρακύψῃ
1747 1930 1937 1994 πάλιν,

413 2037 550 2092 quae
589 2018 953 2091 Bdelycleonis
992 2017 1151 2071 vei-ha
1191 2023 1316 2070 sunt
1357 2015 1423 2070 ad
1461 2017 1787 2083 Xanthiam,
1828 2020 1921 2090 qui
1962 2021 2077 2074 sine
2122 2036 2270 2074 mora
2310 2021 2396 2077 be·

413 2110 574 2162 stiam
615 2106 795 2161 educit
836 2105 1008 2168 soraS‚
1051 2122 1154 2176 quo
1195 2104 1335 2158 facto
1374 2106 1549 2176 pergit
1590 2105 1771 2161 dicere
1813 2107 2154 2180 Bdelycleon:

717 2195 940 2257 κάνθων,
984 2194 1036 2246 τί
1074 2193 1291 2257 κλάειςς
1334 2191 1409 2247 ὅτι
1452 2193 1704 2260 πεπράσει
1748 2196 1997 2262 τήμερον;

412 2284 614 2338 Verum
657 2281 788 2336 haec
825 2298 969 2335 nunc
1010 2280 1226 2351 quidem
1280 2280 1448 2335 ἐάσειν
1489 2302 1572 2346 μοι
1616 2283 1774 2346 δοκῶ,
1830 2289 1890 2335 ut
1943 2282 2254 2337 subveniam
2304 2301 2393 2339 ve-

414 2371 727 2426 nustissimo
769 2369 883 2423 loco
921 2368 1294 2439 Aristophanis
1334 2370 1387 2422 in
1427 2369 1667 2423 Nubibus
1705 2373 1880 2434 1276,
1922 2369 2012 2424 ubi
2052 2371 2272 2442 perfecti
2314 2372 2392 2427 su-

409 2469 597 2515 turum
647 2459 700 2510 in
739 2455 1035 2528 perfectum
1077 2463 1346 2510 mutatum
1384 2457 1642 2512 mirificas
1683 2458 1869 2512 turbas
1902 2458 2047 2512 dedit
2089 2466 2143 2514 et
2179 2477 2391 2515 omnem

407 2550 508 2604 loci
549 2548 782 2619 leporem
821 2544 1141 2599 obscuravit.
1220 2545 1416 2598 Editur
1455 2562 1483 2599 e
1521 2545 1845 2600 Ravennatis
1880 2545 2004 2599 libri
2046 2549 2387 2604 auctoritate:

710 2635 795 2688 τὸν
832 2633 1131 2702 ἐγκέφαλον
1171 2631 1336 2700 ὥσπερ
1375 2635 1638 2688 σεσεῖσθαί
1675 2655 1760 2700 μοι
1801 2635 1978 2694 δοκεῖς.

572 2736 629 2779 Β.
709 2724 771 2777 σὺ
805 2723 857 2776 δὲ
899 2723 955 2782 νὴ
995 2723 1080 2775 τὸν
1122 2727 1312 2789 Ἑρμῆν
1352 2723 1763 2789 προσκεκλῆσθοιί
1798 2744 1883 2788 μοι
1924 2723 2084 2783 δοκεῖς
2166 2772 2169 2775 .

709 2814 750 2865 εἶ
791 2812 864 2875 μὴ
906 2811 1161 2870 ’mechom
1199 2811 1485 2878 τάργύριον.

481 2900 743 2955 Haeccine
796 2905 855 2952 ut
894 2897 959 2951 ab
1010 2898 1375 2969 Aristophane,
1402 2899 1604 2969 scripta
1653 2915 1767 2952 esse
1806 2906 2057 2970 putemus
2106 2906 2217 2953 tam
2259 2901 2385 2954 insi·

405 2989 528 3063 pide
567 2988 793 3059 repetito
833 2988 992 3046 δοκεῖς
1034 2992 1087 3039 et
1127 2987 1323 3040 omissa
1359 2986 1547 3041 vocula
1586 3007 1682 3051 γε,
1720 3004 1879 3057 quam
1915 2989 2179 3041 sententia
2211 2989 2385 3061 requi-

403 3080 509 3142 rit,
545 3084 598 3131 et
634 3074 928 3147 perfectum
967 3091 1060 3145 pro
1103 3073 1301 3128 futuro.
1382 3075 1492 3128 Non
1539 3083 1619 3128 est
1654 3082 1805 3129 tanta
1840 3076 2164 3130 Ravennatis
2204 3083 2383 3129 aucto·

400 3169 535 3222 ritas
585 3163 794 3218 mendis
842 3167 894 3216 et
938 3161 1208 3215 erroribus
1249 3162 1431 3223 obsiti,
1480 3169 1538 3215 ut
1573 3180 1677 3216 non
1718 3180 1749 3216 a
1789 3163 2082 3217 Scholiasta
2123 3170 2176 3217 et
2216 3163 2380 3217 Suida

401 3263 454 3311 et
494 3260 645 3326 parte
679 3250 1236 3304 librorum‘amhabus
1276 3250 1523 3304 manibus
1564 3252 1920 3322 accipiamus:

701 3341 764 3393 σὺ
803 3339 854 3391 δὲ
893 3341 948 3401 νὴ
989 3340 1074 3392 τὸν
1109 3345 1298 3405 Ἑρμῆν
1337 3341 1810 3405 προσκεκλήσεσθαί
1846 3342 1901 3403 γ’
1948 3340 2075 3402 ἐμοί.

399 3431 636 3502 primum
674 3428 1143 3495 προσκεκλήσεσθοιι
1182 3426 1390 3496 vulgari
1431 3443 1612 3481 errore
1649 3428 1703 3480 in
1745 3428 2149 3495 προσκεκλῆσθαι
2192 3426 2376 3498 depra-

399 3526 582 3572 vatum
618 3523 726 3580 est,
771 3513 961 3568 deinde
1000 3513 1245 3569 Graeculi
1283 3513 1552 3585 vulgatam
1604 3531 1658 3568 se
1709 3514 1925 3585 dignam
1984 3517 2371 3585 excogitarunt.

402 3606 574 3661 Semel
625 3611 677 3659 et
731 3604 926 3659 iterum
971 3603 1075 3656 vidi
1135 3602 1376 3656 futurum
1430 3604 1483 3656 in
1537 3601 1703 3657 futuri
1753 3602 1972 3674 perfecti
1993 3603 2234 3658 'formam
2289 3603 2372 3657 de-
