2436 4068
1013 169 1119 218 647

79 316 226 386 ’ςόν],
274 315 308 371 ὦ
358 317 576 379 Ἱππία,
635 313 769 367 nihil
806 310 1106 367 suboluisse
1150 309 1459 364 hominibus
1502 309 1675 365 doctis
1715 328 1878 383 prope
1918 312 2061 368 dixe·

83 403 189 457 rim
230 404 380 470 τέρας
419 404 540 460 ἐςίν.
622 401 711 455 Sic
771 401 962 455 rustici
1004 399 1262 453 dicuntur
1299 398 1503 459 πολλὰς
1556 399 1727 466 κριθὰς
1763 406 1922 454 ποιεῖν
1966 402 2054 456 καὶ

82 489 204 546 οἶνον
246 492 444 554 πολύν,
498 497 553 543 et
591 491 753 543 πολὺν
792 490 879 543 καὶ
929 497 1067 543 σῖτον
1124 488 1211 542 καὶ
1266 485 1390 542 οἶνον
1439 492 1696 548 ποιοῦντες
1759 487 2054 561 (Demosth.

81 597 134 652 p.
178 583 356 642 1048,
399 577 527 650 24),
582 576 673 631 ubi
714 577 887 630 laetus
926 575 1091 630 fuerit
1131 582 1374 646 segetum
1415 582 1468 630 et
1512 578 1795 631 vinearum
1835 593 2059 648 proven-

81 678 202 722 tus:
245 667 336 722 sed
375 666 508 720 haec
543 667 659 737 ipsa
694 664 1068 719 demonstrant
1099 681 1260 734 quam
1298 680 1549 734 perverse
1588 664 1802 720 dicatur
1840 666 1864 719 ὂ
1898 665 2055 732 λόγος

26 798 31 803 ·
79 759 152 824 τῷ
190 757 398 821 λέγοντι
431 755 668 822 ἀργύριον
706 759 936 807 ποιεῖν.
1008 750 1257 807 -Emenda
1295 754 1365 820 τῷ
1400 753 1608 817 λέγοντι
1649 753 1873 809 οἴσωνε
1914 761 2056 827 post·

24 886 31 889 -
77 860 239 916 qnam
295 852 371 898 TI
426 843 565 897 male
619 842 909 913 repetitum
969 846 1262 894 ΠΟΙΣΩΝ
1319 840 1529 910 peperit
1579 857 1681 894 non
1738 841 1908 897 defuit
1962 845 2056 915 qui

75 935 295 996 ποιήσων
335 933 631 1002 corrigeret
666 929 891 984 scilicet.
973 928 1074 982 Sed
1116 927 1443 982 manumde
1480 927 1679 983 tabula.

167 1020 376 1076 Accedo
424 1020 491 1074 ad
542 1018 1092 1083 Ἀπομνημονεύμοντα
1158 1015 1429 1080 Socratis,
1489 1018 1582 1087 qui
1634 1017 1769 1072 liber
1824 1020 2058 1076 eximius

75 1125 204 1183 prae
255 1110 495 1183 caeteris
535 1107 690 1162 libris
743 1105 1142 1178 Xenophonteis
1195 1103 1351 1175 longe
1390 1103 1724 1159 emendatior
1768 1113 1821 1160 et
1869 1110 2056 1179 paucis
2104 1092 2111 1138 ‘³

71 1189 287 1253 ’ὧιῖιιηι
341 1197 622 1252 sententiae
660 1196 845 1259 vitiis,
887 1194 1045 1267 paulo
1083 1193 1328 1265 pluribus
1381 1194 1620 1248 dictionis
1670 1194 1904 1251 insectus
1951 1199 2055 1253 cir·

73 1286 393 1342 cumlertur.
474 1286 550 1340 De
602 1292 834 1356 utroque
874 1299 1070 1355 genere
1119 1282 1343 1336 seorsim
1397 1283 1548 1336 iuvat
1603 1282 1784 1338 dicere
1840 1293 1893 1340 et
1949 1287 2054 1358 pri·

29 1437 34 1457 ¹
74 1391 223 1430 mum
265 1374 481 1446 quidem
525 1372 592 1426 de
632 1373 700 1425 iis
739 1371 908 1435 lociS,
949 1371 1040 1424 ulii
1078 1387 1174 1442 per
1214 1370 1515 1425 scribarum
1566 1371 1949 1443 negligentiam
2000 1382 2055 1430 et

71 1470 441 1519 correctorum
498 1461 861 1516 temeritatem
906 1460 1172 1514 sententia
1215 1458 1436 1512 laborat.
1517 1457 1737 1514 Offendo
1787 1463 1973 1517 statim
2010 1463 2053 1518 Ι.

71 1571 107 1608 1.
137 1557 188 1607 7.
232 1553 285 1605 in
329 1550 537 1605 verbis:
577 1549 863 1604 τεκτονικὸν
902 1548 996 1613 μὲν
1031 1547 1136 1614 γαρ
1172 1546 1200 1610 ἢ
1233 1547 1585 1615 χαλκευτικὸν
1617 1549 1645 1612 ἢ
1677 1552 2038 1617 γεωργικὸν-

72 1642 103 1704 ἢ
143 1641 457 1708 ςρατηγικὸν
509 1638 786 1703 γενέσθαι,
838 1636 1016 1690 πάντα
1057 1636 1128 1690 τοὶ
1180 1639 1402 1689 τοιαῦτα
1441 1637 1738 1702 μαθήματα
1795 1639 1906 1692 καὶ
1959 1641 2051 1701 οἷν-

68 1730 258 1797 δρώπου
296 1729 478 1795 γνώμη
517 1727 703 1794 αἱρετοὶ
745 1725 973 1793 ἐνόμιζεν
1020 1720 1186 1787 εἶναι,
1228 1723 1513 1778 molestum
1559 1732 1639 1780 est
1681 1726 1825 1780 enim
1861 1727 1954 1782 καί
1992 1728 2049 1784 in

68 1819 181 1872 καὶ
241 1816 508 1881 ἀνθρώπων
566 1815 774 1882 γνώμη,
835 1813 990 1886 quasi
1045 1829 1169 1867 vero
1223 1813 1385 1866 etiam
1442 1812 1547 1867 alia
1599 1830 1760 1884 qnam
1818 1814 2047 1871 humana

65 1914 247 1961 mente
298 1903 418 1958 illae
458 1910 603 1956 artes
638 1901 843 1956 addisci
888 1908 1119 1974 possent.
1198 1902 1513 1966 Μαθηματα
1561 1902 1814 1956 vitiosum
1864 1910 1946 1957 est
1992 1911 2045 1959 et

66 2010 175 2050 una
216 1992 419 2067 syllaba
458 1991 675 2046 auctius
710 2007 871 2062 quam
914 1989 1133 2045 dederat
1170 1989 1493 2061 Xenophon,
1535 1990 1627 2060 qui
1663 1990 1880 2056 μαθητοὶ
1913 1993 2044 2048 scri·

55 2090 244 2155 pseu-at
284 2088 338 2135 et
383 2079 662 2134 addiderat
694 2078 941 2150 copulam
976 2078 1082 2132 καὶ
1131 2077 1311 2132 πάντα
1351 2078 1424 2131 τα
1462 2082 1713 2143 τοιαῦτα,
1755 2095 1892 2150 quae
1925 2097 2042 2136 ver-

60 2169 129 2225 ba
169 2169 235 2224 de
288 2185 437 2223 more
489 2169 543 2221 in
599 2167 789 2238 longae
827 2166 1255 2220 enumerationis
1307 2165 1414 2220 fine
1465 2165 1722 2220 collocata
1778 2166 2036 2224 suerunt:

64 2258 204 2314 unde
258 2257 394 2311 lianc
444 2254 761 2310 habebimus
796 2255 1159 2326 scripturam:
1202 2253 1230 2316 ἢ
1271 2255 1582 2321 ςρατηγικὸν
1634 2255 1874 2320 γενέσθαι
1922 2259 2037 2314 καὶ

59 2347 240 2404 πάντα
277 2346 350 2400 τὰ
398 2350 656 2408 τοιαῦτα,
706 2343 980 2410 μαθηταὶ
1030 2342 1117 2397 καὶ
1172 2343 1429 2410 ανθρώπου
1466 2344 1648 2414 γνώμη
1698 2345 1884 2412 αἱρετὰ
1934 2347 2036 2403 ἐνθ’.

58 2435 204 2504 μιζεν
238 2431 366 2489 εἶναι
390 2476 403 2497 ,
442 2450 580 2504 quae
623 2440 730 2486 tam
771 2431 997 2504 simplex
1037 2447 1201 2502 quam
1243 2446 1370 2485 vera
1408 2439 1507 2486 est.

132 2523 413 2579 contrario
452 2539 635 2576 errore
676 2520 812 2575 male
864 2519 1046 2575 addita
1093 2518 1285 2591 copula
1337 2518 1707 2590 pessumdedit
1758 2521 1934 2577 locum
1967 2522 2036 2579 11.

50 2629 107 2668 Ὗ.
148 2618 198 2667 5.
252 2617 423 2666 σκοπῶ
477 2613 551 2677 μη
610 2609 775 2677 ὥσπερ
834 2606 957 2663 ὅταν
1014 2630 1092 2669 τις
1149 2608 1347 2670 οἰκέτην
1410 2610 1616 2675 πονηρὸν
1674 2618 1852 2680 πωλῇ
1918 2613 2033 2669 καὶ

57 2684 475 2757 ἐποδιδῶταί
526 2703 616 2754 τοῦ
670 2699 893 2765 εὑρόντος
942 2694 1069 2751 οὕτω
1136 2697 1222 2750 καὶ
1275 2698 1361 2750 τὸν
1411 2698 1615 2764 πονηρὸν
1666 2698 1851 2766 φίλον,
1906 2698 2031 2756 ὅταν

30 2787 143 2859 -ἔξῇ
183 2792 243 2844 τὸ
283 2796 459 2843 πλεῖον
498 2795 591 2851 τῆς
631 2786 786 2850 οὶξίας
841 2786 1067 2851 λαβεῖν,
1121 2786 1403 2850 ἐπαγωγὸν
1444 2784 1471 2854 ᾖ
1521 2787 1854 2853 προδίδοσθαι.
1933 2789 2036 2845 Re-

30 2875 363 2951 'cipiendnm
402 2884 483 2931 est
518 2893 581 2931 ex
627 2876 760 2930 bono
798 2873 993 2929 Codice
1032 2874 1330 2927 ἀποδίδοται
1372 2882 1424 2928 et
1457 2875 1549 2929 καί
1587 2875 2035 2947 expungendum,

51 2973 118 3021 ut
155 2967 419 3021 sententia
460 2973 566 3019 tam
610 2980 738 3019 sana
780 2963 849 3016 sit
891 2977 1049 3033 quam
1094 2961 1404 3032 perspicua:
1447 2962 1616 3016 sumit
1655 2963 1757 3017 sibi
1799 2963 1899 3019 hoc
1941 2966 2032 3021 So-

54 3061 267 3118 crateS‚
308 3053 447 3126 qnod
488 3052 782 3108 concedent
825 3067 1043 3105 omnes:
1096 3046 1220 3104 ὅταν
1260 3070 1339 3110 τις
1379 3051 1586 3117 πονηρὸν
1620 3052 1816 3114 οἰκέτην
1851 3064 2035 3124 πωλῇ,

55 3147 144 3198 1ιὀῦ
178 3144 400 3211 εὑρόντος
440 3143 770 3203 ἀποδίδοται,
827 3139 1030 3211 quando
1083 3138 1201 3210 quis
1253 3155 1460 3192 servum
1500 3156 1721 3210 nequam
1769 3142 2030 3207 venditat,

56 3232 236 3303 quovis
267 3234 436 3304 pretio
474 3232 684 3294 abiicit,
728 3229 886 3300 idque
921 3228 998 3281 sic
1036 3227 1090 3280 in
1147 3227 1543 3299 comparatione
1586 3229 1790 3299 posuit:
1831 3230 2033 3298 ὥσπερ,

45 3314 179 3382 ,ὅταν
219 3340 297 3380 τις
338 3320 535 3380 οἰκέτην
568 3319 774 3385 πονηρὸν
817 3324 998 3385 πωλῇ,
1039 3315 1444 3371 ἀποδίδοται
1500 3321 1588 3370 τοῦ
1634 3317 1856 3383 εὑρόντος
1898 3315 2027 3373 οὕτω

56 3409 146 3462 καί
184 3409 292 3462 κτέ.
374 3407 583 3461 Poterat
624 3414 677 3461 et
715 3406 792 3460 sic
835 3405 1047 3459 dicere:
1088 3402 1254 3472 ὥσπερ
1295 3426 1374 3466 τις
1414 3404 1610 3466 οἰκέτην
1662 3407 1869 3471 πονηρὸν
1907 3427 2027 3462 πω·

55 3500 179 3548 λῶν
218 3500 307 3549 τοῦ
348 3496 569 3561 εὑρόντος
610 3496 924 3549 ἀποδίδοται.
1006 3492 1332 3548 Luculenter
1379 3491 1468 3547 hic
1506 3491 1654 3545 locus
1694 3491 2029 3550 demonstrat

54 3581 182 3653 quid
237 3583 375 3636 inter
430 3591 618 3638 πωλεῖν
671 3590 718 3637 et
775 3582 1102 3638 ἀποδίδοσθαι
1162 3581 1399 3635 intersit:
1463 3586 1651 3633 πωλεῖν
1691 3578 1894 3636 dicitnr
1932 3585 2027 3655 qni
