2436 4068
1033 195 1140 245 403

82 343 281 400 stantia
321 339 492 394 solent
524 337 786 409 refingere
819 336 1030 410 aliaque
1057 337 1111 392 id
1141 355 1312 410 genus
1349 347 1606 411 perpetuo
1625 340 1854 412 quodam
1877 359 2058 400 errore

81 434 225 486 inter
255 444 312 483 se
349 434 681 499 permutare.
762 426 933 494 Quam
966 426 1155 482 crebro
1203 426 1456 482 confundi
1490 429 1692 484 soleant
1732 433 1972 499 Τυρρηνοί
2009 439 2064 488 et

78 518 341 585 τύραννοι,
380 514 683 583 Τυρρηνικός
723 521 778 569 et.
811 516 1102 582 τυραννικός
1137 515 1345 570 docebit
1381 516 1632 572 Boeckhii
1682 521 1958 574 annotatio
2005 522 2061 575 in

85 604 275 662 Oecon.
319 602 476 659 Polit.
519 603 715 658 Athen.
753 603 844 657 111.
886 620 938 675 p.
972 607 1100 661 459.
1181 602 1261 657 Ad
1296 603 1432 658 hanc
1463 605 1637 661 lucem
1673 610 1859 662 statim
1901 625 2064 663 unus-

82 693 309 766 quisque
342 689 631 745 emendare
666 691 863 762 poterit
906 691 1082 744 locum
1120 691 1330 762 antiqui
1371 692 1615 749 historici
1652 694 1794 767 apud
1830 695 2064 769 Porphy-

83 781 227 836 rium
279 780 392 847 περὶ
444 780 657 847 ἀποχῆς
699 779 767 834 Π.
814 783 900 834 17.
959 784 1059 833 τῶν
1113 778 1435 844 τυράννων
1492 783 1635 846 μετα
1692 785 1750 838 τὸ
1810 791 2064 851 κρατῆσαι

79 868 432 937 Καρχηδονίων
492 867 799 933 ἑκατόμβας
859 867 1002 921 κατὰ
1062 867 1260 928 πολλὴν
1317 867 1414 935 ἔριν
1471 871 1564 932 τὴν
1622 872 1742 938 πρὸς
1801 874 2065 935 ἀλλήλους

82 957 352 1023 ἐκπρεπεῖς
408 955 824 1023 παραςησοέντων
880 957 951 1023 τῷ
1011 954 1340 1019 Ἀπόλλωνι,
1401 956 1524 1026 quis
1590 960 1733 1012 enim
1801 967 2063 1030 punctum

85 1043 340 1115 temporis
374 1042 643 1098 dubitabit
682 1044 814 1115 quin
855 1060 916 1098 ea
956 1043 1181 1098 victoria
1215 1047 1313 1097 τῶν
1352 1050 1613 1111 Τυρρηνῶν
1659 1044 1857 1101 fuerit?

160 1130 374 1201 Δελφός
414 1137 467 1186 et
507 1132 738 1202 ἁδελφός
779 1147 937 1203 saepe
976 1130 1085 1185 vidi
1123 1130 1414 1186 ridiculum
1457 1133 1510 1185 in
1548 1131 1767 1188 modum
1814 1134 2066 1199 confusa,

85 1220 241 1276 onius
296 1220 375 1274 rei
429 1218 632 1291 aliquot
673 1219 915 1292 exempla
955 1218 1022 1273 ad
1077 1217 1267 1291 Herod.
1308 1219 1368 1272 V.
1414 1223 1501 1274 72.
1554 1219 1702 1275 dabit
1742 1222 2067 1293 Wesseling.

86 1307 246 1365 Aliud
298 1306 422 1362 vide
478 1308 620 1380 apud
680 1307 1041 1381 Porphyrium
1099 1307 1155 1361 in
1208 1308 1407 1362 vicinia
1442 1308 1507 1362 ΙΙ.
1551 1314 1636 1363 17.
1696 1326 1746 1381 p.
1795 1314 1919 1364 155.
1980 1313 2065 1365 τὸν

83 1402 211 1463 γοῦν
247 1396 514 1465 Αἰσχύλον
547 1396 684 1457 <Das-l
724 1402 822 1451 τῶν
873 1397 1193 1464 ἀδελφῶν
1238 1395 1513 1459 ἀξιούντων
1553 1399 1624 1459 εἰς
1669 1399 1754 1452 τὸν
1793 1400 1898 1453 θεὸν
1939 1399 2067 1467 9290&-

80 1490 182 1553 ψαι
214 1487 415 1540 παιᾶνα
454 1486 615 1539 εἰπεῖν
650 1482 725 1540 ὅτι
766 1483 922 1552 ἄριςα
961 1484 1199 1552 Τυννίχῳ
1237 1486 1537 1548 πεποίηται.
1620 1486 1775 1540 Multi
1815 1487 2068 1541 viderunt
2117 1544 2119 1546 ,

83 1589 269 1627 verum
306 1589 424 1628 esse
456 1579 555 1627 τῶν
586 1578 810 1642 Δελφῶν
850 1580 903 1626 et
943 1571 1152 1643 lepidus
1193 1579 1275 1627 est
1315 1573 1504 1628 Editor
1536 1574 1874 1629 exclamans:
1920 1573 2068 1628 »Uti-

76 1678 201 1716 nam
241 1661 447 1715 Codices
492 1662 829 1715 addicerent!
850 1661 886 1683 ’⁹
966 1660 1034 1714 Et
1067 1661 1158 1714 isti
1203 1660 1423 1732 quidem
1463 1662 1657 1718 δέονται
1697 1663 1912 1729 βιβλίου
1958 1664 2064 1718 καὶ

76 1754 219 1812 νοῦ,
261 1756 322 1803 ut
362 1748 642 1803 iocabatur
698 1747 1046 1820 philosophus
1098 1765 1263 1820 quum
1315 1754 1489 1804 καινοῦ
1539 1750 1814 1806 videretur
1853 1750 2067 1816 dicere,

74 1844 130 1891 ct
172 1836 396 1909 perinde
436 1845 518 1891 est
559 1853 621 1891 ac
663 1838 707 1890 si
750 1837 872 1908 quis
930 1835 1157 1891 diceret:
1221 1834 1431 1890 Utinam
1475 1838 1680 1892 Codices
1733 1839 1936 1893 mendis
1987 1859 2067 1894 ca-

76 1927 296 1979 rerent!
374 1924 487 1979 Non
525 1923 784 1978 addicunt
838 1923 1059 1978 Codices
1114 1924 1166 1977 in
1226 1925 1489 1996 Apollonii
1539 1926 1730 1981 Lexico
1784 1926 2064 1981 Homerico

77 2029 127 2085 p.
153 2016 240 2067 59.
284 2030 333 2066 v.
369 2013 578 2076 ’Λειδε,
621 2013 713 2067 ubi
755 2012 944 2082 optimi
982 2010 1266 2066 choliamhi
1300 2012 1439 2067 hanc
1479 2013 1703 2068 formam
1750 2014 2067 2070 induerunt:

7 2136 9 2143 ·
74 2104 251 2156 ταῦτα
283 2102 327 2155 δ’
360 2101 598 2161 Αἴσωπος
640 2102 662 2154 o‘
698 2100 970 2165 Σαρδιηνὸς
1024 2096 1196 2153 εἶπεν·
1251 2100 1449 2155 “Οντιν’
1489 2104 1532 2155 οἱ
1585 2103 1873 2170 ἀδελφοὶ
1922 2104 2063 2172 ᾆδον·

0 2173 4 2186 ’
73 2209 146 2243 τα
181 2190 336 2255 μῦθον
375 2193 430 2244 οὐ
470 2189 644 2249 καλῶς
689 2187 924 2251 ἐδέξαντο
947 2229 963 2252 ,
1003 2204 1125 2259 pro:

905 2278 1081 2329 ταῦτα
1120 2277 1163 2328 δ’
1204 2274 1439 2338 Αἴσωπος

452 2365 474 2416 ὁ
518 2364 789 2431 Σαρδιηνὸς
830 2360 998 2426 εἶπεν,
1039 2360 1186 2418 ὅντιν’
1230 2366 1273 2418 οἱ
1314 2365 1517 2432 Δελφοὶ

449 2453 643 2521 ᾄδοντα
682 2453 837 2516 μῦθον
876 2453 932 2505 οὐ
971 2458 1142 2513 καλῶς
1185 2452 1457 2517 ἐδέξαντο,

32 2575 36 2588 .
72 2541 164 2613 qui
211 2555 397 2596 versus
435 2539 823 2594 Callimachum
878 2540 1112 2610 sapiunt.
1191 2540 1337 2595 Idem
1380 2541 1635 2597 mendum
1676 2558 1741 2598 ex
1794 2542 2070 2617 Euripidis

0 2621 39 2654 ·'
29 2628 195 2685 :lone
251 2646 327 2683 vs.
364 2633 452 2684 55.
517 2628 710 2682 Reiske
767 2626 1002 2699 expulit:
1066 2629 1118 2682 in
1179 2628 1330 2683 libris
1383 2637 1464 2684 est
1506 2630 1676 2696 ἔνεγκ’
1715 2632 1929 2702 ἀδελφῷ
1971 2649 2068 2705 pro

5 2714 17 2740 ⁴
448 2716 629 2781 ἔνεγκε
671 2721 895 2783 Δελφῶν
937 2716 1092 2781 ταμα
1132 2718 1251 2783 πρὸς
1293 2721 1564 2788 χρηςήρια.

4 2813 17 2865 f
73 2810 128 2860 et
164 2803 472 2876 frequenter
514 2803 642 2858 alibi
681 2802 864 2858 eodem
907 2803 1064 2858 modo
1106 2812 1384 2876 peccatum
1432 2823 1548 2862 esse
1586 2805 1811 2865 videbis,

147 2890 344 2947 Eadem
387 2900 471 2947 ost
504 2890 720 2947 errandi
762 2893 1064 2947 constantia
1122 2893 1175 2947 in
1216 2893 1339 2949 aliis
1387 2896 1668 2951 sexcentis,
1751 2896 1847 2950 Ubi
1889 2899 2059 2965 θριπή·

73 2979 215 3042 δεςος
255 2981 557 3054 requiritur
608 2981 662 3035 in
705 2979 859 3035 libris
897 2996 1206 3053 comparere
1263 2982 1468 3039 videbis
1518 2985 1879 3051 θριπηδέςατος
1932 2986 2061 3041 ridi-

72 3066 248 3124 culam
289 3067 516 3124 formam
542 3111 555 3133 ,
597 3067 689 3125 sed
743 3067 1101 3140 plurimorum
1145 3071 1469 3127 testimoniis
1521 3074 1787 3128 munitam
1834 3074 2057 3130 scilicet.

78 3154 174 3212 Ubi
214 3157 437 3223 Ιπιβολή
476 3157 652 3213 suerat
696 3157 958 3228 scriptum
1006 3158 1258 3224 ἐπιβουλή
1300 3160 1527 3233 legitur,
1588 3161 1676 3215 ubi
1716 3164 1898 3231 μακροὶ
1932 3166 2060 3232 χαί-

70 3261 168 3311 ρειν
207 3243 330 3300 libri
370 3246 577 3314 μακράν
625 3245 753 3300 dare
793 3244 1000 3310 solent,
1053 3252 1106 3300 et
1160 3251 1554 3313 συναυλισθῆναι
1610 3266 1705 3321 pro
1756 3254 2058 3315 συναλισθῆ·

72 3350 154 3387 ναι
176 3372 191 3396 ,
225 3340 279 3388 et
323 3335 615 3396 ἆπήλαυσα
651 3349 747 3406 pro
778 3334 1092 3398 ἀπέλαυσα,
1133 3343 1187 3391 et
1220 3338 1539 3404 παρηνόμουν
1580 3356 1674 3411 pro
1715 3342 2053 3408 παρενόμουν,

71 3426 125 3474 et
166 3418 453 3476 barbarum
495 3425 778 3490 Δημήτραν
818 3439 914 3495 pro
961 3427 1234 3491 Δήμητρα.
1319 3425 1412 3480 Ubi
1456 3428 1816 3494 προςαγματα
1864 3444 2052 3483 verum

69 3515 151 3562 eet
204 3508 258 3563 in
311 3508 464 3565 libris
524 3511 825 3579 πράγματα
884 3512 1244 3584 conspicitur,
1304 3523 1356 3569 et
1398 3514 1642 3581 πράττειν
1698 3516 1787 3570 ubi
1832 3517 2054 3584 προςατ·

72 3616 192 3650 την.
274 3598 526 3665 ’Λποδροὶς
567 3598 699 3654 solet
743 3602 794 3655 in
833 3601 1131 3668 ἀποδράσας
1187 3602 1368 3666 abire,
1430 3610 1481 3657 ct
1523 3610 1684 3670 Φῦναι
1728 3605 1780 3657 in
1821 3609 2049 3672 Φυῆναι,

1588 3692 1674 3728 30*
