2436 4068
1025 169 1133 220 795

80 321 191 377 scio
248 318 370 390 quis
425 316 514 371 ubi
571 314 635 368 ἄν
688 313 828 368 male
881 310 1066 366 abesse
1117 312 1286 366 sensit
1326 310 1498 366 alieno
1538 311 1651 368 loco
1693 314 1935 370 inseruit.

155 407 397 477 Repetita
441 419 546 458 una
587 400 826 456 litterula
865 416 989 454 cum
1045 415 1239 470 magno
1273 400 1568 455 sententiae
1616 401 1811 459 damno
1852 420 1883 457 a
1919 406 2051 459 scri·

76 494 162 550 bis
200 494 397 548 omissa
435 499 517 546 est
554 489 620 545 ΙΙ.
664 493 727 543 2:
782 489 879 543 ὑπὸ
915 493 1007 548 τῆς
1059 486 1255 547 πόλεως
1298 486 1586 557 ὑπάρχουσι
1629 491 1915 559 διῃρημέναι
1954 498 2054 562 φυ-

77 584 187 638 λαί.
266 581 465 652 Nempe
505 584 624 650 post
673 583 1148 631 ΔΙΗΙΡΗΜΕΝΑΙ
1205 574 1434 629 alterum
1486 577 1509 630 Ι
1549 576 1757 632 librarii
1815 580 2054 651 neglexe-

76 677 240 732 runt,
299 667 439 740 quod
490 673 550 720 tu
606 681 795 719 revoca
847 672 900 718 et
956 664 1034 718 sic
1090 663 1239 734 lege:
1299 665 1587 733 διῃρημέναι
1645 667 1807 721 δέκα
1859 670 2051 736 φυλαί.

78 759 191 814 Iam
230 760 284 812 in
322 754 715 828 antiquissimis
749 751 1030 807 (lodicibus
1074 751 1374 805 numeralia
1414 755 1553 807 notis
1587 754 1748 808 scribi
1783 755 2055 820 solebant,

79 845 223 902 unde
260 861 423 917 quam
458 842 616 897 multi
655 828 864 896 errores
904 839 1137 910 suscepti
1173 839 1281 892 sint
1318 847 1370 894 et
1410 841 1512 911 ipsi
1552 843 1766 913 saepius
1816 843 1935 898 aliis
1984 844 2055 899 lo·

78 936 159 990 cis
214 931 720 989 demonstravimus,
799 929 960 984 Plane
1011 926 1154 982 idem
1197 942 1350 980 error
1404 931 1723 984 commissus
1771 939 1853 986 est
1912 932 2055 1003 apud

77 1022 394 1096 Dionysium
438 1017 604 1073 Halic.
644 1017 784 1072 VIII.
828 1021 915 1072 75.
959 1032 1077 1087 pag.
1123 1017 1283 1068 1685.
1339 1014 1518 1070 Reisk.
1557 1019 1923 1083 συνεβούλευεν
1965 1018 2054 1074 ἄν·

76 1111 198 1178 δρας
251 1110 311 1163 ἐκ
360 1114 458 1162 τῶν
512 1106 857 1173 ἐντιμοτάτων
896 1106 1189 1170 βουλευτῶν
1240 1103 1444 1158 ἑλέσθαι
1464 1145 1479 1167 ,
1534 1102 1709 1167 οἵτινες
1749 1107 2053 1169 ἐπελθόντες

77 1200 169 1261 τὴν
204 1198 451 1264 δημοσίαν
502 1203 603 1261 γῆν
652 1198 963 1265 ἀφοριοῦσιν.
1043 1190 1103 1245 In
1145 1197 1357 1246 vetusto
1408 1191 1544 1246 libro
1598 1210 1698 1248 non
1734 1202 2054 1250 ΕΛΕΣΘΑΙ

77 1294 343 1365 scriptum
382 1296 498 1345 erat
556 1287 647 1343 sed
698 1271 1076 1351 ΕΛΕΣΘΛΙῙ,
1117 1283 1171 1338 id
1221 1291 1334 1339 est:
1375 1284 1579 1339 ἑλέσθαι
1627 1285 1822 1351 δέκα,
1874 1285 2054 1349 οἵτινες

77 1383 186 1437 κτὲ.
265 1378 409 1435 Cous.
454 1395 572 1451 pag.
615 1379 787 1440 1692,
832 1378 1012 1438 1694,
1061 1377 1202 1429 1706
1243 1379 1297 1428 et
1342 1377 1501 1428 1740.

155 1466 570 1540 Transponenda
609 1464 715 1519 duo
755 1463 1010 1518 vocabula
1050 1469 1178 1518 sunt
1215 1462 1281 1516 11.
1323 1466 1385 1516 6:
1438 1461 1624 1516 οἴονται
1665 1464 1866 1524 ἑαυτοῖς
1903 1484 2055 1532 προσ·

78 1558 213 1620 ήκειν
270 1577 332 1610 τι
390 1556 597 1610 καλὸν
635 1560 795 1607 ποιεῖν
819 1594 832 1615 ,
873 1568 997 1606 nam
1034 1551 1297 1607 Graecum
1334 1557 1414 1604 est
1445 1550 1605 1605 καλόν
1639 1573 1689 1606 τι
1727 1560 1902 1607 ποιεῖν.
1946 1553 2056 1607 vid.

77 1646 147 1704 II.
190 1649 243 1700 2.
295 1644 434 1699 VIII.
478 1647 567 1698 22.
619 1651 672 1698 et
713 1641 936 1714 passim.
1014 1641 1227 1695 Dicitur
1261 1638 1310 1692 εἴ
1346 1660 1395 1694 τι
1436 1639 1632 1704 καλόν,
1684 1638 1807 1694 ὅταν
1853 1662 1902 1695 τι
1957 1662 2052 1695 κοι-

76 1734 166 1789 λόν
205 1741 260 1789 el.
298 1734 419 1788 sim.
459 1731 552 1787 sed
611 1731 846 1798 προσήκει
886 1750 936 1784 τι
975 1731 1136 1783 καλὸν
1186 1734 1343 1783 ποιεῖν
1385 1742 1542 1782 nemo
1596 1730 1651 1782 in
1695 1730 1935 1784 oratione
1975 1747 2057 1783 so-

78 1822 193 1877 luta
227 1822 391 1894 ponit.
475 1818 840 1891 Supplendum
881 1823 964 1872 est
1003 1816 1139 1870 VIII.
1182 1820 1251 1871 9:
1290 1817 1495 1882 μήποτε
1531 1849 1604 1861 —-
1643 1814 1817 1878 ἵπποις
1856 1818 2055 1884 δύσβα·

77 1931 162 1965 τον
209 1909 538 1976 ποιούμενον,
591 1908 700 1962 imo
752 1923 875 1961 vero
926 1903 1185 1971 δύσβατόν
1225 1925 1324 1966 τι,
1376 1903 1518 1976 quod
1566 1921 1796 1977 sequens
1853 1915 1902 1960 Π
1962 1906 2058 1960 ab-

76 1998 294 2055 sorbsit.

151 2086 380 2143 Confusa
419 2093 547 2141 sunt
594 2094 615 2139 1
657 2092 709 2139 et
749 2092 798 2138 T
841 2086 895 2138 in
938 2083 1003 2138 II.
1054 2087 1116 2138 8:
1157 2081 1428 2150 μάχεσθαι
1468 2085 1675 2147 μᾶλλον
1713 2083 1962 2138 ἐθέλουσιν
2010 2086 2056 2138 οἱ.

76 2179 259 2245 πρῶτοι
298 2208 375 2216 -
410 2169 462 2229 οἳ
503 2174 579 2228 ἂν
618 2175 810 2228 εἰδῶσιν
849 2170 925 2227 ὅτι
966 2170 1099 2234 αὕτη
1138 2174 1166 2235 ἧ
1214 2171 1361 2239 χώρα
1402 2174 1588 2226 αὐτῶν.
1669 2171 1935 2226 Vitiosum
1976 2179 2059 2226 est

75 2263 121 2321 οἳ
159 2263 256 2319 dv:
300 2263 479 2318 nullus
520 2270 602 2318 est
647 2262 924 2334 partitioni
965 2260 1113 2315 locus
1153 2267 1239 2325 et,
1284 2261 1328 2314 si
1373 2259 1588 2325 suisset,
1622 2266 1740 2315 τῶν
1791 2261 2059 2328 πρώτων»

75 2348 120 2409 οἳ
158 2353 222 2408 ἄν
262 2354 524 2424 scriptum
566 2350 858 2423 oportebat.
938 2350 1209 2404 Correctio
1252 2349 1305 2403 in
1347 2356 1562 2421 promtu
1602 2357 1717 2405 est:
1773 2347 1933 2403 ὅταν
1990 2350 2059 2404 εἷ-

76 2444 222 2498 &tvm
260 2443 368 2496 κτέ.

171 2530 361 2585 Nescio
418 2546 523 2600 quo
573 2535 728 2601 pacto
787 2526 1101 2582 vocabulum
1159 2543 1188 2580 e
1244 2525 1395 2580 libris
1452 2525 1693 2597 elapsum
1749 2532 1829 2579 est
1867 2524 1958 2580 111.
2002 2529 2054 2579 4.

79 2618 220 2693 quod
261 2616 554 2691 desiderari
590 2617 856 2671 sententia
895 2615 997 2670 loci
1032 2613 1290 2669 ostendet.
1372 2613 1598 2668 Editur:
1641 2614 1727 2667 καὶ
1765 2611 1920 2675 οὕτως
1957 2611 2055 2668 ὅσα

78 2709 183 2766 ἔςιν
229 2709 280 2761 ἐν
331 2705 471 2774 ἵππῳ
529 2706 916 2772 άναβεβοιμένῳ
977 2690 1155 2758 πάντα
1209 2702 1603 2768 ε’πιδεδειγμένοο
1643 2701 1756 2759 ἔςαι
1808 2702 1894 2756 καὶ
1949 2709 2056 2764 τοῖς

77 2799 203 2857 θεοῖς
240 2797 325 2850 καὶ
362 2803 468 2855 τοῖς
506 2795 792 2862 ἀνθρώποις.
874 2791 1239 2864 supplendum
1281 2790 1410 2845 mihi
1457 2791 1759 2845 necessario
1813 2790 2057 2846 videtur:

78 2884 175 2940 ὅσα
213 2885 316 2942 ἔςιν
356 2885 407 2936 ἐν
445 2881 586 2950 ἵππῳ
625 2882 1012 2950 άναβεβαμένῳ
1055 2878 1241 2954 (καλοὶ)
1284 2880 1463 2935 πάντα
1504 2879 1896 2944 ἐπιδεδειγμένα
1938 2880 2051 2938 ἔςαι

79 2976 188 3030 κτὲ.
269 2973 525 3044 Compara
567 2970 742 3025 Iocum
794 2969 858 3024 dc
896 2970 968 3024 Re
1021 2970 1117 3042 Eq.
1156 2969 1242 3024 xl.
1286 2973 1348 3023 5:
1406 2965 1539 3028 ὅπως
1585 2968 1656 3022 τοὶ
1700 2968 1933 3025 κάλλιςα
1973 2966 2056 3024 ἴτ-

80 3082 177 3118 που
218 3063 338 3116 ἑκών
392 3082 450 3115 τε
491 3068 607 3128 ποιῇ
649 3058 735 3113 καὶ
788 3059 904 3127 δοκῇ
959 3065 1064 3119 τοῖς
1122 3059 1323 3126 ὁρῶσιν,
1363 3065 1416 3111 et
1459 3059 1487 3127 ὅ
1529 3060 1590 3111 6:
1646 3057 1794 3110 άλλοὶ
1833 3058 1913 3110 δεῖ
1951 3057 2056 3130 (τὸν

79 3150 255 3223 ἵππον)
296 3152 402 3205 άπὸ
439 3150 658 3215 σημείων
715 3148 897 3202 ἑκόντα
946 3147 1124 3202 πάντα
1177 3147 1250 3201 τοὶ
1295 3145 1529 3203 κάλλιςοο
1569 3145 1654 3198 καὶ
1698 3145 2056 3212 λαμπρότατοι

78 3240 470 3295 ἐπιδείκνυσθαι.

173 3329 415 3398 Agnosco
467 3324 754 3381 Graeculos
813 3342 957 3379 meos
1014 3325 1289 3396 antiquam
1346 3319 1557 3375 (licendi
1611 3319 2054 3375 consuetudinem

85 3414 468 3487 interpolantes
499 3413 592 3468 III.
638 3417 742 3468 12:
794 3415 852 3468 τὸ
892 3414 1024 3468 άπὸ
1062 3412 1365 3477 σάλπιγγος
1404 3411 1588 3463 θάττον
1629 3409 1930 3463 ἐπελαύνειν
1965 3429 2059 3463 κα·

85 3504 208 3566 λόν,
263 3510 316 3557 ct
364 3517 516 3556 mox:
576 3503 634 3557 τὸ
679 3505 843 3571 τρίτον
895 3501 960 3557 αὖ
1018 3503 1138 3556 άπὸ
1190 3509 1281 3563 τῆς
1336 3497 1638 3562 σάλπιγγος
1694 3499 1795 3565 χρὴ
1849 3497 2058 3566 τάχιςα

85 3593 332 3657 ἀλλήλοις
376 3591 691 3645 ἐπελαύνειν.
775 3591 986 3646 Scilicet
1034 3592 1151 3645 ὑπὸ
1196 3587 1496 3651 σάλπιγγος
1540 3593 1590 3640 cl
1632 3586 1751 3640 ὑπὸ
1796 3594 1885 3648 τῆς
1927 3586 2056 3640 σάλ-
