2436 4068
1041 197 1146 249 505

107 345 237 400 haec
276 343 342 399 ad
373 360 467 396 nos
505 344 878 414 pervenerint,
920 358 1042 394 nam
1081 341 1173 412 qui
1210 339 1355 394 solus
1396 357 1454 394 ea
1488 341 1721 398 servavit
1761 336 2084 397 Sclioliastes

104 451 230 489 cum
277 437 550 487 contemtu
610 430 752 485 illam
805 429 1166 501 suspicionem
1209 428 1394 483 abiicit
1441 436 1496 483 et
1550 429 1625 482 ita
1674 435 1861 484 tuetur
1907 430 2082 484 locum

106 530 164 575 ut
202 538 324 577 eum
363 519 661 574 rectissime
700 535 758 573 se
805 516 999 572 habere
1045 516 1277 572 affirmet
1333 525 1386 572 et
1438 516 1791 589 Sophocleum
1845 518 2083 586 vigorem

12 671 19 682 ἶ
104 609 305 664 referre
342 614 396 663 et
431 607 630 678 optime
683 606 767 660 his
806 613 860 660 et
900 612 1197 676 opportune
1257 605 1682 660 misericordiam
1735 609 2083 664 commoveri.

104 698 231 752 Istis
271 694 540 750 iudicibus
586 693 718 747 nihil
771 710 872 747 non
932 694 1171 763 anitiquis
1226 693 1582 765 scriptoribus
1638 693 1852 749 obtrudi
1894 701 2083 765 potest.

106 785 386 840 Praeterea
436 782 542 836 illis
593 782 814 852 opponit
859 780 1075 854 Didymi
1128 782 1540 837 auctoritatem:
1595 783 1731 838 οὐδὲν
1783 784 1835 840 δὲ
1888 784 1939 842 ἐν
1977 789 2083 844 τοῖς

103 873 332 939 Διδύμου
371 872 561 925 τούτων
599 862 863 935 ὀβε).ισθὲν
903 867 1148 937 εὕρομεν,
1196 870 1352 940 quasi
1395 870 1616 940 perinde
1667 879 1809 927 essct
1858 871 1911 924 in
1968 870 2085 929 tati-

102 961 203 1014 bus
256 959 546 1033 Didymum
597 965 789 1012 testem
840 957 1137 1028 producere
1186 963 1239 1011 et
1276 957 1691 1028 Aristophanem
1727 959 2085 1031 Byzantinum

101 1065 225 1103 cuni
269 1046 599 1102 Aristarcho,
679 1045 755 1099 Ne
795 1044 881 1099 his
921 1045 1140 1116 quidem
1187 1045 1320 1116 ipsis
1360 1045 1510 1100 credi
1552 1053 1730 1117 posset
1777 1047 1948 1117 ipsius
1990 1047 2083 1100 So-

102 1135 306 1207 phoclis
347 1135 443 1190 hos
483 1151 671 1188 versus
709 1150 859 1188 esse:

402 1225 529 1278 ά).λ’
569 1222 704 1284 ἴσθι,
743 1222 916 1276 τέκνον
957 1221 1209 1285 Οἰδίπου,
1249 1221 1307 1275 σέ
1346 1225 1396 1281 τ’
1434 1219 1493 1284 ἐξ
1529 1219 1639 1275 ἴσου

402 1312 708 1378 οἶκτείρομεν
748 1310 834 1365 καὶ
875 1309 1020 1364 τόνδε
1057 1313 1331 1378 συμφοράς
1369 1308 1557 1377 χάριν,

402 1402 475 1455 τά
515 1399 559 1454 δ’
600 1400 657 1454 ἐκ
696 1400 814 1454 θεῶν
855 1398 1124 1465 τρέμοντες
1166 1401 1220 1453 οὐ
1261 1397 1516 1463 σθένοιμεν
1556 1396 1622 1452 άν

402 1494 587 1557 Φωνεῖν
628 1488 760 1555 πέρα
800 1492 899 1541 τῶν
938 1487 1059 1554 πρὸς
1100 1488 1157 1540 σὲ
1198 1491 1283 1541 νῦν
1323 1485 1612 1554 εἰρημένων.

102 1577 352 1649 »Ignorat
385 1575 700 1649 Sophoclem
739 1583 793 1630 et
833 1574 1110 1647 Sophoclis
1151 1575 1445 1628 orationem
1470 1616 1483 1638 ,
1524 1575 1618 1645 qui
1670 1591 1792 1629 eum
1840 1577 1914 1631 ita
1955 1579 2085 1633 scri·

99 1666 226 1722 bere
261 1666 500 1738 potuisse
533 1665 843 1738 opinatur.”
922 1663 1078 1718 Nullo
1126 1663 1339 1734 negotio
1380 1662 1483 1734 ipsi
1534 1663 1774 1716 senarios
1833 1665 2083 1722 meliores

100 1772 333 1828 pangere
374 1771 664 1827 possemus.
744 1754 933 1824 ltaque
973 1751 1104 1807 haec
1157 1752 1338 1805 omnia
1378 1750 1587 1805 auctori
1647 1767 1744 1804 suo
1797 1752 2084 1809 reddemus

100 1851 156 1899 et
193 1844 239 1898 si
274 1859 379 1914 qua
419 1842 524 1896 alia
567 1844 724 1897 istius
772 1842 986 1913 generis
1038 1842 1093 1895 in
1135 1857 1348 1896 summo
1388 1845 1538 1911 poeta
1588 1847 1884 1899 occurrunt
1934 1858 2083 1898 cave-

100 1931 298 1986 bimuS.
378 1930 447 1986 Et
485 1939 706 2002 apparet
758 1931 945 1987 statim
985 1930 1041 1983 in
1082 1929 1281 1983 vicinia
1321 1927 1455 1990 loci,
1498 1926 1563 1982 de
1606 1944 1712 1998 quo
1752 1929 1907 1984 modo
1942 1929 2083 1986 dice-

99 2019 325 2084 bamuS,
379 2019 433 2073 in
479 2020 640 2075 Aiace
682 2036 758 2074 vs.
794 2021 922 2074 852.
979 2034 1085 2072 non
1138 2018 1322 2072 minus
1370 2014 1518 2070 foeda
1562 2023 1615 2069 et
1655 2016 1875 2075 evidens
1916 2019 2083 2074 inter-

99 2108 329 2181 polatio:

398 2197 526 2250 άλλ’
562 2196 699 2250 οὐδὲν
738 2194 884 2263 ἔργον
921 2198 1099 2249 ταῦτα
1136 2194 1415 2261 θρηνεῖσθαι
1455 2191 1631 2258 μάτην
1652 2234 1667 2256 ,

366 2283 523 2356 [ἀλλ’
561 2282 770 2352 άρκτέον
809 2284 868 2338 τὸ
909 2286 1141 2352 πρᾶγμα
1180 2283 1272 2337 σὺν
1309 2280 1472 2349 τάχει
1511 2281 1656 2352 mh]

397 2369 435 2426 ὦ
472 2371 704 2437 θάνατε,
741 2371 971 2436 θάνατε,
1011 2375 1096 2427 νῦν
1133 2376 1194 2436 μ’
1232 2370 1518 2438 ἐπίσκεψαι
1557 2370 1746 2435 μολών.

95 2477 235 2534 quae
285 2477 390 2516 non
429 2461 521 2515 σὺν
555 2460 716 2529 τάχει
770 2460 870 2516 τινί
910 2459 1072 2534 (quod
1115 2458 1249 2514 nihil
1291 2458 1582 2532 significat)
1625 2457 1717 2514 sed
1766 2460 1832 2519 ὥς
1871 2457 2082 2528 τάχιςα

8 2606 9 2613 ¹
95 2548 357 2606 eiicienda
402 2556 483 2603 est
530 2556 587 2604 et
632 2565 796 2604 sensu
828 2555 883 2604 et.
923 2543 1100 2604 verbis
1148 2546 1494 2619 putidissima
1547 2546 1904 2619 interpolatio.
1984 2549 2081 2604 lis-

7 2663 13 2715 f
97 2637 219 2694 dem
263 2635 479 2692 indiciis
511 2638 763 2708 arguitur
802 2636 952 2692 fraus
994 2635 1186 2691 similis
1222 2636 1276 2690 in
1317 2633 1692 2690 Andromache
1731 2652 1808 2690 vs·
1842 2640 1986 2693 808:

399 2726 547 2781 πόσιν
586 2726 845 2793 τρέμοντα
883 2727 958 2791 μὴ
997 2725 1090 2781 ’ντὶ
1132 2730 1230 2780 τῶν
1263 2723 1577 2791 δεδραμένων

398 2815 456 2868 ἐκ
495 2815 638 2870 τῶνδ’
673 2815 874 2879 άτίμως
914 2813 1165 2880 δωμάτων
1203 2814 1468 2889 άποςαλῇ.

365 2904 424 2977 [ἢ
463 2902 692 2970 κατθάνῳ
730 2902 984 2957 κτείνασα
1022 2902 1139 2964 τοὺς
1177 2904 1232 2957 οὐ
1271 2909 1403 2970 χρῆν
1443 2900 1694 2975 κτανεῖν]

4 3001 20 3056 ·,
95 3006 232 3062 quac
272 2990 409 3046 male
446 2990 777 3045 abundantia
827 2990 1008 3046 nescio
1049 2990 1170 3062 quis
1208 2989 1417 3047 addidit
1470 2989 1536 3045 de
1577 3007 1675 3045 suo
1727 2990 1904 3049 verbis
1964 2997 2075 3047 tam

97 3079 306 3133 vitiosis
348 3086 407 3133 ut
447 3096 553 3133 una
595 3078 758 3133 litura
798 3078 1036 3134 sananda
1075 3078 1198 3133 sint.
1279 3078 1456 3134 Pauca
1502 3078 1664 3135 verba
1717 3078 1934 3134 lectoris
1978 3080 2077 3135 im-

97 3174 326 3241 portune
367 3169 702 3239 irrepserunt
739 3168 791 3221 in
832 3165 1008 3239 lphig.
1050 3166 1226 3222 Aulid.
1262 3170 1367 3223 25:

396 3261 544 3311 τοῦτο
585 3256 637 3310 δέ
677 3256 735 3321 γ’
777 3254 880 3314 ἕςὶν
918 3255 977 3310 τὸ
1018 3257 1178 3311 καλὸν
1217 3256 1497 3325 σφαλερόν.

630 3345 711 3418 [τό
750 3365 808 3400 τε
845 3342 1146 3417 Φιλότιμον]

397 3434 568 3496 γλυκὺ
606 3435 702 3499 μὲν
743 3440 906 3487 λυπεῖ
942 3433 991 3486 δὲ
1033 3431 1420 3499 προσιςάμενον.

98 3517 457 3590 adscripscrat
516 3520 711 3592 aliquis
768 3522 827 3575 τὸ
879 3521 1156 3588 φιλότιμον
1210 3519 1277 3575 ad
1329 3519 1706 3593 explicandum
1762 3518 1890 3589 quid
1934 3525 2077 3574 essct.

97 3614 244 3663 τοῦτο
283 3607 341 3662 τὸ
383 3609 569 3672 καλὸν,
611 3608 770 3681 idque
813 3625 930 3665 sese
969 3615 1146 3682 postea
1191 3610 1240 3664 in
1282 3617 1468 3681 poetae
1508 3608 1802 3664 orationem
1842 3606 2076 3662 insinua-
