2436 4068
1308 215 1413 263 418

378 373 466 413 λαι
508 359 772 426 χρῄζοιεν,
816 359 986 422 ἡμίσει
1028 355 1092 409 ἂν
1126 355 1289 422 χρόνῳ
1338 354 1664 410 αἰσθάνεσθαι
1706 358 1763 410 τὸ
1804 358 2072 424 ςράτευμα
2100 400 2111 421 ,
2168 358 2352 429 supple

381 446 650 515 χρῄζοιεν,
697 447 787 520 (ἐν)
833 446 1001 509 ἡμίσει
1044 441 1106 495 ἂν
1146 443 1324 510 χρόνῳ.

458 534 660 604 Duplex
695 533 948 587 mendum
984 530 1154 583 inficit
1181 531 1354 583 locum
1394 530 1432 582 Ι.
1476 547 1582 583 vin.
1623 534 1712 585 26.
1759 532 1949 604 (Cyrus
1983 533 2355 605 Artaxerxem)

383 623 645 689 τιτρώσκει
685 622 768 675 δια
809 624 897 674 τοῦ
938 619 1184 685 θώρακος,
1224 615 1284 678 ὥς
1325 623 1454 686 φησι
1491 619 1721 680 Κτησίας
1763 623 1786 671 ὁ
1821 621 1988 686 ἰατρὸς
2041 621 2127 674 καὶ
2183 622 2355 675 ἰάσθαι

383 710 538 769 αὐτὸς
569 712 626 763 τὸ
660 707 872 775 τραῦμά
908 712 1083 775 φησιν.
1163 705 1429 759 Eruenda:
1474 707 1494 759 ὃ
1533 708 1731 773 ἰατρὸς,
1773 705 1865 780 (ὃς)
1908 707 1994 761 καὶ
2030 708 2354 762 ἰάσασθαι

382 797 537 857 αὐτὸς
578 798 635 851 τὸ
672 795 883 863 τραῦμά
925 799 1099 860 φησιν.
1179 793 1286 847 Cur
1321 791 1373 853 ὅς
1409 793 1666 848 exciderit
1707 802 1882 865 patet,
1918 801 2066 866 patet
2105 797 2266 850 etiam
2306 795 2357 856 ὅς

380 885 601 954 requiri.
682 883 883 937 Ctesias
939 882 1052 953 ipse
1093 898 1196 934 non
1253 888 1422 952 potest
1466 880 1569 934 alio
1621 881 1776 936 modo
1830 884 2109 953 scripsisse
2160 901 2357 954 quam:

377 973 532 1032 αὐτὸς
592 970 821 1036 ἰασάμην
875 972 933 1024 τὸ
983 973 1214 1037 τραῦμα.
1307 969 1564 1040 Compara
1617 977 1670 1023 et
1727 969 2003 1024 Plutarchi
2060 970 2236 1026 locum
2297 973 2352 1025 in

381 1063 568 1114 ArtOX.
621 1075 737 1130 cap.
781 1058 969 1112 XVIII.
1026 1056 1328 1110 ἰάσασθαι
1374 1057 1425 1110 δὲ
1477 1056 1565 1110 καὶ
1621 1058 1774 1111 τοῦτο’
1814 1063 1972 1127 φησιν
2023 1060 2045 1111 ὂ
2104 1060 2352 1121 Κτησίας.

380 1149 501 1201 Post
537 1163 741 1218 pauca,
783 1146 871 1201 ubi
915 1147 1110 1199 iterum
1153 1145 1355 1198 Ctesias
1390 1145 1737 1208 nominatur,
1778 1147 1939 1200 etiam
1983 1148 2200 1217 gravius
2241 1147 2355 1201 vul-

380 1253 483 1289 nus
545 1235 910 1307 Xenophontis
970 1233 1140 1286 oratio
1196 1233 1417 1303 aceepit.
1510 1232 1706 1286 Editur
1763 1237 1790 1305 §
1837 1236 1925 1287 27.
1987 1236 2102 1288 sine
2161 1252 2354 1289 sensu:

378 1323 549 1378 ὁπόσοι
589 1325 683 1388 μὲν
722 1325 819 1376 τῶν
860 1322 1006 1390 ἀμφὶ
1060 1321 1292 1386 βασιλέα
1351 1320 1663 1382 ἀπέθνησκον
1704 1322 1934 1383 Κτησίας
1984 1322 2192 1387 λέγει.
2234 1328 2355 1390 παρ

376 1414 545 1480 ἐκείνῳ
595 1413 699 1479 γάρ
741 1409 814 1474 ἧν.
897 1411 951 1464 Si
991 1411 1137 1474 λέγει
1197 1407 1488 1473 retinebiS,
1544 1425 1838 1478 numquam
1898 1409 2146 1481 expedies
2195 1410 2356 1465 verba

375 1517 511 1571 quae
565 1499 855 1554 adduntur.
937 1501 1198 1569 Apertum
1254 1503 1334 1550 est
1396 1495 1797 1566 Xenophontem
1857 1497 1956 1552 hoe
2014 1497 2247 1553 dixisse:
2309 1499 2355 1552 si

378 1588 500 1658 quis
556 1589 798 1659 requirat
860 1604 1146 1641 numerum
1205 1601 1427 1648 eorum,
1489 1585 1578 1654 qui
1641 1602 1702 1638 ex
1765 1586 1931 1655 copiis
1970 1588 2133 1657 regiis
2192 1587 2355 1640 occisi

375 1676 519 1738 sint,
562 1675 706 1728 illius
747 1677 824 1729 rei
866 1675 1114 1727 notitiam
1156 1693 1186 1727 a
1235 1673 1400 1726 Clesia
1441 1691 1549 1726 esse
1579 1673 1894 1743 petendam,
1935 1691 2167 1745 namque
2200 1674 2352 1728 illum

375 1763 515 1834 apud
572 1763 771 1834 Regem
835 1769 946 1816 tum
1002 1761 1183 1816 fnisse.
1283 1761 1430 1814 Hane
1482 1761 1804 1814 sententiam
1859 1763 1935 1815 sie
1989 1763 2241 1816 restitues
2294 1770 2355 1817 ut

371 1851 664 1905 rescribas:
720 1851 949 1912 Κτησίας
998 1849 1293 1914 λεγέτω,
1345 1851 1467 1915 παρ’
1502 1848 1670 1916 ἐκείνῳ
1710 1848 1815 1917 γὰρ
1871 1847 1962 1913 ἧν,
2004 1866 2141 1920 quae
2181 1849 2352 1905 forma

375 1939 587 1994 dicendi
627 1940 679 1992 in
722 1938 921 1993 talibus
958 1939 1089 1991 satis
1139 1937 1335 1991 usitata
1377 1943 1493 2000 est,
1535 1943 1597 1990 ut
1631 1937 1811 1990 sciunt
1851 1954 2050 1992 omneS.

446 2028 503 2081 In
547 2027 573 2091 ᾗ
615 2030 701 2080 28.
763 2026 1101 2092 Ἀρταπάτης
1155 2027 1200 2079 δ’
1251 2027 1274 2079 ὂ
1330 2025 1608 2085 πιςότατος
1661 2026 1801 2092 αὐτῷ
1852 2031 1949 2080 τῶν
2008 2028 2352 2094 σκηπτούχων

373 2115 646 2187 [θεράπων]
675 2157 688 2178 ,
732 2113 1095 2168 inducendum
1137 2130 1252 2168 esse
1292 2113 1642 2167 novissimum
1686 2112 2044 2176 vocabulum,
2087 2115 2353 2185 siquidem

373 2209 692 2271 σκηπτοῦχοι
735 2219 919 2256 omnes
960 2209 1086 2256 sunt
1127 2200 1427 2268 θεράποντες
1452 2243 1466 2264 ,
1522 2201 1863 2272 perspicuum
1906 2209 2005 2256 est.
2047 2202 2185 2257 conf.
2227 2211 2278 2257 et
2313 2204 2356 2258 Ι.

372 2309 440 2345 νι.
486 2298 567 2345 11.

450 2380 508 2433 In
552 2387 666 2449 cap.
704 2377 792 2431 ῙΧ.
836 2376 862 2441 ἓ
906 2380 990 2430 14.
1049 2375 1143 2434 ὥςε
1203 2378 1476 2444 φαίνεσθαι
1532 2377 1648 2437 τοὺς
1694 2379 1790 2441 μὲν
1844 2379 2071 2441 ἀγαθοὺς
2118 2380 2352 2443 εὐδαιμο·

373 2467 653 2530 νεςάτους,
693 2467 809 2525 τοὺς
846 2466 896 2519 δὲ
939 2466 1124 2524 κακοὺς
1161 2466 1366 2525 δούλους
1413 2466 1603 2519 τούτων
1638 2463 1901 2528 ἀξιοῦσθαι
1941 2462 2100 2530 εἶναι,
2142 2467 2194 2519 in
2238 2466 2358 2520 aliis

377 2564 458 2610 est
498 2554 668 2619 ἀξιοῦν
717 2550 882 2617 εἶναι,
941 2551 1030 2606 sed
1075 2569 1244 2622 neque
1285 2551 1548 2616 ἀξιοῦσθαι
1605 2569 1776 2623 neque
1823 2551 1994 2615 ἀξιοῦν
2039 2555 2116 2607 rei
2171 2562 2354 2626 aptum

377 2651 473 2697 est.
556 2641 694 2709 Quid
728 2642 799 2694 sit
834 2638 1117 2710 legendum
1153 2639 1307 2694 facile
1341 2641 1558 2711 colliges
1596 2658 1659 2695 ex
1702 2642 1840 2707 §152
1882 2642 1937 2694 οῦ
1976 2642 2081 2709 γάρ
2113 2644 2357 2710 φθονῶν

377 2738 482 2790 τοῖς
523 2734 753 2798 φανερῶς
796 2731 1099 2783 πλουτοῦσιν
1140 2729 1459 2797 ἐφαίνετο
1497 2730 1647 2784 ἀλλά
1701 2731 2078 2795 πειρώμενος
2133 2733 2355 2797 χρῆσθαι

377 2826 482 2878 τοῖς
516 2823 614 2870 τῶν
652 2816 1112 2884 ἀποκρυπτομένων
1152 2819 1448 2885 χρήμασιν,
1488 2824 1581 2872 aut
1615 2817 1677 2870 V.
1717 2835 1804 2871 vn.
1848 2821 1932 2870 10.
1973 2816 2121 2882 μόνον
2159 2818 2357 2882 ἀγαθόν

380 2926 430 2959 τι
471 2909 660 2958 ποιῶν
702 2906 839 2968 ὑμᾶς
875 2904 1242 2973 φαινέσθω,
1284 2912 1377 2959 aut
1415 2905 1476 2959 V.
1520 2922 1608 2959 vn.
1653 2909 1740 2959 55.
1783 2906 1840 2969 ἢν
1881 2905 1992 2973 περὶ
2043 2905 2111 2958 τοὶ
2153 2906 2355 2971 μέγιςα

378 2995 599 3046 τοιαῦτα
658 2990 1268 3058 ἐξαμαρτάνοντες
1310 2994 1651 3062 φαινώμεθα,
1707 2993 1921 3063 etquis
1971 2993 2140 3047 nescit
2196 3010 2356 3064 quam

381 3095 538 3150 saepe
573 3079 828 3147 φαίνομαι
871 3096 993 3132 cum
1037 3081 1320 3152 participio
1359 3081 1708 3135 coniunctum
1758 3079 1968 3150 legatur
2021 3080 2110 3134 ino
2165 3098 2359 3148 sensu,

381 3183 539 3239 quem
582 3165 670 3218 hie
711 3182 921 3237 quoque
961 3166 1110 3221 locus
1151 3169 1416 3239 requirit:
1459 3167 1805 3239 quamobrem
1847 3167 2239 3223 emendandum
2277 3176 2360 3224 est

380 3254 475 3312 ἰός-ε
514 3255 790 3324 φαίνεσθαι
829 3284 903 3293 -—
943 3253 1140 3317 ἀξιῶν
1198 3252 1356 3319 εἶναι,
1411 3272 1602 3326 nempe
1654 3255 1825 3331 Cyprus
1871 3259 2167 3323 φανερὸς
2226 3258 2358 3329 (sive

380 3341 552 3414 δῆλος)
594 3340 651 3405 ἦν
685 3343 801 3402 τοὺς
847 3340 942 3405 μὲν
982 3341 1211 3406 ἀγαθοὺς
1242 3342 1722 3408 ,εὐδαιμονεςάτους
1777 3341 1904 3397 εἶναι
1961 3342 2201 3410 ἀξιῶν,
2238 3346 2355 3406 τοὺς

382 3432 431 3485 δὲ
473 3431 660 3491 κακοὺς
701 3429 904 3489 δούλους
942 3429 1148 3483 τούτων.

471 3517 874 3589 Expellendum
910 3524 991 3572 est
1048 3532 1339 3587 pronomen
1411 3519 1551 3585 αὐτῷ
1607 3535 1670 3572 ex
1722 3518 1761 3572 Ι.
1817 3537 1887 3573 ix.
1945 3524 2030 3575 15.
2089 3525 2355 3590 τοιγαροῦν

375 3607 544 3671 πολλὴ
605 3603 660 3667 ἦν
718 3606 939 3675 ἀφθονία
1006 3605 1190 3678 [αὐτῷ]
1252 3611 1347 3660 τῶν
1389 3605 1657 3662 ἐθελόντων
1717 3607 2047 3674 κινδυνεύειν,
2097 3607 2220 3665 ὅπου
2275 3630 2352 3669 τις
