2436 4068
1328 232 1431 281 274

382 377 614 448 prelium
668 390 1002 444 cognoscere.
1084 374 1269 444 ltaque
1301 391 1423 427 *non
1466 373 1651 427 dubito
1701 375 1969 446 paulisper
2011 393 2041 429 a
2096 377 2359 447 proposito

379 462 624 534 digredi,
699 469 760 515 ut
816 477 931 516 eam
993 475 1106 514 rem
1166 462 1347 515 statim
1408 476 1530 514 cum
1602 460 1880 532 philologis
1948 465 2356 518 communicem.

379 551 611 621 Phlegon
657 547 959 602 Trallianus
997 548 1107 616 περὶ
1143 549 1440 614 θαυμασίων
1482 564 1596 620 cap.
1633 549 1695 602 X.
1739 556 1927 602 auclor
1965 557 2044 604 est
2086 551 2171 624 (M.
2206 551 2360 606 Plau-

380 639 476 710 tio)
533 638 805 710 Hypsae0‚
859 635 926 689 Μ.
965 635 1154 689 Fulvio
1203 636 1393 691 Flacco
1433 636 1575 690 Coss.
1612 637 1852 690 XVviros
1905 652 1969 690 ex
2017 638 2142 692 Scio
2197 638 2358 693 libros

378 725 669 798 Sibyllinos
708 722 904 777 adiisse
961 729 1015 777 et
1052 728 1121 778 70
1176 740 1364 779 versus
1418 723 1650 797 Sibyllae
1701 725 1951 795 apponit:
2006 726 2359 782 ὑπατευόντων

379 815 429 866 ἐν
469 814 667 880 Ῥώμη,
723 812 900 882 inquit
943 811 970 837 *
1013 813 1036 837 ⁴
1087 813 1309 880 Ὑψαίου
1350 812 1437 866 καὶ
1496 811 1711 879 Μάρκου
1753 813 2005 878 Φουλβίου
2047 814 2288 868 Φλάκκου
2329 818 2358 878 ἧ

375 901 671 965 σύγκλητος
731 899 968 953 ἐκέλευσε
1024 900 1140 961 τοὺς
1180 902 1541 968 ἱερομνήμονας
1582 902 1874 964 ἀναγνῶναι
1917 902 2034 961 τοὺς
2087 903 2357 967 Σιβύλλης

375 988 660 1056 χρησμούς.
742 987 800 1040 In
840 986 924 1040 his
975 986 1175 1058 legitur
1216 1005 1291 1042 vs.
1330 992 1398 1041 55
1441 1004 1554 1058 sqq.

618 1075 800 1141 Αὐτὰρ
839 1072 964 1130 ὅταν
1005 1076 1241 1144 Δημητρὶ
1282 1077 1369 1129 καὶ
1413 1077 1549 1145 οἱγνῇ
1590 1077 1967 1144 Περσεφονείῃ·

616 1163 780 1223 Γαίας
823 1162 1074 1230 ὑμετέρας
1116 1164 1496 1230 άπερυκέμεναι
1536 1164 1691 1231 ζυγὸν
1729 1165 1849 1218 αἰεί.

600 1252 834 1306 Ἀιδωνεῒ
867 1252 1127 1305 Πλούτωνι
1168 1252 1288 1317 βοὸς
1328 1251 1660 1319 κυανότριχος
1700 1249 1875 1317 αἷμα,

619 1345 896 1407 Λαμπροῑς
937 1336 1115 1404 εἵμασι
1155 1343 1414 1404 κοσμητοῦ
1454 1340 1598 1405 μετα
1637 1339 1901 1405 ποιμένος,
1944 1336 2048 1400 δ’ςις

672 1427 875 1495 ἦματίῳ
914 1428 1118 1488 πίσυνος
1157 1429 1276 1494 βοὸς
1319 1426 1538 1496 ἄρτεμος
1579 1429 1735 1487 αὐτὸς
1773 1425 1848 1482 δ’δ’
1890 1427 2039 1491 ἔςαι,

593 1515 779 1569 ‘'Oa-601
820 1518 868 1568 τ’
909 1514 1060 1569 ἄλλοι
1102 1517 1225 1582 ὁμοῦ
1266 1516 1462 1570 πίσυνοι
1501 1516 1644 1570 κατα
1685 1516 1889 1582 πατρίδ’
1928 1515 2062 1569 ἔασι.

614 1604 708 1665 Μη
748 1603 854 1671 γοὶρ
893 1603 1209 1672 οέπιςόφιλος
1249 1604 1495 1658 θυσίαισιν
1534 1605 1657 1671 άνηρ
1698 1603 2017 1671 παρεπέσθω.

591 1691 735 1755 ’Έξω
776 1692 818 1744 δ’
861 1690 952 1745 ἔνθ’
993 1692 1232 1756 οἷνόμιςον
1273 1691 1530 1746 ε’πέπλετο
1570 1691 1705 1761 φωτὶ
1746 1691 1863 1746 τάδ’
1902 1690 2090 1758 ἕρδειν,

615 1780 864 1836 Νούπιςοι
906 1780 1221 1833 καταδαιτὸν
1262 1778 1404 1846 ἔχειν
1445 1781 1620 1834 θυσίαν
1644 1822 1656 1843 ,
1697 1780 1840 1834 κατὰ
1878 1781 1922 1834 δ’
1962 1780 2123 1842 αὐτην

590 1868 746 1929 εὈς-ις
786 1867 850 1922 ἂν
891 1867 1146 1935 ἡμετέρων
1185 1873 1432 1935 χρησμῶν
1471 1866 1592 1936 ἴδρις
1634 1869 1685 1929 ἐς
1725 1869 1829 1922 τόδ’
1869 1867 2078 1931 ἵκηται,

612 1957 810 2022 Σεμνὸν
851 1958 1033 2022 Φοῖβον
1073 1954 1282 2010 ἄνακτα
1320 1956 1613 2022 μετελθέτω
1653 1958 1704 2010 ἐν
1744 1957 1981 2011 θυσίαισι.

440 2043 584 2099 Nihil
618 2060 734 2099 esse
765 2050 939 2116 potest
974 2044 1179 2098 certius
1213 2058 1374 2116 quam
1419 2061 1494 2099 VS.
1516 2050 1566 2099 5.
1610 2061 1704 2115 pro
1741 2046 1943 2112 ἠματίῳ
1983 2045 2187 2105 πίσυνος
2228 2046 2347 2111 βοὸς

365 2131 588 2202 ἄρτεμος
628 2132 913 2204 legendum
956 2148 1103 2187 esse:

593 2222 810 2286 Λη’ματι
851 2218 886 2288 ᾧ
927 2221 1132 2280 πίσυνος
1169 2221 1290 2286 βοὸς
1332 2219 1567 2287 ἄρταμος
1608 2220 1765 2280 αὐτὸς
1807 2218 1881 2273 ὅδ’
1922 2219 2054 2279 ἔςαι.

367 2311 422 2366 id
463 2316 576 2365 est:
633 2306 772 2370 οὗτος
816 2310 972 2370 αὐτὸς
1023 2310 1204 2376 θαρρῶν
1243 2310 1328 2363 τὸν
1367 2308 1494 2375 βοῦν
1533 2306 1746 2377 σφάξει.
1826 2307 1922 2362 Est
1970 2316 2148 2363 autem
2190 2326 2346 2381 quae-

364 2399 489 2454 dam
526 2397 688 2452 huius
738 2395 1129 2451 emendationis
1181 2396 1542 2462 πειθανάγκη,
1602 2412 1763 2467 quam
1805 2411 1870 2450 ex
1927 2396 2176 2451 Terentio
2218 2397 2345 2452 Var-

363 2503 495 2542 rone
547 2484 850 2558 prol'eram,
915 2484 1072 2538 cuius
1113 2485 1481 2539 testimonium
1535 2485 1769 2539 servavit
1826 2483 2116 2558 Dionysius
2168 2485 2340 2542 Halic.

364 2576 425 2630 A.
479 2575 542 2629 R.
584 2574 671 2628 IV.
727 2575 816 2627 62.
877 2575 920 2627 οἱ
976 2581 1069 2636 τῆς
1126 2574 1396 2640 Σιβύλλης
1452 2572 1676 2640 χρησμοὶ
1731 2572 1986 2637 διέμειναν
2038 2574 2196 2642 μέχρι
2253 2581 2343 2630 τοῦ

363 2665 633 2731 Μαρσικοῦ
667 2662 934 2723 κληθέντος
969 2661 1198 2727 πολέμου
1242 2661 1431 2735 (quum
1471 2660 1791 2732 Capitolium
1834 2661 1996 2724 arsit,
2042 2662 2133 2716 ubi
2168 2675 2342 2718 serva*

363 2749 603 2822 bantur.)
656 2749 1029 2816 ἐμπρησθέντος
1078 2753 1167 2803 τοῦ
1220 2753 1339 2803 ναοῦ
1379 2750 1471 2803 σὺν
1521 2756 1626 2810 τοῖς
1679 2747 1860 2810 ἄλλοις
1909 2749 2207 2816 άναθῆμασι
2253 2750 2340 2805 καὶ

363 2835 497 2893 οὗτοι
553 2837 896 2906 διεφθάρησαν
949 2839 1047 2892 ὑπὸ
1098 2842 1186 2892 τοῦ
1241 2837 1412 2904 πυρός.
1493 2839 1559 2891 Οἱ
1598 2838 1651 2891 δὲ
1700 2838 1785 2891 νῦν
1837 2837 1976 2899 ὄντες
2020 2838 2079 2892 ἐκ
2136 2840 2341 2894 πολλῶν

363 2931 458 2991 ἐἶσι
509 2926 825 2996 συμφόρητοι
867 2932 964 2980 τῶν
1009 2924 1144 2999 (dele
1182 2925 1300 2999 τῶν)
1342 2926 1510 2980 τόπων
1535 2944 1547 2958 ·
1599 2928 1643 2979 οἱ
1683 2927 1779 2992 μὲν
1817 2926 1875 2980 ἐκ
1913 2931 2011 2979 τῶν
2045 2927 2096 2979 ἐν
2135 2927 2340 2997 Ἰταλίᾳ

363 3017 561 3072 πόλεων
596 3015 954 3079 κομισθέντες,
995 3016 1037 3067 οἱ
1077 3014 1128 3067 δὲ
1170 3013 1227 3077 ἐξ
1265 3016 1504 3082 Ἐρυθρῶν
1539 3018 1637 3068 τῶν
1687 3014 1739 3067 ἐν
1779 3014 1935 3083 Ἀσία
1974 3013 2117 3067 κατὰ
2161 3014 2338 3079 δόγμα

362 3108 557 3173 βουλῆς
615 3102 981 3159 οέποςαλέντων
1033 3104 1363 3170 πρεσβευτῶν
1413 3102 1496 3156 ἐπὶ
1550 3104 1641 3166 την
1682 3103 2050 3170 ἀντιγραφήν·
2104 3103 2148 3155 οἱ
2195 3103 2240 3156 δ’
2281 3101 2340 3165 ἐξ

361 3192 539 3247 ἄλλων
598 3189 792 3244 πόλεων
846 3190 932 3244 καὶ
985 3193 1108 3258 παρ’
1146 3190 1330 3256 ἀνδρῶν
1379 3191 1582 3244 ἰδιωτῶν
1631 3189 2104 3258 μεταγραφέντες,
2163 3190 2214 3243 ἐν
2265 3186 2334 3250 οἷς

359 3277 677 3349 εὑρίσκονταί
716 3298 848 3338 τινες
901 3278 1299 3344 ἐμπεποιημένοι
1343 3284 1447 3338 τοῖς
1502 3279 1862 3344 Σιβυλλείοις·
1915 3277 2230 3345 ἐλέγχονται
2285 3278 2334 3332 δὲ

359 3375 478 3431 ταῖς
534 3365 877 3432 καλουμέναις
917 3367 1252 3435 οὶκροςιχίσιν.
1331 3365 1410 3420 Ex
1451 3365 1549 3420 hoc
1589 3367 1703 3439 ipso
1748 3380 1944 3436 genere
1990 3372 2070 3419 est
2116 3381 2332 3419 carmen

363 3455 717 3530 sibyllinum,
786 3453 923 3524 quod
991 3455 1223 3526 Phlegon
1289 3453 1587 3525 descripsit.
1681 3452 1974 3521 Ἀκροςιχίς
2037 3469 2327 3515 versuum,

365 3561 497 3616 quos
519 3542 893 3614 apposuimus,
938 3550 1017 3597 est
1058 3543 1453 3608 ἀγαλλόμενος,
1498 3548 1557 3595 ιιι
1592 3540 1771 3596 vides:
1813 3543 1994 3612 itaque
2015 3548 2222 3595 certum
2258 3548 2336 3595 est

365 3635 419 3695 in
461 3632 646 3704 quinto
689 3646 843 3685 versu
889 3629 1122 3686 litteram
1165 3630 1423 3687 initialem
1479 3639 1528 3688 Λ
1575 3630 1812 3703 periisse.
1895 3629 1995 3698 Qui
2037 3636 2334 3699 sequuntur

2428 4028 2436 4068 <⁴-.<.
2428 3943 2436 4022 ,ιινκηι
2428 3743 2436 3938 min-mmmmm.
2433 3697 2436 3735 .--
