2436 4068
1015 215 1124 265 615

154 361 213 416 In
256 378 371 432 cap.
412 360 504 415 Ill.
549 363 643 416 10.
721 358 798 413 Σὺ
837 358 926 420 δὲ,
967 357 1069 427 ἔφη
1115 358 1138 411 5
1178 358 1456 422 Καλλίας,
1498 356 1582 413 ἐπὶ
1629 359 1726 413 τίνι
1760 358 1909 423 μέγα
1944 364 2064 427 φρο·

21 491 27 494 .
76 459 206 512 γεῖς,
247 447 283 504 ὦ
330 449 637 515 Σώκρατες;
680 446 767 499 καὶ
809 442 861 505 ὃς
904 445 1062 511 μάλα
1106 454 1302 511 σεμνῶς
1357 447 1676 508 ἀνασπάσας
1720 447 1777 500 τὸ
1825 468 1866 499 π
1881 447 1941 512 ρο’
1956 468 2063 500 σω-

16 544 34 582 ἕ,
74 559 225 601 πον,
265 538 351 591 ἐπὶ
391 534 720 603 μαςροπεία,
759 531 919 587 εἶπεν.
962 533 1224 588 -Offendo
1266 537 1318 588 in
1365 535 1685 595 ἀνασπάσαις
1721 535 1779 588 τὸ
1821 536 2061 602 πρόσω-

14 625 36 678 ἶ
70 647 192 682 πον
246 642 346 680 nec
386 624 573 677 dubito
621 623 752 693 quin
799 623 858 675 τὸ
895 622 1134 686 μέτωπον
1188 625 1259 677 sit
1300 640 1330 676 a
1370 624 1721 695 Xenophonte
1775 624 2061 693 scriptum.

15 696 40 796 ξ
72 714 501 770 Usitatissimum
532 718 616 765 est
653 711 707 763 in
747 726 808 764 ea
844 725 901 763 re
947 713 1195 764 ἀνασπᾶν
1237 713 1336 772 τὰς
1378 716 1567 780 ὀφρῦς,
1608 713 1914 771 ἀνεσπακὼς
1961 711 2062 771 τὰς

22 798 259 871 ἰόφρῢς,
299 802 525 868 ἐπηρκὼς
553 799 655 859 τὰς
689 801 879 866 ὀφρῦς,
918 805 971 851 et
1005 800 1290 853 ἀνατείνειν
1329 807 1380 853 et
1402 801 1636 854 ἀνέλκειν
1671 807 1723 854 et
1758 801 1883 855 Sim.
1928 814 2064 869 quae

20 889 305 963 plurima
342 888 580 960 undique
615 885 829 955 collegit
870 886 1144 941 Dobraeus
1182 887 1246 941 ad
1298 888 1675 958 Aristophanis
1710 887 1941 941 Achaimn
1987 903 2061 941 VS.

21 999 35 1022 0
75 981 236 1034 1068.
316 977 515 1032 Notum
556 982 639 1029 est
689 973 961 1028 ludicrum
1004 975 1061 1029 in
1111 974 1455 1047 philosophos
1490 977 1858 1047 effigi-,amma
1905 976 2063 1029 cuius

0 1094 34 1128 a
68 1066 287 1121 initium
328 1071 441 1120 est:

0 1120 43 1223 l}
373 1151 940 1220 Ὀφρυανασπασίδαι,
979 1149 1612 1220 ῥινεγκαταπηξιγένειοι,

21 1201 208 1343 {apud
252 1240 591 1297 Athenaeum
646 1255 698 1308 p.
738 1241 841 1291 162
885 1238 948 1294 A.
1034 1239 1101 1292 Ut
1155 1239 1344 1293 Latine
1396 1239 1700 1292 contrahere
1738 1240 1968 1310 frontem
2008 1245 2061 1292 et

23 1349 41 1402 ς)
22 1307 252 1387 contra
293 1328 558 1399 explicare
596 1332 691 1379 aut
731 1343 1051 1398 εαρονςονο,
1093 1327 1171 1381 sic
1205 1327 1405 1381 Graece
1442 1328 1500 1381 τὸ
1539 1327 1778 1392 μέτωπον
1817 1347 2061 1390 συναγειν

25 1405 313 1477 {dicebant
358 1424 411 1471 et
461 1414 702 1470 ἐκτείνειν
754 1415 814 1468 τὸ
862 1414 1103 1480 μέτωπον
1144 1423 1197 1469 et
1229 1419 1417 1482 χαλαν
1464 1416 1522 1470 τὸ
1576 1417 1833 1482 μέτωπον.
1904 1416 2059 1467 Ἀ-να

24 1490 206 1565 ἶσπίὶν
225 1509 286 1563 τὸ
304 1506 544 1572 μέτωπον
584 1500 727 1573 apud
762 1502 1178 1574 Aristophanem
1216 1504 1498 1559 emendate
1529 1504 1731 1576 legitur
1766 1508 1818 1559 in
1851 1500 2056 1584 Equffl

27 1572 189 1654 631.
1405 1614 1408 1617 ·

28 1670 41 1728 ἶ
779 1682 817 1751 Αἦ
850 1682 1019 1747 βουλὴ
1059 1682 1103 1736 δ’
1142 1678 1314 1735 ἀπασ’
1355 1682 1646 1749 ἀκροωμένη

25 1744 44 1832 ἒ
285 1771 490 1839 ἔβλεψε
530 1769 670 1822 νᾶπυ
711 1771 799 1824 καὶ
841 1770 927 1824 τά
964 1769 1227 1836 μέτωπ’
1270 1770 1704 1828 ἀνέσπασαν.

10 1824 247 2050 {lenum
288 1861 343 1914 in
388 1857 579 1929 Vespis
608 1857 738 1918 655.

132 1947 433 2017 ἀκρόασαί
429 1969 549 2009 νυν,
589 1946 625 2002 ὦ
665 1949 985 2009 παππίδιον,
1026 1945 1285 2014 χαλάσας
1334 1949 1509 2013 ὀλίγον
1548 1952 1621 2004 τὸ
1661 1971 1738 2016 με
1728 1952 1972 2008 ’.τωπον

12 2005 53 2116 l}
131 2036 332 2092 Locum
369 2054 436 2092 ex
473 2037 767 2109 Equitihus
807 2036 1038 2091 afferens
1082 2034 1390 2090 Athenaeus
1431 2053 1482 2108 p.
1522 2041 1648 2093 567.
1693 2041 1754 2094 A.
1820 2064 1892 2097 τα
1934 2044 2050 2111 πρό-

31 2125 187 2181 *ecurt
220 2125 434 2190 attulit,
475 2127 636 2181 sicuti
679 2135 732 2182 et
770 2125 894 2179 alibi
936 2123 1200 2191 πρόσωπον
1237 2141 1335 2195 pro
1366 2126 1608 2190 μέτωπον
1648 2127 2051 2186 substituerunt

36 2188 299 2291 jibrarii,
354 2214 494 2286 quod
557 2216 734 2288 ipsum
789 2231 935 2269 nunc
986 2211 1141 2267 video
1182 2212 1521 2268 Dindorfium
1577 2215 1924 2274 admonuisse
1981 2220 2048 2274 ad

10 2301 237 2377 itsteph.
279 2301 441 2358 Thes.
484 2321 533 2358 v.
585 2304 877 2368 Μέτωπον,
918 2302 1013 2374 (ιυί
1053 2300 1156 2354 loci
1196 2301 1567 2374 Xenophontei
1604 2305 1828 2361 eandem
1864 2325 2046 2363 emen-

36 2384 322 2510 'pationem
375 2392 469 2447 sed
521 2392 836 2447 dubitanter
887 2389 1301 2446 commendavit.
1382 2391 1444 2445 In
1512 2392 1880 2465 Xenophontis
1942 2397 2047 2470 Gy-

15 2478 18 2485 ’
90 2488 235 2552 egcta
268 2481 358 2537 lv.
401 2485 452 2536 8.
507 2487 1004 2536 commemorantur
1044 2494 1204 2534 canes
1245 2480 1428 2547 πυρραὶ
1467 2480 1684 2549 ἔχουσαι
1721 2486 1908 2546 λευκὴν
1944 2488 2044 2552 τρί-

12 2557 19 2570 ’
169 2571 490 2625 ἐπανθοῦσαν
529 2570 643 2639 περὶ
699 2571 772 2625 τὰ
827 2569 1176 2638 πρόσωπα,
1225 2568 1411 2622 Pollux
1452 2571 1525 2623 τα
1564 2571 1790 2636 μέτωπα
1850 2572 2044 2641 affert,

20 2637 28 2711 l
90 2658 191 2714 uod
232 2658 480 2714 lubenter
534 2660 851 2731 accipimus,
933 2657 992 2711 In
1037 2657 1289 2711 Isocratis
1330 2658 1577 2729 Euagora
1635 2662 1797 2730 §44-
1859 2665 2044 2728 σεμνὸς

151 2750 207 2803 οὐ
246 2755 368 2808 ταῖς
422 2751 513 2802 τοῦ
555 2747 893 2815 προσώπου
934 2753 1275 2810 συναγωγαῖς
1316 2747 1464 2800 ἀλλα
1507 2755 1626 2809 ταῖς
1666 2753 1754 2802 τοῦ
1795 2750 1912 2815 βίου
1948 2772 2042 2806 κα-

83 2843 334 2897 ασκευαῒς
372 2834 659 2890 dubitasne
696 2836 939 2902 μετώπου
981 2834 1281 2907 reponere?
1363 2835 1642 2908 Adscripsi
1683 2845 1736 2891 et
1778 2838 2044 2911 reliquam

23 2903 151 2987 loci
189 2931 428 2996 partem,
469 2932 531 2979 ut
568 2924 808 2979 Platonis
840 2924 1020 2979 locum
1056 2924 1111 2977 in
1155 2925 1446 2994 Protagora
1475 2924 1530 2978 in
1566 2932 1888 2982 transcursu
1930 2946 2044 2984 cor·

46 3010 303 3084 figerem.
343 3012 541 3067 Editur
582 3030 632 3085 p.
668 3016 795 3070 520.
839 3014 901 3069 A.
961 3013 1659 3080 Κλεινίαν-ἐπιτροπεύων
1701 3015 1723 3068 5
1765 3018 1921 3078 αὐτὸς
1963 3015 2043 3073 οὖ-

48 3113 136 3162 !’oc
190 3102 315 3168 ἀνὴρ
375 3101 679 3174 [Περικλῆς]
741 3101 1091 3167 καταθέμενος
1157 3103 1207 3156 ἐν
1264 3102 1558 3170 Ἀρίφρονος
1614 3104 1854 3158 ἐπαίδευε
1879 3123 1891 3137 ·
1953 3107 2040 3159 κα)

50 3186 167 3256 ’πρὶν
217 3186 276 3253 ἓξ
313 3197 482 3255 μῆνας
522 3191 794 3257 γεγονέναι
835 3191 1072 3245 ἀπέδωκε
1111 3190 1274 3259 τούτῳ
1326 3194 1416 3245 οὐκ
1456 3191 1594 3259 ἔχων
1632 3188 1662 3245 5‘
1695 3212 1746 3246 τι
1784 3195 2041 3260 χρήσαιτο

50 3277 226 3346 αὐτῷ,
278 3276 372 3332 sed
416 3287 624 3333 resecto
675 3279 817 3335 sutili
858 3279 1227 3334 additamento
1268 3286 1522 3348 Περικλῆς
1557 3279 1768 3351 supple:
1812 3281 1899 3335 καὶ
1947 3278 2040 3355 (ὃς)

52 3363 167 3433 πρὶν
202 3362 260 3428 ἒξ
289 3372 458 3430 μῆνας
498 3368 771 3433 γεγονέναι
812 3369 922 3423 κτὲ.

128 3450 326 3507 Eadem
366 3457 631 3511 correctio
686 3456 857 3511 multo
905 3458 1070 3511 etiam
1111 3454 1234 3527 plus
1291 3455 1529 3527 proderit
1590 3454 1859 3508 Oenomao
1900 3459 2043 3529 apud

53 3536 346 3595 Eusebium
392 3542 444 3596 in
488 3542 797 3616 Praeparat.
842 3545 1050 3614 Euang.
1093 3543 1156 3597 V.
1201 3547 1306 3607 20,
1361 3545 1454 3615 qui
1512 3543 1577 3597 de
1634 3542 2040 3602 Heraclidarum

11 3684 13 3691 ,
50 3623 107 3683 in
143 3627 563 3700 Peloponnesum
610 3632 788 3689 reditu
830 3633 1102 3696 scribone,
1163 3649 1332 3702 quum
1395 3630 1832 3686 Aristomachum
1876 3634 2043 3689 ambi-
