2436 4068
1341 175 1445 223 716

410 319 617 382 iunxit,
672 325 728 371 ut
769 317 938 370 solent
993 315 1247 370 ineruditi
1291 318 1341 368 in
1395 333 1452 369 re
1501 315 1868 386 chronologica
1921 318 2146 371 mirifice
2202 322 2379 374 omnia
2433 328 2436 332 ⁴

407 405 748 460 confundere.
830 402 1148 457 Simillimus
1208 402 1332 456 huic
1389 421 1538 456 error
1591 406 1909 458 commissus
1967 413 2046 457 est
2102 406 2153 457 in
2210 406 2376 460 Xeno·

407 495 622 565 phontis
664 491 906 561 Agesilao
938 491 1076 544 Vlll.
1123 496 1172 546 7.
1235 491 1324 544 ubi
1367 492 1482 545 eius
1526 492 1922 563 simplicitatem
1964 493 2136 544 victus
2171 499 2224 546 et
2271 493 2378 548 l'ru·
2434 520 2436 552 ι

408 582 682 652 galitatenl
737 579 991 632 extollens
1036 578 1225 632 θεασθω
1267 600 1382 643 τις,
1425 580 1635 649 inquit,
1675 581 1773 640 τας
1823 581 1972 647 θύρας
2024 582 2199 634 αὐτοῦ.
2241 582 2378 635 εἶκαὶ-

406 690 509 723 ο-ειε
550 669 654 734 γαρ
697 666 758 720 ἄν
797 689 873 728 τις
917 667 989 721 ἔτι
1031 667 1233 727 ταύτας
1276 668 1471 727 ἐκείνας
1512 664 1673 731 εἶναι,
1714 665 1880 734 ἅσπερ
1935 669 2378 734 Ἀριςόδημος

407 759 428 809 ὂ
471 756 880 822 Ἡρακλέους
920 752 1006 807 ὅτε
1046 757 1272 816 κατῆλθε
1313 755 1492 820 λαβὼν
1534 757 1856 818 ἐπες-ἥσατο,
1898 755 1987 808 ubi
2031 755 2171 809 docti
2211 756 2380 810 homi·

408 861 502 897 nes
542 842 726 896 faciles
779 841 1006 895 credunt
1047 844 1068 895 ὃ
1111 844 1416 909 Ἡρακλέους
1459 843 1764 912 significare
1804 843 1825 895 ὁ
1870 844 2175 910 Ἡρακλέους
2235 844 2381 916 (eivsd-

404 930 590 1004 γονος).
675 929 776 983 Sed
830 946 1000 1001 neque
1054 929 1182 983 haec
1233 930 1463 992 mirifica
1522 929 1721 1000 ellipsis
1775 933 1913 983 serio
1967 930 2251 984 refutanda
2304 940 2383 987 est

407 1035 580 1090 neque
616 1018 833 1070 omnino
883 1018 982 1072 hoc
1034 1019 1232 1072 Graece
1279 1018 1507 1081 dicitur,
1548 1018 1638 1072 sed
1685 1019 1706 1071 ὂ
1746 1020 1846 1085 αφ’
1887 1019 2212 1086 Ἡρακλέους.
2294 1020 2383 1074 Le-

407 1109 513 1161 ctio
550 1122 680 1159 sana
713 1112 823 1170 est,
863 1106 955 1159 sed
988 1106 1157 1177 ipsius
1192 1106 1473 1176 scriptoris
1494 1123 1644 1160 error
1682 1113 1791 1171 est,
1834 1108 1926 1177 qui
1960 1107 2228 1160 nesciebat
2263 1110 2383 1161 Ari-

405 1195 707 1251 stodemum
746 1195 985 1259 πέμπτον
1037 1196 1137 1261 ἀφ’
1197 1195 1502 1261 Ἡρακλέους
1545 1194 1726 1248 fuisse.
1806 1195 2128 1249 Plutarchus
2179 1196 2235 1248 in
2275 1197 2384 1250 vita

402 1283 635 1354 Agesilai
677 1282 774 1335 hoc
823 1282 1189 1353 Xenophontis
1247 1283 1552 1337 testimonio
1592 1300 1725 1336 usus
1769 1284 1950 1336 omisit
2010 1284 2184 1336 sciens
2224 1284 2383 1339 verba

405 1373 427 1425 ὅ
469 1371 776 1438 Ἡρακλέους
818 1387 932 1441 cap.
972 1374 1056 1423 19.
1111 1371 1418 1440 Aqesilaus,
1470 1372 1679 1442 inquit,
1738 1390 1804 1424 θος
1843 1371 1969 1424 Asia
2005 1390 2242 1425 reversus
2274 1373 2382 1441 pri-

404 1460 594 1513 stinam
633 1459 798 1513 vicens
847 1458 1230 1529 simplicitatem
1285 1459 1533 1522 retinuit,
1587 1459 1674 1513 καὶ
1726 1461 1823 1520 τας
1866 1460 2016 1525 θύρας
2057 1463 2261 1527 ἀφῆκεν
2302 1458 2383 1514 02⁹5-
2410 1476 2419 1485 ·‘

404 1569 503 1607 τως
556 1548 711 1607 οὔσας
766 1547 965 1614 σφόδρα
1026 1547 1263 1607 παλαιὰς
1316 1550 1378 1607 ὡς
1420 1549 1579 1601 δοκεῖν
1633 1543 1759 1600 εἶναι
1817 1547 2018 1606 ταύτας
2067 1549 2263 1608 ἐκείνας
2317 1546 2382 1608 ἃς

405 1635 645 1697 ἐπέθηκεν
713 1635 1078 1702 Ἀριςόδκμος,
1136 1633 1275 1688 unde
1332 1635 1668 1706 Xenophonti
1724 1634 1885 1689 redde
1945 1636 2227 1699 ἐπεθήκατο
2291 1652 2387 1707 pro

405 1725 714 1786 ἐπεςήσατο.
797 1722 1120 1775 Plutarchus
1172 1723 1316 1775 enim
1366 1724 1696 1790 Ἀριςόδημος
1759 1724 1780 1776 o‘
1834 1724 2142 1789 Ἡρακλέους
2198 1741 2394 1777 conco--

407 1828 570 1882 quere
612 1828 713 1863 non
751 1817 992 1881 poterat:
1035 1810 1222 1863 rudior
1259 1811 1555 1881 antiquitas
1595 1812 1672 1865 sic
1713 1811 1954 1873 errabat,
1998 1811 2088 1864 sed
2137 1811 2224 1864 ubi
2265 1829 2384 1866 eru-

407 1901 520 1953 dita
558 1899 738 1953 studia
773 1898 940 1952 excoli
978 1906 1164 1968 coepta
1206 1905 1368 1963 sunt,
1411 1916 1565 1952 nemo
1604 1899 1780 1970 paullo
1814 1899 2021 1953 doctior
2059 1908 2110 1954 et
2135 1900 2388 1955 historiae
2419 1911 2422 1915 ’

407 1989 729 2059 antiquioris
773 2004 875 2040 non
919 1986 1072 2057 plane
1114 1987 1335 2056 ignarus
1376 1987 1430 2039 in
1475 1994 1585 2040 tam
1626 1988 1915 2040 immanem
1959 2005 2195 2042 errorem
2242 1996 2386 2059 pote-

405 2086 490 2132 rat
546 2075 828 2147 implicari.
912 2075 1248 2146 Quamquam
1289 2077 1430 2129 enim
1489 2077 1541 2128 in
1593 2075 1828 2146 Regibus
1866 2078 2151 2148 utriusque
2202 2077 2422 2148 stirpis>

405 2163 785 2220 enumerandis
826 2180 928 2216 non
971 2163 1147 2216 onmia
1196 2164 1248 2215 in
1308 2164 1700 2234 antiquissimis
1748 2164 2026 2229 Ἀγιάδαις
2085 2165 2172 2218 καὶ
2229 2166 2416 2231 Εὖρυο,

407 2252 681 2311 πωντίδαις
724 2251 852 2305 satis
890 2259 1093 2304 certam
1135 2257 1187 2304 et
1238 2251 1564 2321 exploratam
1607 2251 1762 2305 fidem
1808 2251 2040 2316 habent,
2088 2259 2266 2305 tamen
2310 2253 2426 2304 in··

407 2349 492 2396 ter
530 2356 713 2393 omnes
748 2337 1027 2393 constabat
1068 2339 1263 2409 quibus
1303 2339 1538 2410 Regibus
1575 2339 1812 2411 aequalis
1853 2340 2134 2412 Lycurgus
2176 2339 2382 2394 suisset.
2414 2335 2431 2406 J

407 2428 656 2500 Ephorus
714 2434 902 2480 auctor
960 2434 1040 2480 est
1103 2427 1264 2500 (apud
1319 2427 1632 2482 Strabonem
1678 2428 1740 2482 X.
1797 2446 1846 2499 p.
1885 2427 2034 2500 481.)
2091 2433 2423 2495 Λυκοῦργον,

408 2517 902 2583 ὁμολογεῖσθαι
945 2515 1126 2583 παρα
1183 2515 1452 2570 παντων
1512 2514 1656 2570 ἕκτον
1696 2516 1800 2569 ἀπὸ
1850 2516 2128 2583 Προκλέους
2177 2515 2386 2581 γεγονέ-

409 2626 526 2669 ναι,
581 2620 737 2675 quem
785 2603 1019 2656 Proclem
1067 2620 1232 2673 quum
1291 2603 1355 2656 ab
1406 2604 1634 2658 Hercule
1692 2611 1899 2658 sextum
1957 2603 2122 2657 fuisse
2181 2611 2386 2658 constet

411 2692 624 2766 (Herod.
667 2691 805 2745 Vlll.
865 2696 987 2745 151.
1056 2691 1172 2745 coll.
1227 2691 1339 2746 Vll.
1404 2691 1551 2764 204.)
1612 2693 1961 2762 consequitur
2019 2693 2300 2746 verissime
2356 2707 2427 2754 a⁴

410 2779 705 2836 Dieuchida
759 2779 898 2849 apud
957 2779 1095 2833 Plut.
1152 2780 1277 2852 Lyc.
1320 2788 1363 2833 1.
1430 2781 1738 2853 Lycurgum
1803 2780 1909 2834 dici
1974 2780 2140 2834 fuisse
2199 2778 2383 2834 ἕκτον
2430 2772 2433 2776 ’

408 2871 502 2935 μὲν
537 2869 640 2922 απὸ
674 2868 988 2934 Προκλέους,
1026 2868 1390 2922 ἑνδέκατον
1432 2870 1483 2922 δὲ
1516 2871 1618 2936 αφ’
1652 2869 1980 2935 Ἡρακλέους.
2043 2867 2183 2922 Satis
2222 2869 2383 2923 etiam
2414 2874 2430 2913 ’τ

410 2956 688 3011 constabat
728 2956 1035 3027 Lycurgum
1084 2958 1342 3024 Χαρίλλου
1388 2957 1565 3031 (quem
1618 2957 1773 3010 multi
1818 2956 1953 3010 male
1995 2957 2249 3024 Χαρίλαον
2301 2973 2386 3027 ap·

408 3044 627 3118 pellant)
691 3044 916 3110 πρόδικον
957 3046 1226 3109 γενέσθαι,
1283 3047 1370 3099 cui
1426 3048 1479 3098 in
1533 3063 1718 3116 regum
1776 3047 1912 3099 serie
1962 3047 2012 3098 ἐν
2068 3053 2174 3105 τοῖς
2229 3047 2423 3116 Εὐρυ-

407 3135 681 3193 πωντίδαις
725 3147 856 3184 suus
910 3138 1092 3185 certus
1131 3132 1280 3186 locus
1321 3134 1630 3203 assignatus
1671 3141 1750 3187 est
1795 3133 2005 3206 (nempe
2046 3140 2126 3186 est
2165 3132 2382 3198 ἕβδομος

407 3223 512 3277 απὸ
551 3217 874 3291 Προκλέους).
956 3218 1141 3289 Itaque
1188 3222 1424 3293 Lycurgi
1477 3228 1656 3286 aetaS,
1718 3236 2044 3290 quamquam
2107 3237 2208 3272 non
2268 3236 2418 3282 exa-y

410 3310 650 3366 ctissima
708 3307 809 3361 lide
859 3305 924 3360 de
964 3323 1021 3360 ea
1078 3314 1160 3361 est
1212 3315 1581 3379 compertum,
1633 3315 1812 3362 tamen
1866 3308 2009 3360 intra
2051 3314 2160 3360 tam
2204 3317 2382 3361 arctos

409 3399 541 3452 fines
582 3395 786 3450 inclusa
831 3401 946 3458 est,
998 3403 1056 3448 ut
1093 3395 1158 3448 ad
1200 3395 1343 3449 illius
1399 3413 1669 3459 errorem,
1712 3396 1802 3466 qui
1854 3412 1976 3448 eum
2039 3395 2184 3450 dicat
2237 3397 2377 3450 κατα

408 3489 498 3548 τὴν
535 3483 874 3552 Ἡρακλειδῶν
905 3481 1106 3536 κάθοδον
1141 3483 1378 3548 γενέσθαι
1419 3501 1518 3537 non
1558 3484 1725 3554 possis
1764 3500 1863 3536 non
1905 3483 2196 3537 subridere.
2277 3489 2379 3536 An-

408 3571 674 3644 tiquitatis
715 3570 787 3622 illi
831 3587 1036 3624 errores
1075 3580 1230 3634 sunt,
1293 3589 1457 3642 quum
1518 3571 1749 3626 nondum
1797 3573 2079 3641 quisquam
2133 3570 2264 3625 hacc
2304 3569 2379 3622 di-
