2436 4068
1002 167 1107 216 759

81 314 254 378 ςικόν,
308 319 361 366 et
402 310 489 364 illa
543 307 764 363 consilia
803 307 869 362 ad
912 324 1079 379 remp.
1122 307 1272 362 novis
1325 308 1588 363 reditibus
1633 310 1917 366 iuvandam
1981 313 2048 368 le-

16 458 17 467 *
82 408 171 456 ctu
216 399 449 454 iucunda
501 398 674 467 magis
729 412 845 451 esse
896 411 1055 466 quam
1110 412 1295 467 reapse
1336 396 1587 451 salubria.
1666 398 1811 452 Nihil
1858 399 2048 456 horum

79 488 357 550 EubuluS‚
398 486 490 557 qui
526 486 581 537 in
637 484 795 538 rebus
837 484 1207 537 huiuscemodi
1249 491 1478 539 aetatem
1516 488 1804 552 contrivit,
1845 497 1936 542 aut
1978 489 2047 544 fe·

78 577 151 630 cit
185 591 435 646 umquam
472 579 564 626 aut
602 572 654 624 in
691 573 930 625 animum
963 571 1217 625 inducere
1247 573 1418 642 potuit
1455 571 1657 628 facere:
1701 576 2047 645 quamobrem

15 650 18 668 ’
81 662 392 719 Schneideri
431 661 787 731 suspicionem
830 677 892 713 ex
940 659 1070 713 salso
1122 659 1245 713 Istri
1292 661 1596 714 testimonio
1648 671 1826 717 natam
1877 670 1931 718 et
1970 682 2049 719 re-

16 801 17 812 ,
77 769 196 807 rum
242 750 453 804 veritati
494 753 882 819 repugnantem
941 746 1324 818 repudiandam
1367 764 1482 802 esse
1521 765 1725 804 cense0.
1804 751 2047 807 Eubulus

77 838 480 910 Xenophontem
534 834 983 906 quemadmodum
1046 851 1148 888 non
1210 835 1570 905 psephismate
1620 837 1823 908 expulit
1885 840 2048 914 (quod

15 971 18 988 .
76 944 178 982 non
223 944 328 980 uno
363 926 576 979 nomine
616 922 910 978 absurdum
952 921 1084 994 est).
1125 923 1202 976 sic
1245 939 1348 976 non
1392 925 1660 979 revocavit
1708 943 1951 997 quoque,
1994 936 2047 983 et

16 997 18 1007 ⁸
76 1014 288 1070 libellus
326 1014 437 1082 περὶ
478 1013 638 1080 πόρων
680 1028 783 1066 non
845 1011 940 1064 uni
990 1010 1199 1065 Eubulo
1237 1012 1471 1082 scriptus
1515 1019 1597 1066 est
1636 1012 1726 1067 sed
1764 1016 2048 1082 omnibus,

75 1109 137 1157 ut
189 1101 269 1157 vel
325 1103 439 1173 ipsa
492 1100 750 1155 orationis
805 1098 976 1153 forma
1034 1097 1260 1153 subinde
1314 1098 1590 1164 declarat,
1644 1100 1809 1155 veluti
1849 1102 1938 1158 1V.
1984 1110 2044 1159 1:

70 1189 205 1252 ὅπως
244 1189 449 1256 ἄμεινον
501 1188 565 1243 ἂν
602 1186 966 1254 βουλεύοισθε,
1018 1194 1071 1241 et
1111 1189 1181 1241 52
1222 1194 1275 1240 et
1317 1191 1424 1249 40,
1483 1194 1538 1242 et
1578 1189 1640 1242 V.
1683 1192 1716 1242 9
1757 1196 1810 1243 et
1854 1195 1939 1246 10.
1994 1201 2045 1248 et

70 1277 191 1334 aliis
222 1277 370 1332 locis.
1666 1304 1671 1312 -

143 1368 329 1438 ltaque
375 1367 419 1420 si
469 1371 770 1420 statuemus
806 1362 937 1416 haec
977 1363 1180 1434 scripta
1221 1379 1336 1417 esse
1376 1364 1558 1418 statim
1599 1371 1718 1436 post
1763 1365 1910 1422 illam
1955 1385 2044 1440 pa·

67 1472 220 1520 cem,
258 1471 364 1526 qua
405 1455 428 1508 o‘
468 1453 810 1519 συμμαχικὸς
849 1451 1077 1517 πόλεμος
1117 1453 1444 1523 compositus
1479 1459 1586 1518 est,
1625 1452 1833 1524 reliqua
1864 1458 2044 1511 omnia

69 1544 282 1615 egregie
325 1541 622 1614 quadrant,
666 1547 725 1593 ut
767 1538 1126 1594 Schneiderus
1159 1547 1211 1593 et
1249 1540 1547 1595 Boeckhius
1587 1540 1915 1608 docuerunt,
1951 1545 2045 1599 sed

67 1647 175 1687 una
217 1637 383 1685 restat
415 1627 740 1692 difficultaS‚
779 1644 942 1699 quam
991 1628 1294 1682 Boeckhius
1344 1628 1601 1682 indicavit
1651 1630 1843 1686 melius
1883 1649 2045 1703 quam

65 1720 309 1775 removit.
392 1717 576 1771 »Nunc
620 1715 816 1789 (inquit
866 1715 1156 1787 Xenophon
1198 1717 1259 1769 V.
1303 1715 1378 1789 8.)
1421 1718 1635 1787 egregia
1675 1718 1849 1772 oblata
1897 1737 2045 1775 occa-

68 1808 149 1863 sio
189 1814 270 1862 est
307 1804 430 1860 ἄνευ
474 1806 633 1860 πόνων
681 1803 768 1858 καὶ
811 1800 932 1856 ἄνευ
972 1804 1203 1858 κινδύνων
1252 1805 1338 1858 καὶ
1382 1803 1502 1859 ἄνευ
1542 1805 1774 1868 δαπάνης
1811 1809 2042 1863 άνακτοῖ·

65 1898 180 1951 σθαι
213 1897 331 1955 τοὺς
357 1895 641 1955 Ἕλληνας.
720 1891 874 1946 Nunc
909 1890 1082 1946 danda
1111 1898 1192 1946 est
1226 1908 1408 1963 opera,
1450 1899 1511 1947 ut
1546 1895 1589 1947 si
1626 1911 1760 1965 quae
1795 1897 2041 1953 civitates

12 1965 15 1975 ’
66 1985 210 2039 inter
246 2000 302 2038 se
339 1982 537 2036 bellum
572 1987 798 2052 gerunt,
838 1996 928 2035 eas
967 1981 1023 2034 in
1061 1981 1288 2051 gratiam
1331 1980 1687 2047 reducamuS‚
1728 1993 1781 2038 et
1818 1986 1863 2038 si
1905 2003 2041 2057 quae

41 2072 200 2147 ‚aliae
241 2070 413 2126 turbis
450 2070 696 2125 civilibus
747 2067 1021 2133 laborant,
1061 2075 1123 2122 ut
1161 2068 1501 2123 concordiam
1544 2071 1595 2124 in
1640 2072 1706 2125 iis
1759 2079 1813 2126 et
1868 2076 2038 2130 otium

37 2160 450 2216 .restiluamus:
512 2160 553 2213 εἶ
606 2159 658 2212 δὲ
716 2158 802 2213 καὶ
857 2154 990 2217 ὅπως
1049 2158 1108 2212 τὸ
1173 2157 1224 2211 ἐν
1284 2163 1515 2227 Δελφοῖς
1575 2159 1701 2226 ἱερὸν
1760 2161 2038 2229 αὐτόνομον

62 2247 229 2315 ὅσπερ
281 2249 490 2316 πρόσθεν
522 2247 716 2311 γένοιτο
765 2245 972 2314 φανεροὶ
1022 2243 1160 2306 εἴητε
1211 2245 1606 2312 ἐπιμελόμενοι,
1662 2249 1736 2312 μη
1776 2265 2037 2314 συμπολε-

62 2341 277 2404 μοῦντες
316 2335 464 2390 άλλά
503 2334 875 2403 πρεσβεύοντες
916 2333 1018 2388 άνοὶ
1053 2333 1145 2395 την
1184 2333 1459 2398 Ἐλλάδα,
1509 2335 1610 2399 ἐγὼ
1649 2338 1745 2401 μὲν
1798 2339 1934 2392 οὐδὲν
1971 2339 2036 2395 ἂν

60 2421 204 2491 οἶμαι
244 2424 506 2489 θαυμαςὸν
558 2421 687 2478 εἶναι
743 2425 785 2477 εἰ
835 2423 920 2477 καὶ
964 2421 1170 2482 πάντας
1217 2423 1334 2483 τοὺς
1370 2421 1636 2484 Ἕλληνας
1674 2427 2035 2492 όμογνώμονάς

61 2534 122 2570 τε
176 2514 264 2568 καὶ
324 2513 585 2579 συνόρκους
627 2512 714 2566 καὶ
757 2510 1076 2578 συμμάχους
1131 2510 1351 2576 λάβοιτε
1410 2511 1495 2564 ἐπ’
1552 2513 1803 2578 ἐκείνους,
1861 2513 2037 2577 οἵτινες

58 2601 370 2658 ἐκλιπόντων
422 2602 522 2655 τῶν
565 2600 771 2654 Φωκέων
823 2601 882 2654 τὸ
930 2600 1055 2666 ἱερὸν
1108 2597 1548 2664 καταλαμβάνειν
1601 2601 1880 2668 ἐπειρῶντο.
1961 2605 2036 2660 De

58 2688 223 2746 huius
260 2690 363 2744 loci
403 2688 844 2759 interpretatione
899 2687 975 2740 ita
1028 2702 1182 2757 agam
1223 2694 1283 2740 ut
1332 2689 1673 2758 praemittam
1722 2688 2031 2762 diligentem

60 2785 362 2850 temporum
401 2778 727 2832 notationem
765 2774 1023 2846 appositis
1057 2790 1319 2829 annorum
1359 2776 1501 2831 notis
1537 2783 1589 2832 et
1625 2777 2031 2836 Atheniensium

53 2866 419 2924 archontibus,

133 2954 340 3029 Olymp.
383 2954 484 3010 CV.
530 2958 580 3008 4.
659 2954 1003 3018 ’Λγαθοκλῆς.
1064 2992 1076 3004 .
1157 2967 1187 3004 a
1234 2950 1355 3005 Chr.
1438 2955 1544 3024 55}

357 3043 484 3098 CVI.
532 3049 578 3097 1.
658 3041 904 3102 Ἐλπίνης
911 3080 1356 3093 ......
1439 3043 1544 3118 55}

529 3134 577 3183 2.
657 3130 1035 3196 Καλλίςρατος.
1156 3169 1167 3180 .
1251 3171 1261 3181 .
1344 3171 1355 3182 .
1437 3133 1543 3208 552}

529 3225 578 3273 5.
660 3219 900 3283 Διότιμος
909 3258 1359 3271 ......
1440 3221 1543 3290 δὸξ

529 3313 578 3362 4.
658 3307 892 3371 Εὔδημος
899 3346 1357 3359 ......
1440 3308 1559 3375 ὄὸξ.

334 3396 486 3452 CVII.
533 3402 579 3450 1.
658 3395 1003 3462 Ἀριςόδημος.
1060 3435 1072 3447 .
1155 3436 1166 3447 .
1249 3436 1259 3446 .
1342 3435 1355 3448 .
1436 3397 1538 3464 ὄὸξ

528 3487 578 3537 2.
660 3483 944 3542 Θέσσαλος.
1059 3522 1072 3537 .
1154 3523 1164 3535 .
1250 3523 1261 3536 .
1344 3523 1356 3535 .
1437 3486 1541 3550 δῦξ

528 3576 576 3624 5.
656 3572 1054 3638 Ἀπολλόδωρος.
1154 3612 1165 3624 .
1247 3611 1259 3623 .
1339 3611 1351 3622 .
1435 3573 1532 3646 53‘3}
