<?xml version="1.0" encoding="UTF-8"?>
<!DOCTYPE html PUBLIC "-//W3C//DTD XHTML 1.0 Transitional//EN"
    "http://www.w3.org/TR/xhtml1/DTD/xhtml1-transitional.dtd">
<html xmlns="http://www.w3.org/1999/xhtml" xml:lang="en" lang="en">
 <head>
  <title>
</title>
<meta http-equiv="Content-Type" content="text/html;charset=utf-8" />
  <meta name='ocr-system' content='tesseract 3.04.00' />
  <meta name='ocr-capabilities' content='ocr_page ocr_carea ocr_par ocr_line ocrx_word'/>
</head>
<body>
  <div class='ocr_page' id='page_1' title='image "./novaelectionesqu00cobeuoft/novaelectionesqu00cobeuoft_0291.png"; bbox 0 0 2436 4068; ppageno 0'>
   <div class='ocr_carea' id='block_1_1' title="bbox 1026 205 1130 258">
    <p class='ocr_par' dir='ltr' id='par_1_1' title="bbox 1026 205 1130 258">
     <span class='ocr_line' id='line_1_1' title="bbox 1026 205 1130 258; baseline 0.01 -2"><span class='ocrx_word' id='word_1_1' title='bbox 1026 205 1130 258; x_wconf 69' lang='lat'><strong>:257</strong></span> 
     </span>
    </p>
   </div>
   <div class='ocr_carea' id='block_1_2' title="bbox 0 344 2078 1301">
    <p class='ocr_par' dir='ltr' id='par_1_2' title="bbox 94 344 2075 767">
     <span class='ocr_line' id='line_1_2' title="bbox 96 344 2074 416; baseline -0.003 -11"><span class='ocrx_word' id='word_1_2' title='bbox 96 367 172 405; x_wconf 86' lang='grc' dir='ltr'><strong>ιιι.</strong></span> <span class='ocrx_word' id='word_1_3' title='bbox 214 352 302 403; x_wconf 79' lang='lat'><strong>24.</strong></span> <span class='ocrx_word' id='word_1_4' title='bbox 355 350 419 408; x_wconf 76' lang='grc' dir='ltr'><strong>ὥς</strong></span> <span class='ocrx_word' id='word_1_5' title='bbox 459 344 602 401; x_wconf 85' lang='grc' dir='ltr'><em>εἶπεν</em></span> <span class='ocrx_word' id='word_1_6' title='bbox 637 348 659 400; x_wconf 83' lang='grc' dir='ltr'>ὁ</span> <span class='ocrx_word' id='word_1_7' title='bbox 702 348 929 416; x_wconf 71' lang='grc' dir='ltr'><em>Σάτυρος</em></span> <span class='ocrx_word' id='word_1_8' title='bbox 968 347 1046 404; x_wconf 75' lang='grc' dir='ltr'><strong>ὅτι</strong></span> <span class='ocrx_word' id='word_1_9' title='bbox 1094 348 1352 416; x_wconf 78' lang='grc' dir='ltr'><strong>οἰμώξοιτο</strong></span> <span class='ocrx_word' id='word_1_10' title='bbox 1385 348 1428 401; x_wconf 84' lang='grc' dir='ltr'><em>εἰ</em></span> <span class='ocrx_word' id='word_1_11' title='bbox 1462 349 1537 412; x_wconf 78' lang='grc' dir='ltr'><strong>μη</strong></span> <span class='ocrx_word' id='word_1_12' title='bbox 1576 349 1912 411; x_wconf 77' lang='grc' dir='ltr'><strong>σιωπήσειεν,</strong></span> <span class='ocrx_word' id='word_1_13' title='bbox 1951 347 2074 409; x_wconf 80' lang='grc' dir='ltr'><em>ἐπή·</em></span> 
     </span>
     <span class='ocr_line' id='line_1_3' title="bbox 95 434 2075 508; baseline -0.002 -16"><span class='ocrx_word' id='word_1_14' title='bbox 95 456 243 506; x_wconf 84' lang='grc' dir='ltr'><em>ρετο·</em></span> <span class='ocrx_word' id='word_1_15' title='bbox 276 434 378 490; x_wconf 69' lang='grc' dir='ltr'><strong>’Ἂν</strong></span> <span class='ocrx_word' id='word_1_16' title='bbox 418 435 471 489; x_wconf 77' lang='grc' dir='ltr'><strong>δὲ</strong></span> <span class='ocrx_word' id='word_1_17' title='bbox 511 441 718 499; x_wconf 83' lang='grc' dir='ltr'><em>σιωπῶ,</em></span> <span class='ocrx_word' id='word_1_18' title='bbox 759 439 849 491; x_wconf 81' lang='grc' dir='ltr'><em>οὐκ</em></span> <span class='ocrx_word' id='word_1_19' title='bbox 888 436 995 505; x_wconf 78' lang='grc' dir='ltr'><em>ἄρ’,</em></span> <span class='ocrx_word' id='word_1_20' title='bbox 1033 437 1173 507; x_wconf 81' lang='grc' dir='ltr'><em>ἔφη,</em></span> <span class='ocrx_word' id='word_1_21' title='bbox 1215 435 1527 503; x_wconf 77' lang='grc' dir='ltr'><em>οἶμώξομαι;</em></span> <span class='ocrx_word' id='word_1_22' title='bbox 1565 443 1619 490; x_wconf 84' lang='lat' dir='ltr'><strong>et</strong></span> <span class='ocrx_word' id='word_1_23' title='bbox 1657 438 1855 508; x_wconf 81' lang='lat' dir='ltr'><strong>passim</strong></span> <span class='ocrx_word' id='word_1_24' title='bbox 1897 437 1951 489; x_wconf 87' lang='lat' dir='ltr'><strong>in</strong></span> <span class='ocrx_word' id='word_1_25' title='bbox 1991 453 2075 489; x_wconf 89' lang='lat' dir='ltr'><strong>co·</strong></span> 
     </span>
     <span class='ocr_line' id='line_1_4' title="bbox 96 523 2075 596; baseline -0.002 -16"><span class='ocrx_word' id='word_1_26' title='bbox 96 523 324 596; x_wconf 90' lang='lat' dir='ltr'><strong>moedia)</strong></span> <span class='ocrx_word' id='word_1_27' title='bbox 366 530 547 577; x_wconf 84' lang='lat' dir='ltr'><strong>tamen</strong></span> <span class='ocrx_word' id='word_1_28' title='bbox 593 540 696 578; x_wconf 93' lang='lat' dir='ltr'><strong>non</strong></span> <span class='ocrx_word' id='word_1_29' title='bbox 742 523 937 579; x_wconf 82' lang='lat' dir='ltr'><strong>desunt</strong></span> <span class='ocrx_word' id='word_1_30' title='bbox 977 524 1101 579; x_wconf 88' lang='lat' dir='ltr'>libri</span> <span class='ocrx_word' id='word_1_31' title='bbox 1144 526 1198 579; x_wconf 90' lang='lat' dir='ltr'><strong>in</strong></span> <span class='ocrx_word' id='word_1_32' title='bbox 1232 524 1429 596; x_wconf 87' lang='lat' dir='ltr'><strong>quibus</strong></span> <span class='ocrx_word' id='word_1_33' title='bbox 1466 523 1777 592; x_wconf 67' lang='grc' dir='ltr'><em>ἀποιμώξεις</em></span> <span class='ocrx_word' id='word_1_34' title='bbox 1811 523 2075 595; x_wconf 88' lang='lat' dir='ltr'><strong>scriptum</strong></span> 
     </span>
     <span class='ocr_line' id='line_1_5' title="bbox 94 611 1540 684; baseline -0.001 -15"><span class='ocrx_word' id='word_1_35' title='bbox 94 620 195 669; x_wconf 87' lang='lat' dir='ltr'><strong>est.</strong></span> <span class='ocrx_word' id='word_1_36' title='bbox 273 612 332 666; x_wconf 95' lang='lat' dir='ltr'><strong>ln</strong></span> <span class='ocrx_word' id='word_1_37' title='bbox 373 611 499 666; x_wconf 91' lang='lat' dir='ltr'><strong>Ione</strong></span> <span class='ocrx_word' id='word_1_38' title='bbox 545 628 621 664; x_wconf 80' lang='lat' dir='ltr'><strong>vs,</strong></span> <span class='ocrx_word' id='word_1_39' title='bbox 663 616 823 667; x_wconf 89' lang='grc'><strong>1505.</strong></span> <span class='ocrx_word' id='word_1_40' title='bbox 866 611 1049 666; x_wconf 91' lang='lat' dir='ltr'><strong>eodem</strong></span> <span class='ocrx_word' id='word_1_41' title='bbox 1090 629 1272 666; x_wconf 90' lang='lat' dir='ltr'><strong>errore</strong></span> <span class='ocrx_word' id='word_1_42' title='bbox 1309 612 1540 684; x_wconf 92' lang='lat' dir='ltr'><strong>legitur:</strong></span> 
     </span>
     <span class='ocr_line' id='line_1_6' title="bbox 394 699 1606 767; baseline 0.002 -14"><span class='ocrx_word' id='word_1_43' title='bbox 394 701 459 754; x_wconf 86' lang='grc' dir='ltr'><em>σὺ</em></span> <span class='ocrx_word' id='word_1_44' title='bbox 498 704 596 754; x_wconf 79' lang='grc' dir='ltr'><em>τῶν</em></span> <span class='ocrx_word' id='word_1_45' title='bbox 624 700 849 754; x_wconf 69' lang='grc' dir='ltr'><em>ἀτέκνων</em></span> <span class='ocrx_word' id='word_1_46' title='bbox 893 701 1005 762; x_wconf 79' lang='grc' dir='ltr'><em>δῆτ’</em></span> <span class='ocrx_word' id='word_1_47' title='bbox 1045 699 1364 767; x_wconf 71' lang='grc' dir='ltr'><strong>ἀναρπάσεις</strong></span> <span class='ocrx_word' id='word_1_48' title='bbox 1406 700 1606 766; x_wconf 81' lang='grc' dir='ltr'><em>δόμους.</em></span> 
     </span>
    </p>

    <p class='ocr_par' dir='ltr' id='par_1_3' title="bbox 0 785 2078 1301">
     <span class='ocr_line' id='line_1_7' title="bbox 95 785 2075 861; baseline -0.002 -19"><span class='ocrx_word' id='word_1_49' title='bbox 95 804 192 861; x_wconf 89' lang='lat' dir='ltr'><strong>pro</strong></span> <span class='ocrx_word' id='word_1_50' title='bbox 227 787 547 856; x_wconf 72' lang='grc' dir='ltr'><em>ἀναρπασει,</em></span> <span class='ocrx_word' id='word_1_51' title='bbox 587 788 839 858; x_wconf 89' lang='lat' dir='ltr'><strong>quoniam</strong></span> <span class='ocrx_word' id='word_1_52' title='bbox 879 786 1232 842; x_wconf 83' lang='lat' dir='ltr'><strong>Athenienses</strong></span> <span class='ocrx_word' id='word_1_53' title='bbox 1266 787 1636 855; x_wconf 69' lang='grc' dir='ltr'><em>ἀναρπάσομαι</em></span> <span class='ocrx_word' id='word_1_54' title='bbox 1673 787 1844 843; x_wconf 79' lang='lat' dir='ltr'><strong>solent</strong></span> <span class='ocrx_word' id='word_1_55' title='bbox 1879 785 2075 840; x_wconf 80' lang='lat' dir='ltr'><strong>dicere.</strong></span> 
     </span>
     <span class='ocr_line' id='line_1_8' title="bbox 95 874 2075 946; baseline -0.002 -15"><span class='ocrx_word' id='word_1_56' title='bbox 95 875 295 932; x_wconf 87' lang='lat' dir='ltr'><strong>Eadem</strong></span> <span class='ocrx_word' id='word_1_57' title='bbox 343 875 411 931; x_wconf 91' lang='lat' dir='ltr'><strong>de</strong></span> <span class='ocrx_word' id='word_1_58' title='bbox 458 891 656 939; x_wconf 88' lang='lat' dir='ltr'><strong>causa,</strong></span> <span class='ocrx_word' id='word_1_59' title='bbox 716 875 843 946; x_wconf 90' lang='lat' dir='ltr'><strong>quia</strong></span> <span class='ocrx_word' id='word_1_60' title='bbox 899 874 1253 929; x_wconf 82' lang='lat' dir='ltr'><strong>Athenienses</strong></span> <span class='ocrx_word' id='word_1_61' title='bbox 1303 875 1578 943; x_wconf 84' lang='grc' dir='ltr'><em>βλέψομαι</em></span> <span class='ocrx_word' id='word_1_62' title='bbox 1627 875 1911 941; x_wconf 74' lang='lat' dir='ltr'><strong>dicebant,</strong></span> <span class='ocrx_word' id='word_1_63' title='bbox 1969 891 2075 928; x_wconf 91' lang='lat' dir='ltr'><strong>nou</strong></span> 
     </span>
     <span class='ocr_line' id='line_1_9' title="bbox 93 961 2078 1036; baseline -0.001 -17"><span class='ocrx_word' id='word_1_64' title='bbox 93 965 316 1032; x_wconf 83' lang='grc' dir='ltr'><em>βλέψω,</em></span> <span class='ocrx_word' id='word_1_65' title='bbox 355 964 566 1035; x_wconf 86' lang='lat' dir='ltr'><strong>corrige</strong></span> <span class='ocrx_word' id='word_1_66' title='bbox 603 963 781 1018; x_wconf 92' lang='lat' dir='ltr'><strong>locum</strong></span> <span class='ocrx_word' id='word_1_67' title='bbox 821 963 874 1016; x_wconf 91' lang='lat' dir='ltr'><strong>in</strong></span> <span class='ocrx_word' id='word_1_68' title='bbox 914 963 1155 1017; x_wconf 88' lang='lat' dir='ltr'><strong>oratione</strong></span> <span class='ocrx_word' id='word_1_69' title='bbox 1193 965 1313 1017; x_wconf 75' lang='grc' dir='ltr'><em>κατ’</em></span> <span class='ocrx_word' id='word_1_70' title='bbox 1347 965 1774 1031; x_wconf 75' lang='grc' dir='ltr'><em>Ἀριςογείτονος,</em></span> <span class='ocrx_word' id='word_1_71' title='bbox 1814 981 1976 1036; x_wconf 91' lang='lat' dir='ltr'><strong>quam</strong></span> <span class='ocrx_word' id='word_1_72' title='bbox 2011 961 2078 1017; x_wconf 86' lang='lat' dir='ltr'><strong>ab</strong></span> 
     </span>
     <span class='ocr_line' id='line_1_10' title="bbox 0 1050 2074 1125; baseline 0 -20"><span class='ocrx_word' id='word_1_73' title='bbox 0 1102 4 1105; x_wconf 83' lang='lat'><strong>.</strong></span> <span class='ocrx_word' id='word_1_74' title='bbox 97 1050 367 1125; x_wconf 82' lang='lat' dir='ltr'><strong>Hyperide</strong></span> <span class='ocrx_word' id='word_1_75' title='bbox 401 1052 660 1123; x_wconf 85' lang='lat' dir='ltr'><strong>scriptam</strong></span> <span class='ocrx_word' id='word_1_76' title='bbox 715 1067 830 1106; x_wconf 86' lang='lat' dir='ltr'><strong>esse</strong></span> <span class='ocrx_word' id='word_1_77' title='bbox 876 1051 1150 1123; x_wconf 89' lang='lat' dir='ltr'><strong>suspicor,</strong></span> <span class='ocrx_word' id='word_1_78' title='bbox 1188 1067 1240 1123; x_wconf 89' lang='lat' dir='ltr'><strong>p.</strong></span> <span class='ocrx_word' id='word_1_79' title='bbox 1278 1054 1404 1106; x_wconf 89' lang='grc'><strong>799.</strong></span> <span class='ocrx_word' id='word_1_80' title='bbox 1445 1052 1577 1106; x_wconf 84' lang='grc' dir='ltr'><em>τίσιν</em></span> <span class='ocrx_word' id='word_1_81' title='bbox 1618 1054 1907 1122; x_wconf 72' lang='grc' dir='ltr'><em>ὀφθαλμοῖς</em></span> <span class='ocrx_word' id='word_1_82' title='bbox 1953 1051 2074 1119; x_wconf 81' lang='grc' dir='ltr'><strong>πρὸς</strong></span> 
     </span>
     <span class='ocr_line' id='line_1_11' title="bbox 0 1138 2078 1210; baseline -0.002 -15"><span class='ocrx_word' id='word_1_83' title='bbox 0 1168 5 1174; x_wconf 91' lang='grc'><em>·</em></span> <span class='ocrx_word' id='word_1_84' title='bbox 93 1138 275 1198; x_wconf 61' lang='grc' dir='ltr'><em>ἔκαε-ον</em></span> <span class='ocrx_word' id='word_1_85' title='bbox 330 1140 522 1195; x_wconf 88' lang='grc' dir='ltr'><em>τούτων</em></span> <span class='ocrx_word' id='word_1_86' title='bbox 573 1139 970 1208; x_wconf 71' lang='grc' dir='ltr'><em>ἄντιβλέψετες</em></span> <span class='ocrx_word' id='word_1_87' title='bbox 1030 1139 1140 1192; x_wconf 87' lang='lat' dir='ltr'><strong>imo</strong></span> <span class='ocrx_word' id='word_1_88' title='bbox 1197 1156 1322 1194; x_wconf 82' lang='lat' dir='ltr'><strong>vero</strong></span> <span class='ocrx_word' id='word_1_89' title='bbox 1371 1140 1775 1210; x_wconf 69' lang='grc' dir='ltr'><em>ἀντιβλέψεσθε.</em></span> <span class='ocrx_word' id='word_1_90' title='bbox 1868 1138 2078 1193; x_wconf 85' lang='lat' dir='ltr'><strong>Similia</strong></span> 
     </span>
     <span class='ocr_line' id='line_1_12' title="bbox 28 1226 2076 1301; baseline -0.002 -18"><span class='ocrx_word' id='word_1_91' title='bbox 28 1286 31 1290; x_wconf 74' lang='grc'><em>,</em></span> <span class='ocrx_word' id='word_1_92' title='bbox 95 1227 251 1301; x_wconf 91' lang='lat' dir='ltr'><strong>plura</strong></span> <span class='ocrx_word' id='word_1_93' title='bbox 283 1227 426 1300; x_wconf 91' lang='lat' dir='ltr'><strong>apud</strong></span> <span class='ocrx_word' id='word_1_94' title='bbox 462 1228 716 1298; x_wconf 83' lang='lat' dir='ltr'><strong>Tragicos</strong></span> <span class='ocrx_word' id='word_1_95' title='bbox 751 1244 896 1282; x_wconf 86' lang='lat' dir='ltr'><strong>nunc</strong></span> <span class='ocrx_word' id='word_1_96' title='bbox 929 1226 1146 1299; x_wconf 90' lang='lat' dir='ltr'><strong>quidem</strong></span> <span class='ocrx_word' id='word_1_97' title='bbox 1187 1228 1460 1293; x_wconf 88' lang='lat' dir='ltr'><strong>omittam,</strong></span> <span class='ocrx_word' id='word_1_98' title='bbox 1501 1228 1595 1284; x_wconf 88' lang='lat' dir='ltr'><strong>sed</strong></span> <span class='ocrx_word' id='word_1_99' title='bbox 1629 1228 1785 1301; x_wconf 91' lang='lat' dir='ltr'><strong>plane</strong></span> <span class='ocrx_word' id='word_1_100' title='bbox 1814 1226 2076 1281; x_wconf 88' lang='lat' dir='ltr'><strong>eiusdem-</strong></span> 
     </span>
    </p>
   </div>
   <div class='ocr_carea' id='block_1_3' title="bbox 0 1315 2072 1387">
    <p class='ocr_par' dir='ltr' id='par_1_4' title="bbox 0 1315 2072 1387">
     <span class='ocr_line' id='line_1_13' title="bbox 0 1315 2072 1387; baseline -0.001 -15"><span class='ocrx_word' id='word_1_101' title='bbox 0 1335 9 1362; x_wconf 70' lang='lat' dir='ltr'><em>z</em></span> <span class='ocrx_word' id='word_1_102' title='bbox 93 1315 238 1372; x_wconf 89' lang='lat' dir='ltr'><strong>modi</strong></span> <span class='ocrx_word' id='word_1_103' title='bbox 277 1316 470 1371; x_wconf 88' lang='lat' dir='ltr'><strong>vitium</strong></span> <span class='ocrx_word' id='word_1_104' title='bbox 524 1323 712 1387; x_wconf 91' lang='lat' dir='ltr'><strong>sponte</strong></span> <span class='ocrx_word' id='word_1_105' title='bbox 750 1332 838 1370; x_wconf 90' lang='lat' dir='ltr'><strong>me</strong></span> <span class='ocrx_word' id='word_1_106' title='bbox 878 1315 946 1371; x_wconf 90' lang='lat' dir='ltr'><strong>ad</strong></span> <span class='ocrx_word' id='word_1_107' title='bbox 997 1315 1306 1370; x_wconf 81' lang='lat' dir='ltr'><strong>Heraclidas</strong></span> <span class='ocrx_word' id='word_1_108' title='bbox 1358 1315 1596 1372; x_wconf 89' lang='lat' dir='ltr'><strong>reducet.</strong></span> <span class='ocrx_word' id='word_1_109' title='bbox 1675 1316 1737 1371; x_wconf 91' lang='lat' dir='ltr'><strong>In</strong></span> <span class='ocrx_word' id='word_1_110' title='bbox 1790 1315 1956 1370; x_wconf 88' lang='lat' dir='ltr'><strong>Ranis</strong></span> <span class='ocrx_word' id='word_1_111' title='bbox 1994 1332 2072 1370; x_wconf 79' lang='lat' dir='ltr'><strong>vs,</strong></span> 
     </span>
    </p>
   </div>
   <div class='ocr_carea' id='block_1_4' title="bbox 0 1402 2078 2803">
    <p class='ocr_par' dir='ltr' id='par_1_5' title="bbox 95 1402 1499 1476">
     <span class='ocr_line' id='line_1_14' title="bbox 95 1402 1499 1476; baseline 0 -16"><span class='ocrx_word' id='word_1_112' title='bbox 95 1407 223 1460; x_wconf 76' lang='lat'><strong>525.</strong></span> <span class='ocrx_word' id='word_1_113' title='bbox 267 1403 403 1459; x_wconf 88' lang='lat' dir='ltr'><strong>liber</strong></span> <span class='ocrx_word' id='word_1_114' title='bbox 431 1403 712 1458; x_wconf 87' lang='lat' dir='ltr'><strong>Ravennas</strong></span> <span class='ocrx_word' id='word_1_115' title='bbox 751 1402 890 1459; x_wconf 84' lang='lat' dir='ltr'><strong>hanc</strong></span> <span class='ocrx_word' id='word_1_116' title='bbox 925 1410 1104 1460; x_wconf 90' lang='lat' dir='ltr'><strong>servat</strong></span> <span class='ocrx_word' id='word_1_117' title='bbox 1143 1405 1499 1476; x_wconf 86' lang='lat' dir='ltr'><strong>scripturam:</strong></span> 
     </span>
    </p>

    <p class='ocr_par' dir='ltr' id='par_1_6' title="bbox 394 1489 1591 1561">
     <span class='ocr_line' id='line_1_15' title="bbox 394 1489 1591 1561; baseline 0.003 -15"><span class='ocrx_word' id='word_1_118' title='bbox 394 1492 617 1561; x_wconf 76' lang='grc' dir='ltr'><em>ἐπίσχες</em></span> <span class='ocrx_word' id='word_1_119' title='bbox 656 1489 818 1553; x_wconf 84' lang='grc' dir='ltr'><em>οὗτος.</em></span> <span class='ocrx_word' id='word_1_120' title='bbox 857 1492 996 1555; x_wconf 83' lang='grc' dir='ltr'><em>οὔτις</em></span> <span class='ocrx_word' id='word_1_121' title='bbox 1036 1513 1134 1548; x_wconf 86' lang='grc' dir='ltr'><strong>που</strong></span> <span class='ocrx_word' id='word_1_122' title='bbox 1174 1493 1393 1554; x_wconf 71' lang='grc' dir='ltr'><em>σπουδὴν</em></span> <span class='ocrx_word' id='word_1_123' title='bbox 1434 1499 1591 1555; x_wconf 80' lang='grc' dir='ltr'><strong>ποεῖς.</strong></span> 
     </span>
    </p>

    <p class='ocr_par' dir='ltr' id='par_1_7' title="bbox 0 1579 2078 2803">
     <span class='ocr_line' id='line_1_16' title="bbox 389 1579 1400 1648; baseline 0.002 -14"><span class='ocrx_word' id='word_1_124' title='bbox 389 1582 499 1644; x_wconf 78' lang='grc' dir='ltr'><em>ὁτιή</em></span> <span class='ocrx_word' id='word_1_125' title='bbox 540 1601 598 1635; x_wconf 92' lang='grc' dir='ltr'><strong>σε</strong></span> <span class='ocrx_word' id='word_1_126' title='bbox 638 1579 836 1647; x_wconf 77' lang='grc' dir='ltr'><em>παίζων</em></span> <span class='ocrx_word' id='word_1_127' title='bbox 874 1581 1082 1648; x_wconf 80' lang='grc' dir='ltr'><em>ἧρακλέ’</em></span> <span class='ocrx_word' id='word_1_128' title='bbox 1118 1582 1400 1637; x_wconf 89' lang='grc' dir='ltr'><em>ἐσκεύασα.</em></span> 
     </span>
     <span class='ocr_line' id='line_1_17' title="bbox 99 1667 2077 1733; baseline -0.002 -9"><span class='ocrx_word' id='word_1_129' title='bbox 99 1675 159 1724; x_wconf 87' lang='lat' dir='ltr'><strong>ut</strong></span> <span class='ocrx_word' id='word_1_130' title='bbox 207 1667 371 1733; x_wconf 90' lang='lat' dir='ltr'><strong>solet,</strong></span> <span class='ocrx_word' id='word_1_131' title='bbox 429 1668 640 1724; x_wconf 92' lang='lat' dir='ltr'><strong>mendis</strong></span> <span class='ocrx_word' id='word_1_132' title='bbox 682 1668 889 1724; x_wconf 88' lang='lat' dir='ltr'><strong>obsitus</strong></span> <span class='ocrx_word' id='word_1_133' title='bbox 926 1676 1010 1724; x_wconf 89' lang='lat' dir='ltr'><strong>est</strong></span> <span class='ocrx_word' id='word_1_134' title='bbox 1043 1676 1096 1724; x_wconf 92' lang='lat' dir='ltr'><strong>et</strong></span> <span class='ocrx_word' id='word_1_135' title='bbox 1136 1687 1293 1725; x_wconf 89' lang='lat' dir='ltr'><strong>verae</strong></span> <span class='ocrx_word' id='word_1_136' title='bbox 1331 1669 1588 1725; x_wconf 89' lang='lat' dir='ltr'><strong>lectiones</strong></span> <span class='ocrx_word' id='word_1_137' title='bbox 1627 1675 1755 1725; x_wconf 89' lang='lat' dir='ltr'><strong>sunt</strong></span> <span class='ocrx_word' id='word_1_138' title='bbox 1801 1668 1860 1723; x_wconf 82' lang='grc' dir='ltr'><strong>οὔ</strong></span> <span class='ocrx_word' id='word_1_139' title='bbox 1894 1667 1948 1722; x_wconf 83' lang='grc' dir='ltr'><strong>τί</strong></span> <span class='ocrx_word' id='word_1_140' title='bbox 1980 1687 2077 1722; x_wconf 84' lang='grc' dir='ltr'><strong>που</strong></span> 
     </span>
     <span class='ocr_line' id='line_1_18' title="bbox 93 1756 2078 1825; baseline -0.001 -14"><span class='ocrx_word' id='word_1_141' title='bbox 93 1756 312 1819; x_wconf 72' lang='grc' dir='ltr'><em>σπουδὴν</em></span> <span class='ocrx_word' id='word_1_142' title='bbox 361 1763 500 1811; x_wconf 82' lang='grc' dir='ltr'><em>ποιεῖ</em></span> <span class='ocrx_word' id='word_1_143' title='bbox 534 1764 590 1812; x_wconf 90' lang='lat' dir='ltr'><strong>et</strong></span> <span class='ocrx_word' id='word_1_144' title='bbox 626 1758 889 1825; x_wconf 83' lang='grc' dir='ltr'><em>Ἡρακλέα</em></span> <span class='ocrx_word' id='word_1_145' title='bbox 928 1758 1252 1813; x_wconf 65' lang='lat' dir='ltr'><strong>’nonedam</strong></span> <span class='ocrx_word' id='word_1_146' title='bbox 1331 1757 1688 1813; x_wconf 90' lang='lat' dir='ltr'><strong>Scribendum</strong></span> <span class='ocrx_word' id='word_1_147' title='bbox 1739 1764 1919 1811; x_wconf 89' lang='lat' dir='ltr'><strong>autem</strong></span> <span class='ocrx_word' id='word_1_148' title='bbox 1959 1772 2078 1811; x_wconf 91' lang='lat' dir='ltr'><strong>esse</strong></span> 
     </span>
     <span class='ocr_line' id='line_1_19' title="bbox 92 1844 2075 1918; baseline -0.001 -18"><span class='ocrx_word' id='word_1_149' title='bbox 92 1846 314 1907; x_wconf 67' lang='grc' dir='ltr'><em>σπουδὴν</em></span> <span class='ocrx_word' id='word_1_150' title='bbox 348 1851 487 1900; x_wconf 84' lang='grc' dir='ltr'><em>ποιεῖ</em></span> <span class='ocrx_word' id='word_1_151' title='bbox 521 1861 626 1899; x_wconf 92' lang='lat' dir='ltr'><strong>non</strong></span> <span class='ocrx_word' id='word_1_152' title='bbox 660 1852 821 1906; x_wconf 82' lang='grc' dir='ltr'><strong>ποιεῖς</strong></span> <span class='ocrx_word' id='word_1_153' title='bbox 862 1852 916 1900; x_wconf 86' lang='lat' dir='ltr'><strong>et</strong></span> <span class='ocrx_word' id='word_1_154' title='bbox 955 1844 1044 1900; x_wconf 89' lang='lat' dir='ltr'><strong>hic</strong></span> <span class='ocrx_word' id='word_1_155' title='bbox 1078 1862 1290 1918; x_wconf 90' lang='lat' dir='ltr'><strong>quoque</strong></span> <span class='ocrx_word' id='word_1_156' title='bbox 1329 1846 1656 1902; x_wconf 82' lang='lat' dir='ltr'><strong>Ravennatis</strong></span> <span class='ocrx_word' id='word_1_157' title='bbox 1698 1845 2075 1900; x_wconf 86' lang='lat' dir='ltr'><strong>auctoritatem</strong></span> 
     </span>
     <span class='ocr_line' id='line_1_20' title="bbox 88 1931 2073 2006; baseline 0 -19"><span class='ocrx_word' id='word_1_158' title='bbox 88 1931 245 1988; x_wconf 87' lang='lat' dir='ltr'><strong>nihili</strong></span> <span class='ocrx_word' id='word_1_159' title='bbox 283 1949 401 1988; x_wconf 88' lang='lat' dir='ltr'><strong>esse</strong></span> <span class='ocrx_word' id='word_1_160' title='bbox 439 1931 739 1988; x_wconf 73' lang='lat' dir='ltr'><strong>faciendam</strong></span> <span class='ocrx_word' id='word_1_161' title='bbox 780 1934 944 1988; x_wconf 87' lang='lat' dir='ltr'><strong>certis</strong></span> <span class='ocrx_word' id='word_1_162' title='bbox 991 1935 1328 2006; x_wconf 86' lang='lat' dir='ltr'><strong>argumentis</strong></span> <span class='ocrx_word' id='word_1_163' title='bbox 1367 1935 1511 1990; x_wconf 87' lang='lat' dir='ltr'><strong>vinci</strong></span> <span class='ocrx_word' id='word_1_164' title='bbox 1555 1941 1748 2006; x_wconf 90' lang='lat' dir='ltr'><strong>potest.</strong></span> <span class='ocrx_word' id='word_1_165' title='bbox 1831 1934 2073 1988; x_wconf 88' lang='lat' dir='ltr'><strong>Primum</strong></span> 
     </span>
     <span class='ocr_line' id='line_1_21' title="bbox 88 2020 2074 2095; baseline -0.001 -19"><span class='ocrx_word' id='word_1_166' title='bbox 88 2020 282 2076; x_wconf 82' lang='lat' dir='ltr'><strong>vindex</strong></span> <span class='ocrx_word' id='word_1_167' title='bbox 321 2028 403 2076; x_wconf 91' lang='lat' dir='ltr'><strong>est</strong></span> <span class='ocrx_word' id='word_1_168' title='bbox 439 2038 596 2077; x_wconf 86' lang='lat' dir='ltr'><strong>verae</strong></span> <span class='ocrx_word' id='word_1_169' title='bbox 633 2020 879 2077; x_wconf 89' lang='lat' dir='ltr'><strong>lectionis</strong></span> <span class='ocrx_word' id='word_1_170' title='bbox 918 2021 1319 2077; x_wconf 81' lang='lat' dir='ltr'><strong>Grammaticus</strong></span> <span class='ocrx_word' id='word_1_171' title='bbox 1357 2023 1615 2094; x_wconf 88' lang='lat' dir='ltr'><strong>antiquus</strong></span> <span class='ocrx_word' id='word_1_172' title='bbox 1648 2022 1790 2095; x_wconf 92' lang='lat' dir='ltr'><strong>apud</strong></span> <span class='ocrx_word' id='word_1_173' title='bbox 1822 2021 2074 2077; x_wconf 85' lang='lat' dir='ltr'><strong>Photium</strong></span> 
     </span>
     <span class='ocr_line' id='line_1_22' title="bbox 88 2108 2074 2180; baseline 0.001 -17"><span class='ocrx_word' id='word_1_174' title='bbox 88 2126 141 2167; x_wconf 81' lang='lat' dir='ltr'><strong>v.</strong></span> <span class='ocrx_word' id='word_1_175' title='bbox 181 2111 417 2173; x_wconf 72' lang='grc' dir='ltr'><em>Σπουδην</em></span> <span class='ocrx_word' id='word_1_176' title='bbox 464 2111 747 2165; x_wconf 74' lang='grc' dir='ltr'><em>ποιεῖσθαιε</em></span> <span class='ocrx_word' id='word_1_177' title='bbox 801 2111 862 2165; x_wconf 87' lang='grc' dir='ltr'><strong>τὸ</strong></span> <span class='ocrx_word' id='word_1_178' title='bbox 912 2110 1220 2178; x_wconf 75' lang='grc' dir='ltr'><em>ὀργίζεσθαι.</em></span> <span class='ocrx_word' id='word_1_179' title='bbox 1273 2108 1429 2172; x_wconf 76' lang='grc' dir='ltr'><em>οὕτως</em></span> <span class='ocrx_word' id='word_1_180' title='bbox 1467 2110 1812 2180; x_wconf 72' lang='grc' dir='ltr'><em>Ἀριςοφοὲνης</em></span> <span class='ocrx_word' id='word_1_181' title='bbox 1867 2112 1918 2164; x_wconf 88' lang='grc' dir='ltr'><em>ἐν</em></span> <span class='ocrx_word' id='word_1_182' title='bbox 1972 2121 2074 2164; x_wconf 85' lang='grc' dir='ltr'><strong>Βα·</strong></span> 
     </span>
     <span class='ocr_line' id='line_1_23' title="bbox 90 2198 2074 2271; baseline -0.001 -18"><span class='ocrx_word' id='word_1_183' title='bbox 90 2198 324 2268; x_wconf 70' lang='grc' dir='ltr'><em>τράχοις.</em></span> <span class='ocrx_word' id='word_1_184' title='bbox 402 2198 567 2253; x_wconf 86' lang='lat' dir='ltr'><strong>Recte</strong></span> <span class='ocrx_word' id='word_1_185' title='bbox 618 2198 852 2253; x_wconf 85' lang='lat' dir='ltr'><strong>servavit</strong></span> <span class='ocrx_word' id='word_1_186' title='bbox 900 2199 1192 2270; x_wconf 89' lang='lat' dir='ltr'><strong>genuinam</strong></span> <span class='ocrx_word' id='word_1_187' title='bbox 1240 2199 1604 2271; x_wconf 88' lang='lat' dir='ltr'><strong>scripturam,</strong></span> <span class='ocrx_word' id='word_1_188' title='bbox 1657 2200 1903 2271; x_wconf 87' lang='lat' dir='ltr'><strong>quisquis</strong></span> <span class='ocrx_word' id='word_1_189' title='bbox 1953 2205 2074 2264; x_wconf 82' lang='lat' dir='ltr'><strong>est,</strong></span> 
     </span>
     <span class='ocr_line' id='line_1_24' title="bbox 89 2284 2073 2359; baseline 0.001 -18"><span class='ocrx_word' id='word_1_190' title='bbox 89 2284 184 2341; x_wconf 86' lang='lat' dir='ltr'><strong>sed</strong></span> <span class='ocrx_word' id='word_1_191' title='bbox 224 2285 346 2341; x_wconf 82' lang='lat' dir='ltr'><strong>vide</strong></span> <span class='ocrx_word' id='word_1_192' title='bbox 390 2301 552 2358; x_wconf 87' lang='lat' dir='ltr'><strong>quam</strong></span> <span class='ocrx_word' id='word_1_193' title='bbox 597 2285 769 2340; x_wconf 87' lang='lat' dir='ltr'><strong>bonus</strong></span> <span class='ocrx_word' id='word_1_194' title='bbox 821 2287 1088 2358; x_wconf 86' lang='lat' dir='ltr'><strong>interpres</strong></span> <span class='ocrx_word' id='word_1_195' title='bbox 1138 2288 1244 2352; x_wconf 90' lang='lat' dir='ltr'><strong>sit,</strong></span> <span class='ocrx_word' id='word_1_196' title='bbox 1297 2288 1390 2359; x_wconf 89' lang='lat' dir='ltr'><strong>qui</strong></span> <span class='ocrx_word' id='word_1_197' title='bbox 1444 2288 1585 2343; x_wconf 91' lang='lat' dir='ltr'><strong>serio</strong></span> <span class='ocrx_word' id='word_1_198' title='bbox 1625 2287 1812 2344; x_wconf 87' lang='lat' dir='ltr'><strong>doceat</strong></span> <span class='ocrx_word' id='word_1_199' title='bbox 1850 2289 2073 2351; x_wconf 70' lang='grc' dir='ltr'><em>σπουδὴν</em></span> 
     </span>
     <span class='ocr_line' id='line_1_25' title="bbox 88 2372 2072 2449; baseline 0.001 -19"><span class='ocrx_word' id='word_1_200' title='bbox 88 2376 341 2430; x_wconf 77' lang='grc' dir='ltr'><em>ποιεῖσθαι</em></span> <span class='ocrx_word' id='word_1_201' title='bbox 381 2372 688 2446; x_wconf 84' lang='lat' dir='ltr'><strong>significare</strong></span> <span class='ocrx_word' id='word_1_202' title='bbox 727 2373 1052 2442; x_wconf 74' lang='grc' dir='ltr'><em>ὀργίζεσθαι,</em></span> <span class='ocrx_word' id='word_1_203' title='bbox 1101 2374 1242 2447; x_wconf 91' lang='lat' dir='ltr'><strong>quod</strong></span> <span class='ocrx_word' id='word_1_204' title='bbox 1283 2382 1392 2431; x_wconf 87' lang='lat' dir='ltr'><strong>tam</strong></span> <span class='ocrx_word' id='word_1_205' title='bbox 1433 2374 1628 2431; x_wconf 82' lang='lat' dir='ltr'><strong>salsum</strong></span> <span class='ocrx_word' id='word_1_206' title='bbox 1671 2384 1751 2432; x_wconf 91' lang='lat' dir='ltr'><strong>est</strong></span> <span class='ocrx_word' id='word_1_207' title='bbox 1787 2393 1949 2449; x_wconf 87' lang='lat' dir='ltr'><strong>quam</strong></span> <span class='ocrx_word' id='word_1_208' title='bbox 1983 2375 2072 2431; x_wconf 89' lang='lat' dir='ltr'><strong>ab·</strong></span> 
     </span>
     <span class='ocr_line' id='line_1_26' title="bbox 88 2461 2071 2537; baseline 0.002 -20"><span class='ocrx_word' id='word_1_209' title='bbox 88 2461 334 2517; x_wconf 82' lang='lat' dir='ltr'><strong>surdum.</strong></span> <span class='ocrx_word' id='word_1_210' title='bbox 411 2461 566 2517; x_wconf 90' lang='lat' dir='ltr'><strong>Haud</strong></span> <span class='ocrx_word' id='word_1_211' title='bbox 600 2479 723 2517; x_wconf 88' lang='lat' dir='ltr'><strong>raro</strong></span> <span class='ocrx_word' id='word_1_212' title='bbox 757 2462 961 2518; x_wconf 88' lang='lat' dir='ltr'><strong>videbis</strong></span> <span class='ocrx_word' id='word_1_213' title='bbox 1000 2471 1208 2520; x_wconf 87' lang='lat' dir='ltr'><strong>veteres</strong></span> <span class='ocrx_word' id='word_1_214' title='bbox 1242 2465 1635 2520; x_wconf 88' lang='lat' dir='ltr'><strong>Grammaticos</strong></span> <span class='ocrx_word' id='word_1_215' title='bbox 1674 2466 1751 2520; x_wconf 91' lang='lat' dir='ltr'><strong>sic</strong></span> <span class='ocrx_word' id='word_1_216' title='bbox 1791 2467 2071 2537; x_wconf 89' lang='lat' dir='ltr'><strong>antiquam</strong></span> 
     </span>
     <span class='ocr_line' id='line_1_27' title="bbox 84 2549 2071 2626; baseline 0.002 -20"><span class='ocrx_word' id='word_1_217' title='bbox 84 2549 328 2622; x_wconf 85' lang='lat' dir='ltr'><strong>linguam</strong></span> <span class='ocrx_word' id='word_1_218' title='bbox 366 2557 421 2605; x_wconf 91' lang='lat' dir='ltr'><strong>et</strong></span> <span class='ocrx_word' id='word_1_219' title='bbox 459 2557 635 2606; x_wconf 89' lang='lat' dir='ltr'><strong>certos</strong></span> <span class='ocrx_word' id='word_1_220' title='bbox 671 2551 1018 2623; x_wconf 90' lang='lat' dir='ltr'><strong>antiquorum</strong></span> <span class='ocrx_word' id='word_1_221' title='bbox 1056 2552 1199 2608; x_wconf 92' lang='lat' dir='ltr'><strong>locos</strong></span> <span class='ocrx_word' id='word_1_222' title='bbox 1233 2553 1580 2625; x_wconf 88' lang='lat' dir='ltr'><strong>interpretari</strong></span> <span class='ocrx_word' id='word_1_223' title='bbox 1621 2560 1680 2608; x_wconf 89' lang='lat' dir='ltr'><strong>ut</strong></span> <span class='ocrx_word' id='word_1_224' title='bbox 1719 2553 1981 2626; x_wconf 88' lang='lat' dir='ltr'><strong>quidquid</strong></span> <span class='ocrx_word' id='word_1_225' title='bbox 2016 2555 2071 2609; x_wconf 92' lang='lat' dir='ltr'><strong>in</strong></span> 
     </span>
     <span class='ocr_line' id='line_1_28' title="bbox 24 2637 2067 2711; baseline 0.001 -16"><span class='ocrx_word' id='word_1_226' title='bbox 24 2659 28 2663; x_wconf 91' lang='lat'>·</span> <span class='ocrx_word' id='word_1_227' title='bbox 85 2637 310 2695; x_wconf 81' lang='lat' dir='ltr'><strong>buccam</strong></span> <span class='ocrx_word' id='word_1_228' title='bbox 345 2639 552 2694; x_wconf 83' lang='lat' dir='ltr'><strong>venerit</strong></span> <span class='ocrx_word' id='word_1_229' title='bbox 583 2654 780 2711; x_wconf 88' lang='lat' dir='ltr'><strong>magna</strong></span> <span class='ocrx_word' id='word_1_230' title='bbox 818 2639 1146 2696; x_wconf 89' lang='lat' dir='ltr'><strong>confidentia</strong></span> <span class='ocrx_word' id='word_1_231' title='bbox 1184 2639 1471 2696; x_wconf 86' lang='lat' dir='ltr'><strong>affirment.</strong></span> <span class='ocrx_word' id='word_1_232' title='bbox 1551 2644 1786 2706; x_wconf 72' lang='grc' dir='ltr'><em>Σπουδὴν</em></span> <span class='ocrx_word' id='word_1_233' title='bbox 1825 2647 2067 2710; x_wconf 79' lang='grc' dir='ltr'><strong>ποιοῦμαι</strong></span> 
     </span>
     <span class='ocr_line' id='line_1_29' title="bbox 0 2716 2070 2803; baseline 0.002 -20"><span class='ocrx_word' id='word_1_234' title='bbox 0 2716 28 2776; x_wconf 73' lang='grc'><strong>’.</strong></span> <span class='ocrx_word' id='word_1_235' title='bbox 85 2726 357 2799; x_wconf 75' lang='lat' dir='ltr'><strong>significat</strong></span> <span class='ocrx_word' id='word_1_236' title='bbox 394 2726 662 2795; x_wconf 70' lang='grc' dir='ltr'><em>σπουδάζω</em></span> <span class='ocrx_word' id='word_1_237' title='bbox 685 2770 701 2791; x_wconf 92' lang='grc'><em>,</em></span> <span class='ocrx_word' id='word_1_238' title='bbox 741 2735 795 2783; x_wconf 90' lang='lat' dir='ltr'><strong>et</strong></span> <span class='ocrx_word' id='word_1_239' title='bbox 834 2737 916 2783; x_wconf 88' lang='lat' dir='ltr'><strong>est</strong></span> <span class='ocrx_word' id='word_1_240' title='bbox 955 2728 1010 2783; x_wconf 92' lang='lat' dir='ltr'><strong>id</strong></span> <span class='ocrx_word' id='word_1_241' title='bbox 1049 2729 1226 2801; x_wconf 91' lang='lat' dir='ltr'><strong>ipsum</strong></span> <span class='ocrx_word' id='word_1_242' title='bbox 1268 2730 1572 2785; x_wconf 86' lang='lat' dir='ltr'><strong>certissimo</strong></span> <span class='ocrx_word' id='word_1_243' title='bbox 1610 2738 1930 2803; x_wconf 87' lang='lat' dir='ltr'><strong>argumento</strong></span> <span class='ocrx_word' id='word_1_244' title='bbox 1962 2752 2070 2787; x_wconf 82' lang='grc' dir='ltr'><strong>ποι·</strong></span> 
     </span>
    </p>
   </div>
   <div class='ocr_carea' id='block_1_5' title="bbox 0 2815 2071 3070">
    <p class='ocr_par' dir='ltr' id='par_1_8' title="bbox 0 2815 2071 3070">
     <span class='ocr_line' id='line_1_30' title="bbox 6 2815 2071 2892; baseline 0.002 -22"><span class='ocrx_word' id='word_1_245' title='bbox 6 2830 29 2868; x_wconf 92' lang='grc'><strong>.·</strong></span> <span class='ocrx_word' id='word_1_246' title='bbox 84 2817 247 2871; x_wconf 73' lang='grc' dir='ltr'><em>οῒσθαι</em></span> <span class='ocrx_word' id='word_1_247' title='bbox 303 2831 406 2870; x_wconf 92' lang='lat' dir='ltr'><strong>non</strong></span> <span class='ocrx_word' id='word_1_248' title='bbox 447 2823 606 2871; x_wconf 85' lang='grc' dir='ltr'><strong>ποιεῖν</strong></span> <span class='ocrx_word' id='word_1_249' title='bbox 656 2815 764 2872; x_wconf 90' lang='lat' dir='ltr'><strong>dici</strong></span> <span class='ocrx_word' id='word_1_250' title='bbox 808 2825 1069 2890; x_wconf 86' lang='lat' dir='ltr'><strong>oportere.</strong></span> <span class='ocrx_word' id='word_1_251' title='bbox 1148 2817 1349 2890; x_wconf 87' lang='lat' dir='ltr'><strong>Nempe</strong></span> <span class='ocrx_word' id='word_1_252' title='bbox 1396 2825 1477 2874; x_wconf 88' lang='lat' dir='ltr'><strong>est</strong></span> <span class='ocrx_word' id='word_1_253' title='bbox 1515 2836 1577 2875; x_wconf 91' lang='lat' dir='ltr'><strong>ea</strong></span> <span class='ocrx_word' id='word_1_254' title='bbox 1631 2818 2071 2892; x_wconf 76' lang='lat' dir='ltr'><strong>frequentissima</strong></span> 
     </span>
     <span class='ocr_line' id='line_1_31' title="bbox 0 2903 2068 2981; baseline 0.002 -22"><span class='ocrx_word' id='word_1_255' title='bbox 0 2936 26 2955; x_wconf 51' lang='grc' dir='ltr'><strong>ι</strong></span> <span class='ocrx_word' id='word_1_256' title='bbox 85 2904 141 2960; x_wconf 86' lang='lat' dir='ltr'><strong>in</strong></span> <span class='ocrx_word' id='word_1_257' title='bbox 180 2903 383 2960; x_wconf 88' lang='lat' dir='ltr'><strong>Graeco</strong></span> <span class='ocrx_word' id='word_1_258' title='bbox 419 2921 665 2960; x_wconf 86' lang='lat' dir='ltr'><strong>sermone</strong></span> <span class='ocrx_word' id='word_1_259' title='bbox 718 2905 1080 2978; x_wconf 80' lang='lat' dir='ltr'><strong>periphrasiS,</strong></span> <span class='ocrx_word' id='word_1_260' title='bbox 1138 2922 1299 2978; x_wconf 91' lang='lat' dir='ltr'><strong>quam</strong></span> <span class='ocrx_word' id='word_1_261' title='bbox 1349 2906 1510 2963; x_wconf 87' lang='lat' dir='ltr'><strong>verba</strong></span> <span class='ocrx_word' id='word_1_262' title='bbox 1562 2907 1817 2981; x_wconf 87' lang='lat' dir='ltr'><strong>pleraque</strong></span> <span class='ocrx_word' id='word_1_263' title='bbox 1867 2907 2068 2964; x_wconf 90' lang='lat' dir='ltr'><strong>admit-</strong></span> 
     </span>
     <span class='ocr_line' id='line_1_32' title="bbox 89 2993 2069 3070; baseline 0.003 -22.756"><span class='ocrx_word' id='word_1_264' title='bbox 89 2999 243 3057; x_wconf 79' lang='lat' dir='ltr'><strong>tunt,</strong></span> <span class='ocrx_word' id='word_1_265' title='bbox 297 3000 358 3047; x_wconf 84' lang='lat' dir='ltr'><strong>ut</strong></span> <span class='ocrx_word' id='word_1_266' title='bbox 410 3010 457 3046; x_wconf 85' lang='lat' dir='ltr'><strong>v.</strong></span> <span class='ocrx_word' id='word_1_267' title='bbox 495 3010 545 3049; x_wconf 91' lang='lat' dir='ltr'><strong>c.</strong></span> <span class='ocrx_word' id='word_1_268' title='bbox 590 3010 686 3065; x_wconf 84' lang='lat' dir='ltr'><strong>pro</strong></span> <span class='ocrx_word' id='word_1_269' title='bbox 731 2994 909 3059; x_wconf 74' lang='grc' dir='ltr'><em>λέγειν</em></span> <span class='ocrx_word' id='word_1_270' title='bbox 949 2993 1164 3050; x_wconf 81' lang='lat' dir='ltr'><strong>dicatur</strong></span> <span class='ocrx_word' id='word_1_271' title='bbox 1206 2998 1457 3052; x_wconf 80' lang='grc' dir='ltr'><em>ποιεῖσθαι</em></span> <span class='ocrx_word' id='word_1_272' title='bbox 1497 2996 1723 3063; x_wconf 74' lang='grc' dir='ltr'><em>λόγους,</em></span> <span class='ocrx_word' id='word_1_273' title='bbox 1767 3014 1863 3070; x_wconf 82' lang='lat' dir='ltr'><strong>pro</strong></span> <span class='ocrx_word' id='word_1_274' title='bbox 1902 3018 2069 3059; x_wconf 82' lang='grc' dir='ltr'><em>κατη-</em></span> 
     </span>
    </p>
   </div>
   <div class='ocr_carea' id='block_1_6' title="bbox 0 3082 2066 3244">
    <p class='ocr_par' dir='ltr' id='par_1_9' title="bbox 0 3082 2066 3244">
     <span class='ocr_line' id='line_1_33' title="bbox 0 3082 2066 3165; baseline 0.002 -30"><span class='ocrx_word' id='word_1_275' title='bbox 0 3125 34 3161; x_wconf 85' lang='lat'><strong>-.·</strong></span> <span class='ocrx_word' id='word_1_276' title='bbox 83 3088 250 3150; x_wconf 74' lang='grc' dir='ltr'><em>γορεῖν</em></span> <span class='ocrx_word' id='word_1_277' title='bbox 301 3082 615 3149; x_wconf 73' lang='grc' dir='ltr'><strong>κατηγορίαν</strong></span> <span class='ocrx_word' id='word_1_278' title='bbox 668 3084 918 3138; x_wconf 81' lang='grc' dir='ltr'><em>ποιεῖσθαι</em></span> <span class='ocrx_word' id='word_1_279' title='bbox 940 3125 955 3148; x_wconf 91' lang='grc'><em>,</em></span> <span class='ocrx_word' id='word_1_280' title='bbox 1007 3090 1060 3138; x_wconf 84' lang='lat' dir='ltr'><strong>et</strong></span> <span class='ocrx_word' id='word_1_281' title='bbox 1095 3083 1279 3165; x_wconf 62' lang='lat' dir='ltr'><strong>eodem</strong></span> <span class='ocrx_word' id='word_1_282' title='bbox 1329 3085 1485 3140; x_wconf 85' lang='lat' dir='ltr'><strong>modo</strong></span> <span class='ocrx_word' id='word_1_283' title='bbox 1530 3085 1856 3152; x_wconf 72' lang='grc' dir='ltr'><em>ἀπολογίαν,</em></span> <span class='ocrx_word' id='word_1_284' title='bbox 1909 3087 2066 3152; x_wconf 79' lang='grc' dir='ltr'><em>μήνυ-</em></span> 
     </span>
     <span class='ocr_line' id='line_1_34' title="bbox 84 3169 2064 3244; baseline 0.002 -20"><span class='ocrx_word' id='word_1_285' title='bbox 84 3189 197 3233; x_wconf 80' lang='grc' dir='ltr'><em>σιν,</em></span> <span class='ocrx_word' id='word_1_286' title='bbox 238 3171 429 3237; x_wconf 82' lang='grc' dir='ltr'><em>κρίσιν,</em></span> <span class='ocrx_word' id='word_1_287' title='bbox 487 3169 730 3237; x_wconf 72' lang='grc' dir='ltr'><em>ἀκρόασιν</em></span> <span class='ocrx_word' id='word_1_288' title='bbox 753 3214 766 3235; x_wconf 92' lang='grc'><em>,</em></span> <span class='ocrx_word' id='word_1_289' title='bbox 822 3173 1134 3238; x_wconf 80' lang='grc' dir='ltr'><em>κολακείαν,</em></span> <span class='ocrx_word' id='word_1_290' title='bbox 1174 3171 1414 3238; x_wconf 83' lang='grc' dir='ltr'><em>ἔπαινον,</em></span> <span class='ocrx_word' id='word_1_291' title='bbox 1452 3174 1813 3244; x_wconf 77' lang='grc' dir='ltr'><em>βλασφημίαν</em></span> <span class='ocrx_word' id='word_1_292' title='bbox 1838 3217 1853 3238; x_wconf 94' lang='grc'><em>,</em></span> <span class='ocrx_word' id='word_1_293' title='bbox 1894 3176 2064 3242; x_wconf 75' lang='grc' dir='ltr'><strong>οὶμφι-</strong></span> 
     </span>
    </p>
   </div>
   <div class='ocr_carea' id='block_1_7' title="bbox 0 3258 2065 3334">
    <p class='ocr_par' dir='ltr' id='par_1_10' title="bbox 0 3258 2065 3334">
     <span class='ocr_line' id='line_1_35' title="bbox 0 3258 2065 3334; baseline 0.003 -22"><span class='ocrx_word' id='word_1_294' title='bbox 0 3262 28 3307; x_wconf 74' lang='grc' dir='ltr'><strong>’ὶ</strong></span> <span class='ocrx_word' id='word_1_295' title='bbox 83 3258 337 3324; x_wconf 77' lang='grc' dir='ltr'><em>σβήτησιν</em></span> <span class='ocrx_word' id='word_1_296' title='bbox 370 3266 423 3314; x_wconf 85' lang='lat' dir='ltr'><strong>et</strong></span> <span class='ocrx_word' id='word_1_297' title='bbox 449 3267 698 3314; x_wconf 80' lang='lat' dir='ltr'><strong>sexcenta</strong></span> <span class='ocrx_word' id='word_1_298' title='bbox 725 3260 828 3315; x_wconf 85' lang='lat' dir='ltr'><strong>alia</strong></span> <span class='ocrx_word' id='word_1_299' title='bbox 866 3262 1116 3317; x_wconf 81' lang='grc' dir='ltr'><em>ποιεῖσθαι</em></span> <span class='ocrx_word' id='word_1_300' title='bbox 1154 3278 1250 3334; x_wconf 82' lang='lat' dir='ltr'><strong>pro</strong></span> <span class='ocrx_word' id='word_1_301' title='bbox 1281 3270 1615 3331; x_wconf 76' lang='grc' dir='ltr'><em>κατηγορεῖν,</em></span> <span class='ocrx_word' id='word_1_302' title='bbox 1656 3264 2028 3328; x_wconf 73' lang='grc' dir='ltr'><em>ἀπολογεῖσθαι</em></span> <span class='ocrx_word' id='word_1_303' title='bbox 2051 3302 2065 3319; x_wconf 85' lang='grc'><strong>.</strong></span> 
     </span>
    </p>
   </div>
   <div class='ocr_carea' id='block_1_8' title="bbox 85 3347 2063 3683">
    <p class='ocr_par' dir='ltr' id='par_1_11' title="bbox 85 3347 2063 3683">
     <span class='ocr_line' id='line_1_36' title="bbox 85 3347 2062 3420; baseline 0.002 -19"><span class='ocrx_word' id='word_1_304' title='bbox 85 3347 324 3411; x_wconf 84' lang='grc' dir='ltr'><em>μηνύειν,</em></span> <span class='ocrx_word' id='word_1_305' title='bbox 362 3349 573 3414; x_wconf 81' lang='grc' dir='ltr'><em>κρίνειν,</em></span> <span class='ocrx_word' id='word_1_306' title='bbox 625 3350 931 3414; x_wconf 71' lang='grc' dir='ltr'><em>ἀκροᾶσθαι,</em></span> <span class='ocrx_word' id='word_1_307' title='bbox 983 3350 1316 3415; x_wconf 84' lang='grc' dir='ltr'><em>κολακεύειν,</em></span> <span class='ocrx_word' id='word_1_308' title='bbox 1365 3352 1627 3416; x_wconf 84' lang='grc' dir='ltr'><em>ἐπαινεῖν,</em></span> <span class='ocrx_word' id='word_1_309' title='bbox 1673 3354 2062 3420; x_wconf 80' lang='grc' dir='ltr'><em>βλασφημεῖν,</em></span> 
     </span>
     <span class='ocr_line' id='line_1_37' title="bbox 88 3434 2063 3510; baseline 0.006 -25"><span class='ocrx_word' id='word_1_310' title='bbox 88 3434 451 3502; x_wconf 70' lang='grc' dir='ltr'><em>ἀμφισβητεῖν</em></span> <span class='ocrx_word' id='word_1_311' title='bbox 491 3445 591 3491; x_wconf 83' lang='lat' dir='ltr'><strong>etc.</strong></span> <span class='ocrx_word' id='word_1_312' title='bbox 674 3437 869 3492; x_wconf 77' lang='lat' dir='ltr'><strong>Eodem</strong></span> <span class='ocrx_word' id='word_1_313' title='bbox 910 3438 1067 3493; x_wconf 76' lang='lat' dir='ltr'><strong>niodo</strong></span> <span class='ocrx_word' id='word_1_314' title='bbox 1102 3438 1303 3493; x_wconf 84' lang='lat' dir='ltr'><strong>dicitur</strong></span> <span class='ocrx_word' id='word_1_315' title='bbox 1336 3441 1586 3494; x_wconf 81' lang='grc' dir='ltr'><em>ποιεῖσθαι</em></span> <span class='ocrx_word' id='word_1_316' title='bbox 1626 3439 1731 3494; x_wconf 78' lang='grc' dir='ltr'><em>ὁδόν</em></span> <span class='ocrx_word' id='word_1_317' title='bbox 1772 3456 1867 3510; x_wconf 90' lang='lat' dir='ltr'><strong>pro</strong></span> <span class='ocrx_word' id='word_1_318' title='bbox 1906 3438 2063 3496; x_wconf 84' lang='grc' dir='ltr'><em>ἰέναι.</em></span> 
     </span>
     <span class='ocr_line' id='line_1_38' title="bbox 92 3524 2061 3599; baseline 0.005 -26"><span class='ocrx_word' id='word_1_319' title='bbox 92 3537 320 3592; x_wconf 80' lang='lat' dir='ltr'><strong>namque</strong></span> <span class='ocrx_word' id='word_1_320' title='bbox 358 3524 463 3584; x_wconf 79' lang='grc' dir='ltr'><em>ὁδός</em></span> <span class='ocrx_word' id='word_1_321' title='bbox 517 3525 676 3581; x_wconf 86' lang='lat' dir='ltr'><strong>verbo</strong></span> <span class='ocrx_word' id='word_1_322' title='bbox 724 3526 850 3580; x_wconf 80' lang='grc' dir='ltr'><em>ἱέναι</em></span> <span class='ocrx_word' id='word_1_323' title='bbox 902 3528 977 3581; x_wconf 91' lang='lat' dir='ltr'><strong>sic</strong></span> <span class='ocrx_word' id='word_1_324' title='bbox 1032 3526 1348 3599; x_wconf 85' lang='lat' dir='ltr'><strong>respondet,</strong></span> <span class='ocrx_word' id='word_1_325' title='bbox 1391 3534 1450 3582; x_wconf 91' lang='lat' dir='ltr'><strong>ut</strong></span> <span class='ocrx_word' id='word_1_326' title='bbox 1490 3530 1671 3593; x_wconf 73' lang='grc' dir='ltr'><em>πληγή</em></span> <span class='ocrx_word' id='word_1_327' title='bbox 1722 3526 1878 3580; x_wconf 87' lang='lat' dir='ltr'><strong>verbo</strong></span> <span class='ocrx_word' id='word_1_328' title='bbox 1932 3527 2061 3582; x_wconf 85' lang='grc' dir='ltr'><em>τύπ·</em></span> 
     </span>
     <span class='ocr_line' id='line_1_39' title="bbox 87 3609 2062 3683; baseline 0.005 -22"><span class='ocrx_word' id='word_1_329' title='bbox 87 3629 220 3666; x_wconf 80' lang='grc' dir='ltr'><em>τειν.</em></span> <span class='ocrx_word' id='word_1_330' title='bbox 262 3609 564 3683; x_wconf 75' lang='lat' dir='ltr'><strong>diciturque</strong></span> <span class='ocrx_word' id='word_1_331' title='bbox 602 3615 705 3669; x_wconf 73' lang='grc' dir='ltr'><em>ὁδὸν</em></span> <span class='ocrx_word' id='word_1_332' title='bbox 747 3615 901 3677; x_wconf 77' lang='grc' dir='ltr'><em>ἱέναι,</em></span> <span class='ocrx_word' id='word_1_333' title='bbox 947 3625 1001 3670; x_wconf 78' lang='lat' dir='ltr'><strong>ui</strong></span> <span class='ocrx_word' id='word_1_334' title='bbox 1045 3618 1182 3672; x_wconf 76' lang='grc' dir='ltr'><em>νόσον</em></span> <span class='ocrx_word' id='word_1_335' title='bbox 1222 3625 1415 3681; x_wconf 85' lang='grc' dir='ltr'><em>νοσεῖν,</em></span> <span class='ocrx_word' id='word_1_336' title='bbox 1457 3618 1675 3683; x_wconf 73' lang='grc' dir='ltr'><em>Φεύγειν</em></span> <span class='ocrx_word' id='word_1_337' title='bbox 1711 3617 1921 3683; x_wconf 73' lang='grc' dir='ltr'><em>Φυγήν;</em></span> <span class='ocrx_word' id='word_1_338' title='bbox 1968 3615 2062 3670; x_wconf 79' lang='lat' dir='ltr'><strong>ita-</strong></span> 
     </span>
    </p>
   </div>
  </div>
 </body>
</html>
