2436 4068
1069 184 1174 234 255

123 330 314 403 duplex
374 327 562 381 vitium
618 327 922 399 concepisse
978 325 1110 381 mihi
1168 324 1381 382 videtur
1402 369 1428 390 ,,
1476 342 1705 399 quorum
1759 331 1988 388 alterum
2045 334 2099 389 iu

121 418 377 485 ἐλπίζουσι
416 414 583 469 latere
619 414 887 470 arbitror:
930 432 1159 487 namque
1199 431 1304 469 non
1345 413 1543 471 dixisse
1585 416 1716 473 haec
1761 418 1826 474 de
1867 420 2099 476 Heracli-

121 506 204 560 dis
242 502 475 559 fetialem
517 509 571 558 et
608 503 714 558 alia
746 502 945 558 indicia
972 501 1303 575 patefaciunt
1336 510 1390 558 et
1420 504 1604 570 τῶνδε,
1646 523 1743 579 pro
1769 524 1875 580 quo
1906 509 2100 564 ἑαυτῶν

118 592 307 648 fuisset
362 590 667 646 dicendum.
759 591 960 645 Verum
1019 607 1085 645 ex
1134 607 1232 646 sua
1286 591 1458 663 ipsius
1514 611 1742 667 persona
1806 595 2100 652 insolenter

116 680 272 735 homo
305 679 553 753 petulans
590 678 723 733 haec
762 678 924 733 iacit:

415 770 470 823 οὐ
510 768 615 835 γαρ
653 767 871 835 φρενήρη
911 768 967 831 γ’
1005 764 1128 820 ὄντα
1166 769 1215 820 ο·’
1256 768 1508 837 ἐλπίζω
1547 771 1601 826 τί
1635 792 1732 827 που

414 854 564 921 μόνον
603 854 861 917 τοσαύτης
903 851 958 916 ἧς
999 854 1216 916 ἐπῆλθον
1257 855 1510 918 Ἑλλάδος

414 942 514 1003 τοὶς
553 944 699 998 τῶνδ’
737 941 994 1009 οἶβούλους
1034 943 1309 1012 συμφορὰς
1349 953 1686 1011 κατοικτιεῒν,

116 1037 175 1085 ιιι
211 1031 427 1094 ἐπῆλθον
461 1029 528 1085 de
563 1047 620 1085 se
668 1031 782 1103 ipse
829 1030 1004 1093 dicat,
1046 1030 1141 1102 qui
1174 1036 1380 1086 tantam
1422 1038 1631 1104 partem
1665 1033 1916 1092 Graeciae
1956 1037 2097 1120 ohie—

113 1120 187 1174 rit
224 1117 533 1175 Heraclidas
571 1117 808 1191 undique
839 1135 1127 1191 exposcens
1160 1124 1215 1173 et
1252 1118 1535 1191 expellens.
1618 1122 1701 1178 Οὔ
1730 1124 1785 1178 τί
1823 1145 1918 1179 που
1955 1126 2097 1198 qnod

114 1208 425 1281 saepissime
472 1205 752 1262 irridentis
801 1214 882 1263 est
930 1213 987 1262 et
1029 1205 1333 1262 cavillantis
1371 1210 1608 1281 protervi
1647 1209 1881 1267 hominis
1919 1230 2096 1285 perso·

113 1313 212 1353 nae
250 1311 507 1369 perquam
554 1295 1018 1351 accommodatum
1068 1301 1164 1350 est.
1243 1294 1359 1350 Non
1395 1297 1564 1362 enim,
1619 1298 1827 1372 inquit,
1866 1309 1972 1356 tam
2007 1303 2096 1358 de-

111 1393 334 1440 mentem
386 1393 437 1440 te
476 1403 586 1439 esse
639 1386 862 1456 opinor,
914 1391 970 1438 ut
1010 1382 1197 1438 horum
1235 1401 1450 1440 causam
1503 1386 1771 1460 suscipias
1850 1388 2095 1447 Alterum

12 1530 18 1540 ⁴
110 1475 303 1529 vitium
342 1479 426 1529 est
459 1474 515 1527 in
553 1473 811 1538 οξβούλους
850 1472 1125 1541 συμφορὰς·
1162 1479 1508 1538 κατοικτιεῖν,
1547 1491 1686 1547 quae
1720 1475 1882 1532 verba
1915 1478 2096 1535 Elms·
2140 1528 2142 1530 ,

26 1549 33 1625 ζ
108 1562 244 1619 leius
283 1562 362 1616 sic
398 1562 825 1633 interpretatur,
876 1566 937 1615 ut
978 1561 1146 1616 mirer
1185 1560 1450 1633 quomodo
1487 1561 1591 1617 sibi
1638 1563 1751 1636 ipse
1784 1565 2093 1624 satisfacere

40 1652 50 1662 '
107 1650 344 1725 potuerit
386 1650 471 1704 vir
509 1649 710 1705 Graece
752 1649 1115 1721 peritissimus
1155 1649 1627 1706 et'vocabulorum
1670 1659 1987 1725 potestatem
2030 1674 2095 1713 ex

26 1790 29 1796 .
106 1740 361 1795 interiore
409 1737 731 1794 Graecitatis
772 1737 965 1792 notitia
1016 1744 1070 1792 et
1109 1738 1437 1811 optimorum
1488 1740 1813 1812 scriptorum
1859 1760 1962 1799 usu
2000 1745 2092 1801 eli-

20 1814 29 1867 ,⁴
105 1845 229 1884 cere
277 1826 483 1883 solitus,
579 1826 900 1895 »Συμφοροὶς
955 1825 1266 1895 ἀμηχάνους
1287 1827 1352 1891 ”,
1405 1827 1614 1899 inquit,
1676 1830 1884 1884 »eodem
1937 1850 2092 1889 sensu

24 1917 30 1943 ·’
102 1916 238 1971 dixit
275 1923 426 1988 ροὲια
458 1914 592 1970 Med.
625 1917 750 1968 552.
823 1915 1031 1983 ’Άπορα
1068 1913 1372 1981 πράγματα
1412 1915 1595 1971 dicunt
1636 1917 1883 1973 Comici.''
1943 1921 2091 1989 Quae

2 2054 10 2069 ,
99 2003 365 2077 quomodo
420 2021 546 2058 cum
587 2003 835 2069 ἀβούλως
886 2008 1180 2072 συμφοραῖς
1219 2001 1353 2058 hene
1389 2012 1780 2076 componantur
1819 2010 2088 2067 neminem

5 2093 9 2100 '
104 2092 284 2148 videre
322 2091 574 2147 arbitror.
655 2091 910 2164 Suspicor
948 2098 1132 2146 autem
1162 2091 1527 2164 reponendum
1571 2110 1687 2149 esse
1727 2095 2045 2155 vocabulum
2069 2142 2086 2166 ‚

103 2180 244 2252 quod
297 2179 440 2254 apud
492 2179 824 2254 Hesychium
866 2186 919 2235 et
970 2179 1026 2233 in
1074 2179 1302 2234 Bekkeri
1357 2180 1644 2236 Anecdotis
1696 2199 1746 2254 p.
1779 2188 1912 2252 522,
1954 2192 2005 2242 ὅ.
2058 2206 2086 2244 e

24 2273 26 2293 “
102 2268 329 2340 Tragica
366 2267 505 2332 λέξει
546 2267 878 2340 descriptum
918 2274 1115 2323 exstat:
1157 2269 1498 2334 Ἀβούλως;
1538 2271 1803 2340 οέφρόνως,
1842 2277 2083 2343 ἀμαθῶς,

98 2364 152 2413 et
190 2364 271 2412 est
313 2357 367 2410 in
405 2355 580 2411 Rheso
616 2360 742 2412 761.

27 2427 31 2437 ⁸
402 2448 550 2511 ἡμεῖς
590 2447 633 2502 δ’
674 2445 913 2512 ἀβούλως
953 2446 1184 2506 κοέκλεῶς
1226 2447 1513 2512 ὀλώλαμεν.

172 2532 530 2607 opponuntur
582 2534 751 2605 igitur
791 2533 933 2587 inter
969 2549 1028 2587 se
1059 2535 1278 2602 φρενήρη
1336 2537 1392 2599 γ’
1444 2534 1568 2591 ὄντα
1609 2543 1664 2592 et
1708 2539 1949 2605 ἀβούλως
1989 2563 2081 2598 κα-

96 2628 368 2685 τοικτιεῖν,
424 2629 484 2690 ut
542 2622 594 2675 in
655 2620 931 2692 Euripidis
987 2621 1251 2676 versiculo
1302 2623 1444 2694 apud
1498 2625 1848 2683 Plutarchum
1900 2629 2081 2686 Moral.

51 2707 53 2711 ’
93 2728 144 2784 p.
182 2713 291 2765 812
332 2710 392 2764 E.

394 2798 587 2853 τέκτων
627 2799 732 2865 γὰρ
772 2800 835 2852 ὢν
875 2797 1130 2865 ἔπραττες
1168 2802 1221 2852 οὐ
1262 2797 1593 2867 ξυλουργικά.

91 2894 147 2944 et
179 2888 235 2943 in
276 2885 551 2959 Sophoclis
589 2886 804 2942 Electra
842 2890 1002 2941 1481.

395 2977 481 3030 καὶ
524 2975 713 3041 μάντις
754 2976 816 3028 ὢν
858 2973 1024 3043 ἄριςος
1063 2974 1335 3043 ἐσφάλλου
1378 2975 1568 3033 πάλαι.

89 3071 148 3120 et
181 3081 338 3137 saepe
376 3064 431 3119 in
468 3080 526 3119 re
561 3062 741 3118 simili.

165 3150 382 3207 Excidit
420 3153 720 3207 necessaria
762 3167 885 3222 pars
924 3152 1222 3207 sententiae
1262 3169 1338 3207 vs.
1377 3158 1480 3208 195
1523 3172 1637 3227 sqq.

392 3244 446 3295 οὐ
485 3240 590 3307 γαρ
628 3262 676 3294 τι
718 3241 923 3307 Τραχίς
964 3242 1069 3296 ἐςιν
1108 3242 1209 3295 οὐδ’
1251 3243 1506 3310 Ἀχαϊκόν

391 3329 642 3393 πόλισμ’,
684 3325 791 3382 ὅθεν
831 3331 895 3383 σὺ
934 3329 1112 3383 τούσδε
1135 3371 1150 3391 ,
1188 3339 1252 3399 τῇ
1294 3331 1404 3402 δίκῃ
1443 3332 1538 3397 μὲν
1568 3334 1626 3387 οὔ
1646 3376 1659 3397 ,

391 3418 448 3470 τὸ
487 3418 530 3470 δ’
566 3419 759 3485 ’Άργος
801 3420 964 3480 aynau
989 3459 1002 3480 ‚
1040 3415 1216 3485 οἷοίπερ
1252 3420 1338 3474 καὶ
1382 3426 1465 3475 νῦν
1504 3422 1712 3486 λέγεις,

392 3506 606 3566 ἤλαυνες
649 3505 824 3565 ἱκέτας
864 3506 1092 3570 βωμίους
1134 3509 1462 3573 καθημένους.

0 3599 9 3610 ·’
88 3590 175 3645 ubi
215 3591 290 3644 sic
325 3590 589 3647 constabit
631 3595 895 3648 sententia
937 3595 980 3648 si
1016 3593 1235 3666 legeris:

1582 3691 1620 3719 lu
1643 3688 1654 3701 ⁰
