2436 4068
1264 225 1370 276 344

341 371 494 432 σθην,
535 375 587 423 et
616 369 952 432 οἱπηλοὲσθην,
997 365 1156 440 (quod
1194 366 1449 421 mendum
1487 368 1684 437 passim
1729 370 1782 422 in
1816 370 2066 426 Veterum
2120 372 2319 443 scripta

341 457 593 527 irrepsit,
651 456 850 509 frustra
899 455 1218 508 admonente
1278 453 1508 508 Moeride
1548 471 1667 525 pag.
1706 461 1810 520 15,
1866 457 1955 511 ubi
2003 460 2319 514 Piersonum

345 544 482 616 vide)
522 551 580 596 ut
620 543 917 606 ἕσποέσθην,
958 541 1266 607 {ysacio-Onu.
1348 541 1505 595 Verbi
1558 545 1805 611 οέπαρύτω
1853 547 2086 601 aorislus
2122 548 2320 613 οὶπηρύ-

344 635 427 694 θην
482 630 645 685 semel
703 629 836 683 mihi
894 629 1066 684 lectus
1119 629 1292 684 estin
1346 628 1584 683 Alexidis
1636 629 1936 702 fragmento
1987 635 2128 706 apud
2172 634 2317 689 Stob.

344 719 524 774 Floril.
561 716 711 772 CXV.
758 721 806 771 7.

1027 805 1460 873 παρακμάσαντα
1500 806 1543 859 δ’
1584 803 1646 859 ὧν
1685 807 1824 872 λέγω

722 891 914 947 τούτων
953 892 1199 947 ἁπάντων
1239 894 1569 961 ἀπαρυθέντα
1608 894 1700 956 τὴν
1739 894 1842 949 ἄνω

726 980 923 1044 ταύτην
962 979 1137 1035 ἄνοιαν
1176 982 1590 1049 ἐπιπολάζουσαν
1630 983 1768 1038 τότε.

348 1069 487 1141 quod
534 1069 913 1124 venustissime
963 1068 1170 1124 dictum
1223 1075 1322 1124 est.
1420 1069 1586 1141 Saepe
1643 1073 1879 1127 occurrit
1938 1073 2156 1139 ὠμόθηνε
2211 1090 2325 1127 cor-

351 1165 509 1230 rupte
549 1155 689 1228 apud
730 1156 1059 1230 Hesychium
1099 1158 1349 1224 Ὠμόθειε
1391 1155 1519 1225 ὅρκοι
1559 1158 1788 1223 ἐγένοντο
1812 1203 1824 1223 ,
1866 1162 1973 1215 imo
1999 1179 2125 1216 vero
2153 1162 2328 1228 Ὠμό-

350 1250 428 1310 θη.
506 1245 706 1300 Eadem
748 1243 991 1299 confusio
1031 1245 1217 1299 crebra
1260 1254 1340 1299 est
1380 1246 1432 1298 in
1476 1245 1712 1316 perfecto
1752 1249 2053 1315 ὀμώμοται,
2093 1250 2183 1304 cui
2225 1249 2328 1303 sor-

351 1352 471 1389 mae
525 1334 723 1405 passim
785 1332 1187 1387 substituerunt
1243 1332 1490 1388 Graeculi
1548 1334 1852 1400 ὁμώμοςαι,
1910 1335 1975 1391 de
2035 1353 2138 1408 quo
2197 1337 2330 1389 vitio

352 1424 507 1496 plura
547 1421 721 1475 dicam
764 1420 830 1475 ad
869 1419 1207 1492 Euripidem.

433 1512 533 1565 Est
584 1515 902 1580 perpetuum
973 1508 1236 1580 quoddam
1306 1508 1573 1563 scribendi
1635 1509 1828 1564 vitium
1890 1517 1943 1565 et
1996 1511 2050 1565 in
2106 1511 2332 1566 caeteris

353 1597 709 1669 scriptoribus
761 1597 957 1651 Atticis
1005 1605 1059 1652 et
1112 1598 1164 1651 in
1217 1596 1613 1668 Xenophonteis
1667 1597 1820 1650 libris
1876 1599 2124 1654 omnibus
2163 1616 2331 1671 quum

356 1689 478 1743 Mss,
524 1693 642 1740 tum
698 1683 892 1749 editis,
943 1686 996 1738 in
1044 1702 1149 1756 quo
1189 1684 1475 1757 aperiendo
1514 1692 1567 1739 et
1616 1684 1898 1740 refutando
1953 1687 2098 1742 hunc
2155 1687 2334 1742 locum

355 1773 689 1837 concludam.
783 1773 983 1828 Fuerat
1038 1772 1164 1827 oiim
1227 1780 1479 1828 constans
1536 1773 1942 1828 Atheniensium
2006 1774 2336 1830 consuetudo

360 1863 539 1918 dicere
592 1860 719 1930 ᾖμεν
742 1902 757 1926 ,
796 1859 887 1930 ᾖτε
925 1867 978 1916 et
1025 1860 1191 1930 ἦσαν,
1232 1877 1526 1932 numquam
1569 1862 1725 1930 ᾔεμεν
1769 1862 2017 1937 (ᾕειμεν),
2057 1865 2175 1933 ᾕετε
2218 1863 2337 1937 (ᾔει-

361 1952 442 2025 τε)
486 1958 538 2006 et
579 1952 765 2020 ᾔεσαν,
817 1965 954 2020 quae
1000 1950 1262 2021 sequioris
1302 1950 1494 2004 aetatis
1544 1948 1746 2004 formae
1793 1956 1950 2015 sunt,
2003 1950 2067 2006 de
2123 1968 2230 2022 qua
2279 1969 2339 2006 re

363 2043 419 2095 in
456 2040 634 2112 priore
672 2044 825 2109 parte
864 2037 1151 2108 diligenter
1190 2037 1442 2092 diximus,
1524 2037 1633 2092 Hoc
1688 2037 1856 2092 addo:
1899 2037 2111 2093 dualem
2154 2057 2337 2095 nume-

362 2146 484 2184 rum
529 2126 693 2181 semel
728 2132 940 2180 tantum
983 2127 1037 2180 in
1075 2126 1375 2180 Atticorum
1416 2124 1568 2178 libris
1607 2133 1845 2191 exstare,
1887 2128 1941 2180 in
1969 2127 2205 2182 Platonis
2234 2128 2339 2182 Eu·

363 2215 620 2290 thydemo
664 2231 784 2286 pag.
818 2217 926 2268 294
969 2214 1032 2270 D.
1090 2217 1159 2268 τὼ
1194 2215 1246 2269 δὲ
1286 2212 1625 2281 ἀνδρειότατα
1664 2215 1819 2279 ὁμόσε
1860 2217 1984 2284 ᾔτην
2022 2224 2128 2278 τοῖς
2161 2217 2341 2284 ἐρωτή·

366 2325 564 2372 μασιν,
608 2318 770 2373 quam
812 2300 1038 2356 formam
1079 2319 1184 2355 non
1225 2301 1508 2356 miraberis
1562 2302 1617 2355 in
1664 2303 1912 2358 omnibus
1965 2303 2116 2358 libris
2158 2321 2340 2359 corru-

366 2399 513 2465 ptam
555 2406 706 2445 esse:
755 2406 881 2461 pars
919 2388 1178 2444 librorum
1215 2388 1354 2451 εἴτην
1402 2387 1688 2454 exhibent,
1742 2390 1938 2462 reliqui
1977 2408 2161 2446 omnes
2200 2391 2342 2457 ἴτην,

366 2480 645 2550 antiquam
693 2477 920 2532 sormam
972 2478 1206 2532 Atticam
1248 2478 1608 2532 Buttmannus
1647 2477 1880 2533 reduxit.
1960 2479 2154 2533 Forma
2205 2481 2341 2534 anti-

369 2586 474 2641 qua
513 2566 603 2637 ᾖτε
643 2567 822 2621 nescio
871 2563 1134 2637 quomodo
1174 2565 1383 2637 integra
1423 2566 1591 2620 evasit
1632 2567 1685 2619 in
1736 2566 1965 2620 Anabasi
1999 2567 2115 2621 VII.
2157 2586 2245 2622 vn.
2290 2573 2344 2623 6.

370 2660 516 2723 ὑμεῖς
564 2657 614 2710 δὲ
655 2658 743 2710 οὐκ
791 2653 881 2723 ᾖτε
934 2655 985 2715 ἐς
1023 2654 1172 2717 τήνδε
1210 2655 1301 2716 τὴν
1347 2654 1556 2721 χώραν,
1610 2654 1702 2709 ubi
1751 2671 1894 2709 unus
1944 2661 2157 2709 tantum
2208 2655 2344 2710 libet·

367 2743 474 2799 εἴτε
523 2743 754 2798 exhibet.
835 2743 1053 2811 Quoties
1099 2747 1278 2796 autem
1322 2742 1376 2795 in
1426 2743 1654 2796 vetustis
1694 2742 1846 2797 libris
1886 2743 2199 2797 occurrebat
2243 2752 2344 2797 HI-

368 2840 529 2888 MEN
574 2830 854 2905 (HMEN),
890 2838 1058 2884 HITE
1085 2829 1271 2903 (HTE)
1315 2836 1369 2884 et
1399 2838 1622 2884 ΗΙΣΑΝ
1665 2830 1905 2904 (ΗΣΑΝ)
1947 2831 2106 2885 toties
2137 2831 2345 2886 scribae

373 2928 427 2976 et
465 2921 516 2974 in
573 2919 804 2990 simplici
840 2918 1000 2973 verbo
1054 2926 1107 2972 et
1142 2918 1197 2972 in
1252 2919 1564 2990 compositis
1602 2918 1654 2972 id
1693 2917 1889 2972 dabant
1922 2917 2062 2989 quod
2107 2917 2345 2973 solebant

372 3009 475 3080 ipsi
517 3006 731 3070 dicere,
773 3013 825 3061 et
866 3007 943 3060 sic
984 3005 1185 3060 factum
1227 3013 1309 3061 est
1343 3013 1403 3060 ut
1448 3006 1700 3077 antiquae
1748 3005 1948 3059 formae
1980 3011 2186 3059 tantum
2239 3023 2343 3061 non

371 3096 571 3167 ubique
623 3095 926 3148 interirent.
1009 3095 1295 3164 Postquam
1354 3094 1420 3148 de
1471 3093 1634 3148 huius
1686 3092 2068 3147 observationis
2120 3095 2346 3150 veritate

373 3185 505 3239 satis
560 3184 699 3236 inter
741 3198 925 3235 omnes
975 3182 1241 3236 constabit
1288 3189 1342 3236 et
1381 3182 1556 3235 omnis
1597 3182 1699 3235 erit
1742 3179 2005 3234 dubitatio
2045 3189 2254 3236 exemia
2294 3191 2346 3237 et

372 3272 671 3328 scribarum
725 3269 938 3323 fraudes
994 3269 1289 3341 patebunt,
1340 3268 1604 3340 purgandi
1651 3275 1810 3322 erunt
1865 3268 2165 3323 Atticorum
2219 3270 2345 3324 libri

372 3360 580 3417 mendis
628 3364 682 3412 et
731 3357 1004 3412 erroribus
1052 3357 1356 3411 manifestis
1402 3358 1846 3428 quotiescumque
1894 3364 2190 3411 recurrent.
2284 3358 2342 3412 In

373 3466 435 3504 ea
472 3463 682 3519 quoque
720 3462 779 3499 re
824 3443 1005 3499 futiles
1044 3444 1297 3499 Codicum
1348 3444 1737 3515 discrepantiae
1777 3446 2045 3498 contemni
2085 3453 2138 3500 et
2186 3447 2343 3500 abiici

373 3542 611 3608 possunt.
693 3532 828 3600 Quid
873 3533 1066 3587 attinet
1102 3534 1276 3596 scire,
1319 3540 1378 3585 ut
1419 3532 1518 3585 hoc
1561 3539 1718 3596 utar,
1760 3531 1899 3602 apud
1936 3533 2342 3588 Demosthenem

375 3643 428 3694 p,
473 3627 610 3687 246.
655 3627 739 3676 16.
797 3638 892 3693 pro
930 3638 1051 3676 vcra
1092 3620 1317 3676 lectione
1360 3629 1613 3690 προσῇμεν
1655 3630 1718 3690 τῇ
1758 3622 1924 3690 βουλῇ
1962 3621 2013 3674 in
2056 3621 2175 3675 aliis
2213 3621 2341 3691 legi:
