2436 4068
1306 225 1375 274 30

347 369 451 424 alia
487 375 540 423 et
580 370 692 439 ipse
734 374 787 422 et
831 367 1024 438 reliqui
1077 381 1278 420 omnes,
1357 364 1664 418 Notissinlis
1709 367 1964 437 exemplis
2019 385 2186 422 unum
2240 368 2329 422 ad-

348 457 469 511 dam
488 499 502 521 ,
525 463 586 510 ut
616 461 770 510 vetus
799 454 1055 509 mendum
1091 452 1284 507 eluam.
1326 451 1603 507 Menandri
1624 452 1773 506 locus
1793 459 1875 507 est
1901 455 2042 526 apud
2071 456 2329 511 Clement.

346 543 628 600 Alexandr.
671 542 895 612 Paedog.
938 541 1029 595 III.
1070 543 1120 593 2.

573 637 657 686 νῦν
697 632 742 685 δ’
775 629 911 698 ἕρπ’
948 631 1056 682 ἀπ’
1092 626 1282 683 οἴκων
1321 630 1556 684 τῶνδε·
1598 631 1690 692 τὴν
1730 636 1959 694 γυναῖκα
1996 629 2100 697 γάρ

572 721 664 782 τὴν
702 719 915 786 σώφρον’
956 719 1010 771 οὐ
1050 716 1130 770 δεῖ
1159 717 1259 779 τὰς
1300 719 1489 786 τρίχας
1531 716 1723 781 ξανθας
1758 724 1935 772 ποιεῖν.

346 824 483 879 quae
520 806 625 859 viri
661 804 822 859 verba
865 810 994 858 sunt
1024 820 1246 859 uxorem
1282 805 1644 877 repudiantis:
1687 806 1801 871 exi,
1842 805 1971 858 vade
2016 808 2189 877 foras:
2238 805 2331 860 sed

348 897 556 950 dixerat
597 899 753 965 poeta
793 892 1078 963 Tragicusz
1119 897 1204 947 νῦν
1238 894 1283 947 δ’
1317 892 1410 961 ἔρρ’
1447 895 1544 946 ἀπ’
1584 893 1728 947 οἴκων
1767 895 1946 957 τῶνδε,
1985 893 2039 946 id
2079 899 2156 947 est
2189 895 2331 962 φθεί-

345 1004 426 1052 ρου
467 985 524 1036 ἐκ
562 988 654 1044 τῆς
694 980 873 1041 οἰκίας.
953 979 1100 1035 Idem
1142 981 1251 1035 ὁδοῦ
1291 980 1546 1049 πάρεργον
1594 981 1758 1036 redde
1797 981 2002 1034 incerto
2050 981 2330 1051 scriptori,

345 1072 436 1126 cui
477 1069 679 1142 placuit
724 1084 842 1122 sero
891 1074 1017 1122 nato
1059 1069 1227 1123 vitam
1282 1070 1498 1124 Homeri
1550 1069 1730 1123 Ionica
1782 1069 2010 1124 dialecto
2069 1069 2336 1134 scribere,

346 1158 490 1216 unde
539 1155 811 1212 nonnullis
863 1156 1280 1227 simplicioribus
1336 1156 1644 1210 hominibus
1696 1157 1810 1228 ipse
1864 1155 2164 1211 Herodotus
2219 1174 2333 1212 esse

345 1250 495 1302 visus
534 1252 634 1303 est.
694 1244 916 1315 Legitur
954 1244 1029 1298 ihi
1062 1262 1177 1316 cap.
1222 1248 1292 1299 29
1326 1244 1722 1312 ε’γχρίμπτεται
1762 1244 1968 1310 γυναιξὶ
2005 1244 2331 1315 Κουροτρόφῳ

347 1336 581 1397 θυούσαις
629 1335 680 1387 ἐν
722 1341 788 1402 τῇ
828 1331 1024 1402 τριόδῳ,
1067 1337 1094 1397 ἦ
1132 1333 1184 1387 δὲ
1224 1333 1379 1402 ἱέρεια
1419 1329 1533 1387 εἷπε
1588 1333 1709 1400 πρὸς
1758 1334 1914 1388 αὐτὸν
1962 1332 2332 1401 δυσχεράνασαι

347 1433 412 1494 τῇ
463 1423 576 1491 όψι·
623 1423 780 1489 ”Ανερ
833 1421 939 1474 ἀπὸ
987 1423 1084 1475 τῶν
1135 1423 1289 1490 ἱερῶν.
1371 1420 1542 1475 Viden
1591 1420 1948 1492 supplendum
1997 1438 2140 1476 esse:
2183 1419 2331 1489 ἄνερ,

347 1513 457 1582 ἔρρ’
495 1510 600 1565 ἀπὸ
639 1515 737 1564 τῶν
768 1508 938 1576 ἱερῶνῖ
1000 1508 1202 1564 Verum
1239 1509 1371 1564 haec
1407 1509 1604 1572 obiter,
1646 1507 1713 1562 ad
1753 1508 1992 1563 Comicos
2031 1509 2206 1564 redeo,
2263 1509 2333 1564 Et

346 1600 585 1672 primum
643 1595 861 1668 quidem
913 1613 1167 1653 numeros
1212 1598 1268 1652 in
1323 1598 1454 1652 locis
1512 1595 1834 1668 quibusdam
1885 1596 2225 1668 perturbatos
2279 1604 2334 1652 et

348 1685 596 1743 confusos
630 1685 923 1755 corrigam,
963 1686 1020 1739 in
1061 1702 1166 1757 quo
1200 1703 1394 1756 genere
1435 1685 1593 1739 multi
1635 1683 1929 1738 multorum
1976 1701 2184 1747 errores
2221 1702 2331 1740 cas-

347 1773 555 1846 tigandi
589 1778 897 1845 supersunt.
956 1773 1071 1827 Non
1107 1774 1239 1828 satis
1273 1780 1353 1828 est
1389 1773 1532 1829 enim
1557 1771 1729 1843 ‘pedes
1763 1779 1814 1827 et
1847 1772 2078 1845 syllabas
2113 1773 2180 1826 ad
2215 1790 2333 1828 eru-

347 1863 486 1918 ditos
528 1878 653 1916 suos
688 1860 886 1931 digitos
927 1860 1215 1932 diligenter
1261 1878 1549 1916 numerare
1590 1866 1643 1914 et
1680 1861 1891 1924 metiri,
1933 1862 2081 1914 auris
2123 1866 2206 1915 est
2245 1860 2334 1915 ad-

345 1949 603 2014 hibenda,
654 1949 811 2003 cuius
863 1946 1091 2003 delicato
1142 1954 1197 2003 et
1248 1949 1523 2004 fastidioso
1578 1949 1778 2004 iudicio
1824 1949 2084 2004 librorum
2130 1949 2334 2004 Punica

347 2038 479 2092 fides
509 2043 590 2092 est
630 2035 906 2107 exigenda.
986 2037 1055 2091 Et
1093 2053 1283 2108 graves
1322 2038 1537 2109 quidem
1575 2055 1636 2092 ac
1669 2038 1923 2109 flagitiosi
1960 2053 2199 2101 erroreS,
2240 2036 2334 2108 qui

346 2126 474 2181 olim
520 2126 576 2178 in
611 2141 671 2179 re
710 2125 938 2179 metrica
981 2125 1202 2196 impune
1249 2125 1315 2180 ab
1369 2143 1688 2196 unoquoque
1744 2126 2010 2179 committi
2065 2124 2333 2190 solebant,

347 2230 533 2270 omnes
567 2212 751 2267 sedulo
782 2211 976 2265 sublati
1012 2219 1166 2267 sunt:
1211 2212 1320 2268 fere
1356 2231 1653 2285 numquam
1689 2214 1793 2268 iam
1829 2213 1889 2267 fit
1926 2219 1987 2267 ut
2023 2230 2191 2284 genus
2226 2230 2334 2268 me-

345 2303 447 2367 tri,
488 2317 592 2373 quo
627 2305 784 2371 poeta
820 2316 953 2353 usus
993 2299 1092 2364 sit,
1135 2299 1411 2356 Editorem
1453 2308 1505 2356 et
1545 2302 1806 2356 Criticum
1854 2301 2053 2371 fugiat:
2107 2300 2333 2355 subinde

346 2390 510 2445 nimis
563 2388 707 2442 docti
753 2387 1072 2460 Eupolideos
1112 2405 1299 2443 versus
1347 2390 1556 2461 aliaque
1595 2388 1952 2444 reconditiora
1995 2389 2212 2443 subesse
2248 2406 2335 2444 su·

347 2479 626 2551 spicantur
665 2477 722 2530 in
755 2475 870 2530 loco
903 2475 1155 2531 lacunoso
1195 2484 1288 2532 aut
1322 2478 1540 2532 mutilo:
1584 2477 1747 2532 semel
1781 2484 1832 2531 et
1866 2478 2064 2531 iterum
2101 2476 2167 2531 ad
2203 2477 2332 2531 iam·

346 2567 538 2621 borum
587 2564 731 2635 leges
785 2569 879 2618 aut
931 2563 1306 2620 trochaeorum
1360 2579 1454 2637 per
1503 2567 1612 2619 vim
1663 2564 2139 2620 accommodantur
2185 2581 2334 2619 more

347 2656 668 2709 Procrustae
707 2668 843 2723 quae
882 2668 1055 2723 neque
1099 2653 1326 2708 iambica
1369 2669 1541 2724 neque
1582 2652 1853 2707 trochaica
1895 2659 2049 2715 sunt,
2091 2658 2183 2706 aut
2216 2669 2331 2724 per-

349 2744 648 2797 miscentur
681 2739 812 2794 haec
846 2739 990 2793 inter
1028 2757 1168 2795 sese:
1211 2748 1265 2796 at
1300 2741 1617 2813 plerumque
1669 2741 1894 2796 laciniae
1928 2742 2216 2794 Poetarum
2255 2741 2333 2795 ita

348 2833 797 2900 corrumpuntur,
833 2834 892 2881 ut
927 2830 1140 2883 numeri
1178 2836 1270 2884 aut
1307 2829 1430 2884 duri
1465 2828 1744 2883 ethorridi
1777 2836 1870 2883 aut
1905 2828 2098 2883 insulsi
2134 2835 2187 2882 et
2222 2828 2332 2883 lan-

349 2917 500 2990 guidi
534 2921 726 2970 exeant
758 2914 982 2970 minime
1017 2918 1247 2988 patriam
1285 2918 1518 2971 Atticam
1548 2918 1882 2989 resipientes.
1937 2917 2169 2970 Possunt
2203 2915 2333 2971 haec

349 3013 644 3075 utcumque
685 3003 739 3055 in
780 3019 904 3057 suos
943 3003 1103 3075 pedes
1143 3004 1333 3070 dividi,
1375 3005 1465 3060 sed
1513 3022 1682 3076 quum
1734 3007 1897 3060 etiam
1943 3004 2093 3059 nobis
2146 3003 2333 3058 moles-

347 3094 560 3149 tissima
615 3089 860 3145 accidant
919 3090 986 3146 ad
1042 3108 1200 3147 aures
1251 3091 1381 3164 quid
1437 3093 1643 3147 Atticos
1709 3100 2037 3166 spectatores
2096 3091 2332 3146 facturos

346 3181 511 3237 fuisse
544 3177 832 3250 putemus?
1361 3178 1370 3185 ’

423 3267 659 3322 Creticos
709 3265 876 3319 latere
922 3266 1166 3337 suspicor
1205 3269 1261 3322 in
1301 3268 1601 3339 fragmento
1650 3268 1961 3327 Philetaeri,
2016 3268 2158 3322 unde
2198 3268 2328 3323 haec

347 3361 596 3428 excerpta
634 3358 879 3425 prostant
914 3354 968 3406 in
1006 3354 1252 3425 Epitome
1291 3356 1482 3410 Athen.
1521 3356 1560 3410 I.
1600 3361 1686 3410 21.
1727 3358 1779 3411 C.
1822 3356 1966 3424 ἀμφὶ
2003 3356 2186 3424 ςέρνοις
2221 3360 2329 3424 φοῖ-

347 3466 423 3514 ρος
473 3448 526 3498 οὐ
580 3443 844 3506 καθήσεις,
897 3440 1098 3503 τάλαν,
1155 3444 1274 3508 μηδ’
1332 3444 1582 3513 ἀγροίκως
1636 3445 1738 3498 ἄνω
1795 3444 2013 3510 γόνατος
2067 3443 2329 3513 dumi-{em

350 3532 490 3587 unde
511 3530 811 3587 Meinekius
830 3528 1108 3583 trochaeos
1129 3531 1259 3585 satis
1294 3532 1554 3588 violenter
1575 3531 1794 3588 effinxit.
1849 3533 2033 3587 Priora
2067 3549 2257 3589 manca
2278 3537 2331 3587 et

348 3620 540 3676 mutila
580 3625 732 3675 sunt:
775 3623 986 3674 caetera
1020 3618 1096 3674 sic
1131 3617 1378 3691 dispono:
