2436 4068
1023 156 1123 206 711

80 313 135 361 et
172 301 511 375 disciplinam
552 307 785 356 veterem
822 307 874 354 et
905 315 1077 354 mores
1111 301 1361 370 antiquos
1391 298 1749 365 describeret,
1782 316 1840 355 ea
1877 302 2056 355 omnia

77 391 392 464 imprudens
446 390 514 444 ad
567 407 666 445 sua
722 396 963 460 tempora
1003 396 1055 442 et
1097 389 1386 461 Spartanos
1436 388 1538 442 sibi
1591 387 1839 459 aequales
1883 397 2055 442 trans·

13 507 15 510 ·
77 480 296 536 ferebat.
378 478 562 550 Itaque
599 494 768 549 quum
809 476 1131 547 antiquitatis
1182 478 1495 531 memoriam
1550 494 1615 532 ex
1666 476 2055 548 Spartanorum

77 585 175 624 sua
230 566 601 622 extollentium
656 564 995 619 sermonibus
1047 573 1320 636 acceptam
1371 565 1568 620 litteris
1613 566 1955 636 consignaret
2003 571 2057 620 et

77 657 243 730 prisci
300 654 556 726 temporis
602 660 874 723 tamquam
928 668 1122 707 aureae
1175 652 1457 707 cuiusdam
1514 654 1705 708 aetatis
1764 654 2055 724 imaginem

77 744 349 814 eleganter
388 741 736 813 depingeret,
776 740 923 793 visus
965 747 1045 794 est
1086 747 1140 795 et
1180 739 1282 793 sibi
1322 747 1375 794 et
1430 740 1549 794 aliis
1594 749 1921 811 praesentem
1974 758 2054 795 re-

74 850 194 888 rum
234 840 429 885 statum
465 828 785 884 describere.
864 828 1052 899 ltaque
1092 827 1378 883 Saturniae
1423 829 1616 882 aetatis
1656 828 1782 883 olim
1821 835 2056 901 praeter·

74 920 254 992 lapsae
308 919 539 973 virtutes
593 924 647 971 et
699 915 1012 971 felicitatem
1067 932 1363 981 enarranS,
1423 915 1636 987 qualem
1692 918 1799 972 seri
1853 918 2056 989 posteri

31 1022 37 1070 f
73 1007 202 1063 olim
243 1005 407 1061 fuisse
447 1004 786 1068 referebant,
826 1003 1069 1059 creditur
1104 1019 1326 1057 suorum
1369 1009 1671 1074 temporum
1714 1022 1890 1059 mores
1931 1022 2055 1060 nar-

31 1125 39 1159 :
72 1111 211 1151 rare.
292 1094 499 1149 Habent
538 1094 638 1147 hoc
673 1101 884 1165 praeter
931 1091 1271 1147 Aristotelem
1320 1107 1536 1153 omneS,
1596 1093 1690 1163 qui
1731 1093 1795 1147 de
1835 1093 2052 1165 Sparta-

30 1162 41 1195 (
74 1183 163 1238 nis
201 1182 483 1247 scribunt,
523 1181 847 1236 Plutarchus
886 1188 1010 1235 ante
1050 1197 1266 1245 omneS,
1307 1180 1400 1250 qui
1437 1195 1605 1249 quum
1645 1197 1674 1234 e
1710 1180 1894 1235 Veteri
1948 1199 2056 1236 me-

37 1273 245 1331 :moria
282 1287 345 1325 ac
394 1270 534 1325 sama
573 1268 913 1324 admirabilia
965 1285 1209 1340 quaeque
1269 1267 1506 1339 undique
1545 1267 1741 1322 selecta
1782 1271 2056 1340 componit

28 1365 37 1432 ξ
70 1366 296 1432 putatur
336 1358 401 1413 ab
439 1358 690 1413 omnibus
730 1357 1118 1429 Spartanorum
1159 1372 1335 1410 mores
1376 1363 1429 1410 et
1470 1355 1722 1410 instituta
1769 1373 2052 1429 exponere.

28 1435 38 1517 ⁴.
74 1447 212 1503 Hinc
253 1447 312 1500 fit
349 1454 411 1500 ut
450 1446 716 1518 permulta
755 1445 1045 1500 memoriae
1086 1443 1296 1516 prodita
1344 1444 1454 1498 sint
1494 1461 1630 1515 quae
1667 1462 1796 1499 sano
1850 1445 2056 1499 homini

73 1543 169 1590 aut
222 1534 556 1590 incredibilia
603 1541 658 1588 et
709 1534 1087 1588 commenticia
1117 1531 1346 1587 debeant
1396 1532 1595 1598 videri,
1649 1540 1742 1588 aut
1797 1540 1944 1588 certe
2002 1535 2056 1587 in

73 1624 250 1678 mains
311 1630 471 1677 aucta
523 1629 578 1677 et
624 1621 949 1694 amplificata
1008 1628 1060 1676 et
1118 1628 1412 1685 exornata;
1471 1621 1644 1675 multa
1693 1621 1856 1676 etiam
1916 1637 2053 1693 quae

72 1710 357 1766 manifesto
394 1710 526 1766 salsa
566 1711 677 1765 sint
717 1726 961 1781 quaeque
995 1710 1073 1764 sic
1117 1709 1232 1763 fieri
1270 1710 1488 1763 omnino
1536 1726 1640 1764 non
1682 1711 1934 1781 potuisse,
1958 1726 2056 1781 ap-

71 1806 273 1872 pareat.
365 1799 540 1862 Hinc‚
595 1815 660 1853 ne
712 1797 778 1852 de
839 1797 1125 1852 Plutarcho
1179 1797 1394 1863 dicam,
1447 1797 1737 1869 Xenophon
1787 1814 2053 1852 nonnum-

70 1904 231 1961 quam
274 1886 374 1941 sibi
415 1888 527 1959 ipse
569 1903 671 1940 non
710 1887 841 1941 satis
882 1893 1090 1940 constat
1134 1893 1187 1941 et
1236 1892 1419 1939 narrat
1468 1902 1605 1957 quae
1646 1887 1789 1940 inter
1830 1903 1884 1941 se
1920 1904 2053 1958 pug-

71 1983 217 2032 nent.
297 1975 579 2049 Lycurgus
618 1974 836 2039 ἔταξεν,
878 1975 1092 2046 inquit,
1152 1975 1202 2028 ἐν
1241 1976 1440 2040 ἀκμαῖς
1489 1980 1587 2028 τῶν
1626 1973 1881 2039 σωμάτων
1934 1978 2052 2038 τοὺς

70 2065 278 2131 γάμους
317 2066 596 2127 ποιεῖσθαι,
636 2064 725 2118 καὶ
766 2068 914 2118 τοῦτο
950 2062 1230 2132 συμφέρειν
1268 2071 1333 2132 τῇ
1378 2063 1590 2132 εὖγονία
1630 2062 1871 2130 νομίζων,
1913 2063 1955 2119 Ι.
2000 2068 2051 2120 6.

74 2150 440 2208 Saluberrima
477 2151 559 2207 lex
603 2160 656 2207 et
695 2153 896 2223 optima
938 2160 990 2206 et
1030 2151 1373 2222 aequissima.

294 2242 438 2308 'sspn
482 2242 630 2307 ε’ρᾶν,
669 2239 763 2307 ὥρη
805 2241 856 2294 δὲ
896 2247 1124 2306 γαμεῖν,
1164 2237 1256 2307 ὤρη
1298 2241 1349 2293 δὲ
1390 2242 1722 2305 πεπαῦσθαι,

70 2338 125 2386 et
161 2328 291 2402 quid
332 2335 415 2383 est
458 2329 692 2400 ineptius
731 2336 784 2382 et
826 2329 998 2398 magis
1038 2327 1104 2382 ab
1146 2326 1233 2381 illa
1267 2327 1501 2401 Lycurgi
1543 2327 1827 2400 disciplina
1865 2327 2055 2383 abhor-

68 2435 195 2475 rens
229 2434 389 2489 quam
433 2434 593 2472 senex
631 2417 861 2488 puellam
898 2418 951 2471 in
993 2417 1336 2471 matrimonio
1393 2415 1624 2470 habens?
1707 2417 1940 2487 Apparet
1976 2424 2051 2470 ta-

69 2523 192 2562 men
244 2506 499 2560 coutinuo
539 2505 680 2577 apud
739 2504 1142 2577 Xenophontem
1197 2504 1428 2558 maritus
1477 2521 1634 2559 senex
1693 2520 1909 2558 uxorem
1964 2503 2054 2558 ha·

70 2593 201 2650 bens
237 2595 289 2648 in
332 2592 459 2648 flore
494 2594 716 2648 aetatis:
759 2594 808 2648 εἴ
843 2615 908 2659 γε
943 2593 1117 2659 μέντοι
1159 2593 1397 2658 συμβαίη
1438 2595 1676 2662 γεραιῷ
1718 2593 1868 2647 νέαν
1912 2591 2053 2660 ἔχειν

70 2685 178 2738 κτέ.
273 2679 581 2750 Quomodo,
641 2699 872 2754 quaeso,
934 2681 1033 2735 hoc
1086 2682 1139 2734 in
1201 2689 1309 2734 tam
1381 2679 1514 2734 bene
1574 2689 1778 2735 morata
1835 2681 2055 2735 civitate

71 2771 187 2827 fieri
242 2786 499 2842 umquam
545 2770 754 2842 potuit?
837 2769 934 2825 Ubi
975 2777 1130 2824 erant
1185 2768 1421 2842 Lycurgi
1470 2768 1613 2840 leges
1669 2768 2054 2824 saluberrimae

69 2876 132 2914 eo
174 2860 288 2931 ipso
323 2857 547 2913 consilio
597 2857 765 2922 latae,
809 2865 869 2912 nt
916 2857 1180 2930 quidquid
1222 2858 1598 2928 conciperetur
1638 2866 1689 2913 et
1740 2865 2054 2912 nasceretur

69 2946 306 3002 validum
370 2953 510 3001 esset
581 2963 643 3001 ac
706 2946 1027 3001 robustum?
1108 2946 1475 3001 Disertissime
1533 2946 1823 3019 Xenophon
1896 2945 2052 3018 paulo

73 3043 232 3091 ante:
275 3037 591 3095 ἀποπαύσας
633 3040 721 3090 τοῦ
771 3035 963 3089 ὁπότε
1019 3035 1319 3102 βούλοιτο
1361 3033 1602 3096 ἕκαςος·
1653 3043 1881 3101 γυναῖκα
1922 3033 2050 3099 ἄγε·

69 3126 187 3180 σθαι
232 3124 377 3198 (nam
435 3125 513 3177 sic
559 3123 903 3178 scribendum
960 3131 1080 3189 est,
1132 3141 1233 3178 non
1290 3123 1558 3189 βούλοιντο
1611 3121 1804 3194 ἕκαςοι)
1868 3121 2051 3184 ἔταξεν

72 3211 125 3266 ἔν
156 3213 357 3276 ἀκμαῖς
397 3218 494 3267 τῶν
535 3211 789 3277 σωμάτων
829 3215 945 3274 τοὺς
994 3211 1200 3278 γάμους
1254 3214 1523 3267 ποιεῖσθαι.
1606 3212 1884 3264 Praeterea
1926 3209 2053 3263 audi

73 3297 422 3353 Plutarchum
462 3301 513 3354 in
551 3300 783 3374 Lycurg.
822 3306 909 3355 15.
953 3301 1184 3367 ἐγάμουν
1228 3302 1277 3355 δὲ
1320 3301 1388 3355 δι’
1431 3301 1738 3367 ἁρπαγῆς
1775 3302 1828 3352 οὐ
1864 3298 2052 3366 μικρὰς

69 3387 178 3442 οὐδὲ
241 3389 427 3455 ἀώρους
477 3390 599 3457 πρὸς
651 3388 826 3454 γάμον
882 3389 1030 3444 αλλὰ
1084 3389 1170 3443 καὶ
1228 3388 1568 3456 ἀκμαζούσας
1629 3386 1714 3441 καὶ
1767 3387 2051 3453 πεπείρους.

73 3473 436 3546 Intelligisne‚
480 3476 747 3548 imprimis
784 3493 988 3532 memor
1028 3477 1345 3533 Herodotei:
1388 3477 1429 3529 εἱ
1470 3476 1542 3540 μὴ
1575 3475 1733 3530 αὐταὶ
1772 3475 2052 3541 §eanum

75 3565 162 3618 οὐκ
215 3562 279 3618 ἂν
334 3563 613 3631 ἡρπάζοντο
674 3565 734 3636 (1.
780 3565 852 3637 4.)
895 3566 1158 3637 quomodo
1213 3582 1371 3620 senex
1431 3565 1534 3618 iam
1594 3562 1763 3635 plenis
1820 3562 2054 3619 nubilem
