2436 4068
1311 206 1416 254 45³2

384 351 684 414 τκκοὲνοιεν,
741 350 1052 413 ἡττηθέντων
1105 350 1155 402 δὲ
1203 349 1420 421 [αὐτῶν]
1462 348 1618 408 οὐδεὶς
1661 347 1722 401 ἂν
1763 349 1992 416 λειφθείη
2017 392 2030 411 ,
2074 366 2226 402 nemo
2268 351 2362 406 Ve-

386 448 558 493 terum
605 440 655 492 in
693 436 1002 491 huiusmodi
1035 437 1363 507 oppositione
1398 452 1686 506 pronomen
1723 435 1901 499 addit,
1942 436 2032 490 sed
2074 438 2360 506 magistelli

380 543 502 580 raro
539 527 817 579 continent
866 541 982 578 sese
1018 540 1122 594 quo
1163 525 1344 577 minus
1382 522 1691 577 adscribant
1727 522 1791 577 de
1828 541 1967 578 su0.v
2023 524 2247 595 Saepius
2286 534 2359 580 ta·

379 614 450 667 lia
495 615 547 666 in
592 612 941 684 Xenophonte
979 612 1295 665 notavimus,

454 700 588 754 lbid.
631 698 738 764 ἐξ).
782 697 896 754 εἷπε
938 701 989 754 δὲ
1027 697 1161 763 ὅτι,
1198 700 1405 754 ἐπειδὰν
1445 699 1651 766 τοὲχιςοο
1691 703 1718 762 ἡ
1756 701 1971 767 ςροιτείοι
2015 700 2175 771 λήξῃ,
2214 701 2360 762 εὐθὺς

378 788 820 854 ἀποπέμψειν
874 787 1068 848 αὐτόν,
1129 786 1429 840 abutuntur
1480 788 1581 840 viri
1624 787 1766 841 docti
1827 788 2012 842 multis
2068 789 2360 842 multorum

382 877 510 931 locis
550 874 617 928 ad
652 874 1164 929 demonstrandum:
1207 871 1348 929 εἶπεν
1382 872 1482 928 ὅτι
1524 877 1971 944 ἀποπέμψειν
2025 875 2158 929 nihil
2199 874 2375 947 offen-¹
2412 873 2417 878 ’

378 965 543 1018 sionis
581 962 793 1018 habere.
856 963 1084 1016 Acervos
1125 963 1529 1031 annotationum
1574 964 1853 1017 cumulant
1894 964 1986 1017 ubi
2030 964 2362 1034 »plenissime

379 1054 442 1106 de
480 1050 555 1106 ὅτι
594 1052 915 1123 infinitivum
952 1061 1158 1122 reqenie
1190 1059 1363 1104 actum
1398 1051 1558 1103 esse’'
1600 1050 1887 1105 affirmant.
1970 1051 2025 1106 Si
2061 1068 2147 1106 res
2183 1059 2360 1107 aucto·

379 1140 633 1193 ritatibus
675 1139 1104 1209 testimoniisque
1159 1137 1491 1193 conficienda
1531 1146 1674 1192 esset
1724 1139 1970 1210 iniquum
2020 1139 2151 1193 mihi
2193 1147 2363 1195 certa-

383 1245 502 1282 men
562 1226 727 1291 soret,
783 1244 1015 1298 namque
1057 1243 1212 1280 nemo
1265 1226 1399 1279 mihi
1440 1226 1638 1280 auxilio
1684 1234 1800 1290 est,
1853 1234 1905 1280 et
1946 1244 2070 1280 cum
2117 1227 2365 1281 omnibus

383 1317 545 1369 etiam
590 1331 713 1368 cum
754 1315 1153 1369 Valckenaeriis
1195 1314 1661 1386 Heindorfiisque,
1701 1314 1897 1385 quihus
1931 1333 2027 1386 ego
2067 1315 2365 1387 plurimum

387 1403 599 1467 tribuo,
640 1401 791 1457 video
832 1402 968 1456 mihi
1008 1420 1124 1456 esse
1177 1402 1545 1474 pugnandum.
1629 1402 1731 1456 Sed
1784 1404 1829 1456 si
1870 1419 1996 1457 sana
2055 1405 2261 1458 ratione
2314 1411 2368 1458 et

387 1491 584 1545 iudicio
618 1489 1048 1544 contendendum
1087 1498 1166 1544 est
1218 1491 1530 1545 secernendi
1572 1492 1805 1562 primum
1846 1498 2006 1545 erunt
2050 1491 2151 1545 loci
2201 1493 2368 1564 scrip-

383 1587 561 1632 torum
602 1577 812 1631 minimi
854 1578 1015 1648 pretii
1059 1583 1111 1632 et
1151 1578 1278 1632 solis
1318 1578 1560 1632 classicis
1600 1579 2022 1650 permittendum
2060 1580 2367 1635 testimonia

385 1666 579 1721 dicere.
661 1663 811 1732 Quod
859 1664 951 1718 ubi
988 1663 1179 1720 seceris
1222 1672 1274 1720 et
1314 1666 1553 1736 singulos
1595 1666 1736 1720 locos
1781 1666 2144 1737 probatissimi
2185 1669 2368 1722 cuius-

387 1772 490 1826 que
544 1753 823 1825 scriptoris
873 1752 1159 1823 diligenter
1209 1755 1508 1808 excusseris
1561 1753 1751 1808 bonam
1793 1763 1998 1825 partem
2039 1756 2186 1809 vitiis
2223 1773 2391 1825 men<

385 1843 574 1914 disque
597 1840 846 1895 infectam
884 1857 998 1895 esse
1035 1842 1358 1913 comperieS,
1395 1849 1738 1913 caeterosque
1773 1850 1865 1897 aut
1898 1860 1990 1914 per
2025 1843 2223 1898 multas
2261 1861 2370 1898 am·
2431 1849 2436 1898 ξ

387 1930 546 2001 bages
588 1929 799 1999 longius
849 1936 1117 1983 extractos
1169 1930 1592 2001 intricatosque,
1643 1939 1736 1984 aut
1788 1930 2076 1986 artificiose
2128 1939 2181 1986 et
2230 1932 2371 2002 labo-
2433 1924 2436 1926 ’

388 2020 526 2072 riose
575 2017 930 2089 compositOS,
991 2018 1042 2070 in
1086 2035 1191 2088 quo
1243 2034 1437 2088 genere
1490 2019 1561 2072 τοὶ
1618 2018 1940 2073 ἀνακόλουθα
2002 2018 2266 2090 pullulant
2318 2027 2372 2075 et
2427 2021 2436 2083 ᾖ

387 2106 642 2177 amphora
681 2105 855 2176 coepit
898 2105 1108 2159 institui
1162 2112 1413 2160 currente
1454 2112 1569 2160 rota
1611 2107 1740 2160 exiit
1779 2124 2009 2171 urceuS,
2050 2107 2104 2161 id
2148 2116 2228 2162 est
2269 2109 2372 2163 alia
2429 2133 2436 2192 ξ

389 2193 559 2247 forma
601 2194 852 2247 instituta
898 2194 1069 2247 oratio
1117 2193 1220 2247 alia
1271 2202 1386 2266 post
1434 2195 1728 2266 longiorem
1780 2195 2064 2249 verborum
2106 2196 2368 2252 ambitum
2418 2193 2436 2233 ²*

391 2281 629 2335 absoluta
672 2287 769 2334 est.
851 2280 952 2335 Sed
995 2282 1049 2334 in
1090 2281 1175 2335 his
1215 2283 1432 2353 quidem
1477 2283 1608 2336 nihil
1646 2289 1728 2337 est
1765 2283 1904 2354 quod
1939 2285 2224 2354 quisquam
2267 2285 2371 2338 mi-
2427 2287 2436 2352 ’ἦ

390 2376 558 2423 retur.
642 2369 748 2422 Hoc
778 2375 854 2423 est
887 2369 1130 2423 mirabile
1171 2377 1223 2423 et
1266 2371 1495 2442 portenti
1534 2371 1728 2434 instar,
1772 2371 1813 2424 si
1851 2372 1972 2441 quis
2009 2372 2146 2425 serio
2188 2371 2370 2426 credet

390 2463 535 2512 recte
576 2456 781 2511 dictum
835 2474 982 2511 esse:
1024 2455 1165 2512 εἶπεν
1219 2456 1342 2522 ὅτι,
1382 2459 1589 2514 ἐπειδὰν
1627 2458 1834 2525 τάχιςοο
1880 2461 1907 2521 ἡ
1953 2460 2168 2526 epm-eloi
2203 2458 2371 2528 λήξῃ,

391 2546 534 2605 εὐθὺς
582 2545 1022 2613 ἀποπέμψειν
1070 2546 1263 2606 αὐτόν,
1319 2547 1373 2600 id
1415 2554 1496 2601 est
1554 2548 1607 2600 in
1664 2555 1772 2599 tam
1824 2546 2058 2618 simplici
2115 2547 2370 2619 brevique

392 2634 686 2697 sententia,
728 2632 818 2686 ubi
854 2633 1033 2688 nullus
1071 2635 1138 2688 sit
1162 2636 1499 2705 ἀνακολουθίοι
1536 2635 1707 2699 locuS,
1743 2635 1901 2688 istam
1942 2636 2202 2691 rationem
2242 2634 2372 2690 ferri
2420 2694 2425 2703 „

393 2738 561 2791 posse.
644 2720 746 2788 Qui
785 2721 926 2776 locos
966 2739 996 2776 a
1031 2723 1163 2776 viris
1217 2722 1388 2777 doctis
1444 2722 1703 2777 indicatos
1753 2722 1990 2793 singulos
2045 2723 2372 2778 examinabit
2416 2786 2425 2801 L

392 2807 753 2880 deprehendet
819 2809 1010 2863 vitium
1075 2809 1401 2881 ubicumque
1454 2828 1557 2864 non
1616 2819 1692 2865 est
1755 2810 1966 2881 aliquod
2015 2811 2367 2865 ἀνακόλουθον.

362 2896 810 2950 ,νειΙοΙςθηειθΓίιιε
863 2896 1017 2951 affert
1071 2897 1202 2952 duos
1259 2898 1401 2954 locos
1457 2915 1518 2952 ex
1573 2898 1855 2953 Hellenieis
1894 2898 1959 2952 II.
2001 2916 2054 2951 n.
2100 2903 2148 2951 2.
2204 2906 2257 2953 et
2308 2899 2366 2952 V.

391 3001 463 3038 Jv.
507 2988 592 3037 55.
674 2983 734 3036 In
770 2983 867 3038 hoc
915 2984 1115 3056 legitur
1154 2988 1176 3039 ὁ
1224 2986 1275 3039 δὲ
1317 2989 1465 3041 εἰπὼν
1499 2984 1575 3041 ὅτι
1616 2987 1752 3041 οὐδὲν
1797 2986 1894 3048 ἀν,
1939 2982 1961 3039 ὃ
2000 2994 2063 3054 τῇ
2113 2985 2260 3041 πόλει
2294 2987 2370 3041 δο·
2403 3002 2421 3062 41

392 3071 527 3133 κοίη,
577 3073 839 3127 ἀντειπεῖν
882 3073 1296 3142 παρεσκευάζετο
1337 3077 1406 3135 εἷς
1454 3077 1544 3138 τὴν
1588 3074 1781 3138 ἔξοδον,
1839 3073 2213 3145 compendium
2261 3093 2366 3130 non
2404 3087 2418 3150 ³-ss

394 3158 721 3213 intellectum
761 3162 966 3230 peperit
1020 3162 1308 3216 absurdam
1356 3163 1700 3234 scripturam.
1781 3162 2100 3227 Ἀντιλέγειν
2141 3163 2262 3231 πρός
2315 3185 2364 3218 τι
2404 3191 2405 3196 =

390 3247 590 3301 dieitur
619 3246 683 3300 de
714 3263 803 3311 en,
844 3248 934 3318 qui
969 3258 1164 3303 nonest
1197 3250 1329 3303 dicto
1362 3251 1602 3326 ααᾷἰεηε,
1631 3256 1684 3303 et
1714 3251 1832 3317 πρὸς
1868 3251 2004 3304 οὐδὲν
2042 3251 2362 3316 ἀντιλέγειν,
2407 3247 2436 3298 1

391 3338 436 3389 si
477 3335 598 3407 quis
626 3352 724 3406 per
761 3336 933 3388 omnia
985 3338 1277 3409 obsequitur
1314 3344 1365 3391 et
1403 3338 1751 3408 obtemperat,
1792 3336 1882 3391 sed
1928 3338 2064 3392 οὐδὲν
2105 3340 2365 3393 ἀντειπεῖν
2431 3372 2436 3420 1

388 3419 588 3477 dicitur
642 3423 723 3488 is,
778 3424 869 3495 qui
925 3423 989 3477 ad
1030 3441 1090 3478 ea
1133 3441 1268 3495 quae
1317 3423 1517 3477 audivit
1578 3440 1916 3496 quacumque
1962 3425 2024 3480 de
2073 3442 2234 3481 causa
2291 3435 2364 3480 ta·
2435 3444 2436 3452 ¹

388 3512 507 3566 cuit.
588 3510 774 3582 Itaque
814 3510 973 3566 redde
1016 3505 1386 3583 Xenophonti:
1429 3513 1449 3565 ὂ
1486 3513 1535 3565 δὲ
1572 3513 1720 3566 εἰπὼν
1763 3516 1882 3580 πρὸς
1922 3515 2058 3568 οὐδὲν
2098 3514 2159 3567 ἂν
2184 3557 2196 3576 ,
2240 3511 2261 3567 ὃ
2299 3521 2363 3581 τῇ
2428 3523 2430 3580 ζ

386 3599 531 3653 πόλει
573 3599 766 3661 δοκοίη,
810 3601 1089 3677 ἀντειπεῖν.
