2436 4068
1350 231 1454 282 450

484 375 543 431 ln
592 379 620 447 §
659 380 749 430 21.
807 372 1002 426 sciolus
1043 372 1106 425 de
1157 390 1253 426 suo
1295 374 1499 427 addidit
1539 376 1579 427 οἱ
1632 378 1862 442 λοχαγοί
1902 377 1954 429 in
2000 376 2199 431 verbis:
2242 375 2372 434 οὗτοι

407 467 457 520 δὲ
498 465 814 531 πορευόμενοι
863 462 926 534 [οἱ
967 461 1255 532 λοχαγοί],
1309 461 1596 514 admodum
1643 462 1960 528 infeliciter,
2003 483 2235 536 namque
2267 484 2375 521 om-

408 555 525 615 nia,
566 567 702 621 quae
744 549 813 601 ibi
855 555 1374 612 commemorantur,
1428 552 1470 603 οἱ
1524 550 1674 616 λόχοι
1718 549 2016 615 faciehant,
2071 571 2172 606 non
2214 557 2256 608 οἱ
2296 570 2378 609 λο-

405 640 608 708 χαγοί,
666 636 806 708 quod
864 635 953 688 ubi
1014 636 1175 691 semel
1229 637 1391 707 probe
1443 638 1887 693 animadverteris
1929 640 2068 694 idem
2128 641 2376 711 putidum

406 726 667 781 emblema
720 722 946 794 expelles
986 740 1050 776 ex
1109 723 1262 790 §25
1321 727 1410 778 οὐκ
1451 725 1792 791 ἐταράττοντο
1849 729 1976 782 αλλ’
2016 730 2066 780 ἐν
2114 730 2183 796 τῷ
2239 731 2378 796 μέρει

406 817 473 884 [οἱ
512 811 764 883 λοχαγοὶ]
810 810 1076 876 διέβαινον.

479 901 538 955 In
581 900 610 966 ἓ
646 903 734 953 25.
794 899 1058 964 άνέβησαν
1113 898 1197 952 ἐπὶ
1254 901 1340 953 τὸν
1398 906 1590 966 πρῶτον
1649 903 1884 969 γήλοφον
1931 903 2018 956 καὶ
2073 904 2381 969 κατέβαινον

405 992 467 1050 ὡς
509 988 593 1041 ἐπὶ
635 989 720 1041 τὸν
761 985 925 1054 ἕτερον
966 987 1310 1057 [άναβαῖεν],
1356 1004 1451 1058 pro
1488 990 1745 1054 άναβαῖεν
1777 989 2021 1044 meliores
2058 991 2216 1045 Codd.
2258 995 2380 1045 οἰνα-

405 1076 604 1143 βαίνειν
645 1081 699 1128 et
738 1075 1079 1141 καταβαίνειν
1125 1074 1397 1145 praebent.
1478 1074 1670 1130 Omnia
1706 1084 1832 1130 sunt
1889 1078 2108 1148 perinde
2165 1081 2380 1151 spuria:

407 1168 472 1226 ὡς
508 1162 592 1217 ε’πὶ
633 1164 718 1217 τὸν
760 1159 923 1229 ἕτερον
959 1161 1163 1215 dictum
1207 1169 1286 1215 est
1330 1170 1387 1216 ut
1426 1165 1489 1223 ὡς
1531 1164 1616 1218 ε’πὶ
1653 1167 1745 1227 τὴν
1785 1164 2057 1220 θάλατταν
2097 1173 2150 1220 et
2186 1168 2306 1220 sim.

482 1252 630 1306 Duae
670 1249 939 1303 litterulae
977 1249 1291 1305 exciderunt
1326 1250 1380 1303 in
1423 1250 1450 1316 ἓ
1487 1255 1575 1307 50.
1634 1254 1677 1306 οἱ
1717 1253 1812 1317 μὲν
1845 1261 1910 1321 τῇ
1952 1255 2070 1321 ὁδῷ,
2112 1255 2219 1308 imo
2259 1271 2382 1309 vero

407 1342 450 1395 οἱ
489 1340 585 1405 μὲν
629 1337 720 1411 (ἐν)
763 1345 827 1405 τῇ
869 1337 991 1404 ὁδῷ,
1037 1344 1095 1391 ut
1127 1337 1260 1392 solet
1300 1337 1498 1393 Graece
1545 1339 1668 1393 dici.

484 1427 676 1497 Elapsa
735 1424 922 1495 copula
981 1431 1062 1478 est
1117 1425 1171 1478 in
1227 1429 1256 1496 §
1299 1429 1387 1479 5⁶2..
1453 1427 1634 1481 πολλοὶ
1690 1429 1796 1496 γὰρ
1837 1426 1964 1490 ἦσαν
2018 1428 2294 1496 ἀπόμαχοι
2343 1432 2384 1484 οἱ

407 1514 707 1582 τετρωμένοι
748 1513 836 1566 καὶ
872 1514 915 1566 οἱ
950 1513 1163 1574 ἐκείνους
1203 1514 1443 1582 φέροντες
1483 1515 1570 1570 καὶ
1611 1518 1654 1571 οἱ
1693 1522 1791 1571 τῶν
1831 1517 2084 1585 φερόντων
2129 1518 2202 1572 τοὶ
2243 1515 2385 1572 ὅπλα

409 1601 707 1668 δεξάμενοι,
747 1600 934 1671 supple
970 1598 1022 1654 οἵ
1054 1599 1154 1673 (τε)
1190 1602 1490 1669 τετρωμένοι
1529 1603 1617 1657 καὶ
1657 1606 1701 1658 οἱ
1739 1606 1952 1666 ἐκείνους
1991 1605 2250 1674 φέροντες.

484 1689 545 1744 In
583 1688 674 1742 III.
716 1705 783 1741 lv,
829 1692 919 1741 41.
976 1689 1102 1742 ἀλλ’
1143 1691 1186 1743 εἰ
1225 1690 1406 1755 βούλει
1454 1691 1576 1756 μένε
1618 1691 1703 1746 ἐπὶ
1750 1695 1821 1760 τῷ
1875 1694 2227 1761 ςρατεύματι,
2282 1695 2383 1758 ἐγὼ

407 1780 450 1833 δ’
471 1777 622 1832 ἐθέλω
664 1776 997 1844 πορεύεσθαι·
1036 1778 1079 1830 εἰ
1121 1777 1172 1831 δὲ
1221 1777 1473 1849 [χρῄζεις]
1500 1820 1515 1843 ,
1554 1781 1762 1847 πορεύου
1794 1781 1878 1835 ἐπὶ
1920 1781 1977 1834 τὸ
2013 1780 2148 1848 ὅρος,
2189 1782 2291 1846 ἐγὼ
2330 1782 2382 1835 δὲ

407 1872 541 1933 μενῶ
581 1866 758 1919 αὐτοῦ.
836 1863 1199 1935 Expleverunt
1239 1865 1485 1920 Graeculi
1524 1869 1858 1922 notissimam
1899 1875 1952 1923 et
1992 1868 2384 1939 perelegantem

408 1956 644 2009 Atticam
703 1951 950 2022 ellipsin,
1003 1953 1160 2006 cuius
1213 1953 1383 2007 multa
1435 1953 1578 2026 apud
1628 1955 1902 2010 Platonem
1954 1956 2195 2028 exempla
2243 1965 2386 2012 sunt-

410 2041 544 2096 Vide
582 2038 906 2112 Euthydem.
949 2056 998 2111 p.
1038 2043 1145 2095 285
1187 2040 1240 2094 C.
1298 2043 1340 2096 εἶ
1381 2043 1476 2107 μὲν
1513 2044 1765 2109 βούλεται
1820 2043 2020 2111 ἑψέτω,
2074 2045 2116 2098 εἰ
2157 2044 2229 2108 δ’,
2276 2042 2307 2098 δ’
2336 2066 2385 2099 τι

408 2129 660 2196 βούλεται
716 2132 867 2182 τοῦτο
928 2129 1164 2192 ποιείτω,
1229 2129 1316 2182 ubi
1376 2129 1573 2184 multos
1631 2131 1773 2185 locos
1840 2131 2043 2186 similes
2101 2131 2387 2204 adscripsit

412 2216 829 2280 StallhaumiuS‚
870 2232 934 2269 ex
979 2216 1174 2286 quibus
1231 2215 1480 2270 omnibus
1519 2219 1876 2272 necessariam
1914 2219 2232 2291 particulam
2285 2222 2386 2275 Xe-

410 2305 670 2377 nophonti
707 2303 1098 2358 restituendam
1133 2320 1247 2359 esse
1292 2304 1720 2359 animadvertes:
1779 2309 1904 2360 αλλ’
1938 2309 1981 2361 εἰ
2026 2307 2163 2380 (μὲν)
2203 2309 2385 2374 βούλει

407 2394 549 2460 μένε.
628 2392 812 2446 Eiecto
852 2391 1021 2461 igitur
1060 2391 1378 2446 emblemate
1428 2393 1481 2446 in
1530 2393 1878 2464 sequentibus
1929 2395 2136 2449 scribe:
2177 2397 2385 2465 πορεύου

413 2481 520 2556 (σὺ)
581 2481 666 2535 ἐπὶ
703 2481 762 2535 τὸ
814 2478 952 2547 ὅρος,
995 2481 1095 2545 ἐγὼ
1143 2481 1196 2535 δὲ
1250 2485 1385 2546 μενῶ
1442 2483 1619 2536 αὐτοῦ.
1702 2481 2030 2537 Praecedens
2083 2483 2286 2556 syllaba
2330 2486 2382 2539 in

408 2577 742 2625 ΠΟΡΕΤΟΤ
785 2573 1098 2638 sequentem
1145 2577 1228 2622 CT
1269 2568 1551 2641 absorpsit.

488 2658 549 2711 In
590 2659 621 2726 §
657 2660 750 2710 49.
807 2655 890 2713 ἔςε
930 2655 1237 2721 ἠνάγκασαν
1272 2657 1516 2722 λαβόντα
1554 2658 1646 2719 τὴν
1685 2659 1885 2712 οὶσπίδα
1924 2659 2258 2727 πορεύεσθαι,
2300 2677 2387 2715 res

412 2748 527 2818 ipsa
567 2745 721 2799 docet
759 2744 1106 2810 οὲναλαβόντα
1145 2761 1331 2799 verum
1373 2761 1506 2800 esse.
1589 2745 1768 2799 Palam
1809 2753 1891 2800 est
1932 2762 2031 2800 cur
2068 2750 2389 2819 praepositio

410 2832 763 2888 interciderit.

489 2922 550 2976 In
588 2919 679 2975 Ill.
723 2937 772 2975 v,
815 2924 865 2974 2.
920 2920 1163 2984 ἐξαπίνης
1204 2924 1246 2975 οἱ
1291 2922 1523 2988 πολέμιοι
1578 2923 1936 2991 ἐπιφαίνονται
1989 2922 2062 2994 [ἐν
2100 2925 2170 2991 τῷ
2209 2924 2387 2994 πεδίῳ]

417 3010 505 3064 καὶ
543 3015 641 3062 τῶν
676 3010 936 3072 Ἑλλήνων
988 3009 1288 3078 κατέκοψάν
1336 3031 1479 3072 τινας
1532 3017 1631 3065 τῶν
1669 3010 2051 3076 ἐσκεδασμένων
2096 3012 2147 3063 ἐν
2182 3013 2253 3079 τῷ
2299 3032 2388 3065 πε-

414 3098 500 3165 δίῳ
533 3098 646 3150 καθ’
688 3097 967 3163 οὶρπαγήν,
1007 3097 1168 3151 verba
1207 3114 1303 3169 per
1338 3114 1395 3152 se
1432 3097 1590 3169 plane
1625 3100 1794 3153 otiosa
1841 3100 1892 3151 ἐν
1923 3099 1994 3165 τῷ
2043 3099 2197 3165 πεδίῳ
2235 3115 2389 3171 prop-

418 3194 501 3240 ter
540 3201 602 3239 ea
641 3199 777 3254 quae
818 3186 998 3238 statim
1039 3193 1341 3256 sequuntur
1379 3186 1524 3240 nullo
1561 3194 1715 3258 pacto
1753 3185 1974 3240 retineri
2012 3192 2254 3255 possunt.
2358 3195 2364 3199 '

512 3270 774 3343 Impedita
829 3273 998 3326 oratio
1057 3280 1138 3327 est
1177 3273 1269 3326 111.
1326 3290 1373 3326 v.
1419 3278 1468 3327 5.
1523 3280 1741 3345 propter
1777 3272 2234 3337 additamentum,
2284 3290 2387 3344 quo

416 3360 555 3416 male
594 3366 806 3431 recepto
845 3360 1008 3413 unius
1041 3359 1283 3414 vocabuli
1340 3359 1509 3414 forma
1557 3367 1765 3414 mutata
1799 3368 1896 3415 est.
1975 3359 2036 3412 In
2076 3359 2228 3414 libris
2276 3369 2385 3415 est:

417 3448 452 3508 ἃ
488 3451 593 3517 γάρ
639 3446 723 3502 ὅτε
776 3447 1070 3501 ἐσπένδοντο
1107 3447 1468 3515 διεπράττοντο
1507 3449 1581 3513 μὴ
1625 3449 1786 3502 καίειν
1827 3451 1942 3518 [τὴν
1980 3448 2241 3513 βασιλέως
2280 3451 2383 3515 χώ-

417 3540 568 3609 ραν],
621 3541 705 3591 νῦν
757 3536 900 3591 αὐτοὶ
941 3535 1162 3590 καίουσιν
1198 3538 1262 3596 ὡς
1319 3538 1707 3602 άλλοτρίαν,
1763 3544 2029 3608 expuncto
2068 3538 2384 3592 emblemate

419 3642 540 3680 vera
590 3625 746 3680 lectio
781 3627 842 3686 ὡς
882 3623 1134 3691 ἀλλότρια
1191 3623 1333 3679 ultro
1380 3631 1615 3695 emerget
1655 3632 1706 3680 et
1754 3624 1900 3680 locus
1938 3625 2215 3698 expeditus
2262 3626 2382 3681 crit.
