2436 4068
1312 203 1379 253 ⁶26

351 349 487 405 ratio
521 347 681 403 verba
722 348 799 402 sic
841 362 956 402 esse
996 345 1344 401 describenda
1379 344 1575 414 arguit.
1657 345 2032 414 NausicrateS,
2077 356 2133 404 ut
2176 350 2334 404 multi

349 438 442 492 alii
478 445 570 500 τῆς
604 435 767 502 μέσης
804 434 1098 503 κωμῳδίαις,
1137 449 1233 504 per
1271 433 1445 486 risum
1487 432 1774 503 iocumque
1805 434 2086 506 Tragicam
2120 437 2332 493 dicendi

348 542 595 598 pompam
651 530 704 577 et
737 523 975 577 oratione
1014 527 1067 574 et
1107 520 1348 574 numeris
1390 521 1656 579 imitatur.
1734 521 1880 576 Idem
1922 531 2002 577 est
2037 525 2232 596 eloquii
2274 526 2329 579 in

348 631 408 668 re
439 612 648 666 ludicra
685 606 934 682 s‘plendor
972 614 1024 662 et
1058 608 1494 679 magnificentia,
1545 609 1686 664 idem
1728 610 1872 663 nitor
1911 612 2111 665 senarii
2143 613 2210 666 ad
2255 628 2333 668 sc-

348 702 584 755 veriores
621 698 764 768 leges
804 695 1102 767 compositi.
1196 695 1298 762 Qui
1343 697 1397 750 in
1444 696 1739 768 Tragoedia
1773 697 1856 752 vel
1898 698 2334 770 Tragicomoedia

351 788 587 843 senarios
628 785 769 839 serre
808 789 1034 855 possunt
1072 783 1408 839 istiusmodi:

649 871 872 939 τρίγλας
906 872 1100 938 λέγεις.
1159 881 1216 926 Β.
1258 878 1687 941 γαλακτοχρῶτα
1718 876 1933 936 Σικελὸς
1973 873 2025 928 ὅν

650 961 877 1025 πήγνυσ’
917 959 1072 1027 ὄχλος
1105 960 1326 1030 ῥόμβος.

348 1047 628 1104 reiiciendi
668 1053 794 1101 sunt
832 1046 1037 1102 iudices
1068 1065 1447 1111 numerorum,
1491 1065 1723 1119 namque
1752 1051 1930 1118 κωφὴν
1961 1051 2117 1113 ἀκοῆς
2158 1050 2331 1113 αἴσθη-

347 1159 425 1192 σιν
465 1137 700 1204 ἔχουσινι
751 1141 939 1189 contra
988 1136 1081 1206 qui
1130 1153 1317 1191 aurem
1361 1135 1559 1191 habent
1607 1137 1723 1191 eius
1769 1136 2032 1190 iudicium
2075 1138 2130 1190 in
2171 1154 2233 1192 ea
2274 1155 2332 1194 re

346 1232 466 1280 tuto
509 1229 818 1295 sequentur.
907 1223 1110 1277 Horum
1159 1224 1454 1278 sententias
1500 1223 1683 1278 statim
1729 1225 2006 1295 exquiram
2057 1225 2112 1278 in
2154 1242 2331 1280 emen-

347 1312 539 1367 dandis
572 1311 888 1383 fragmentis
923 1311 1323 1383 compluribUS,
1364 1328 1595 1383 quorum
1636 1312 1849 1367 numeri
1890 1313 2067 1367 vitiosi
2107 1330 2222 1368 esse
2257 1315 2332 1368 vi-

346 1402 578 1466 dentur,
631 1401 725 1455 ubi
776 1400 928 1472 prius
965 1398 1146 1454 dixero
1198 1400 1263 1454 de
1310 1399 1566 1455 vocabulo
1612 1400 1873 1472 Tragico,
1922 1401 1976 1454 in
2023 1418 2128 1471 quo
2176 1418 2331 1474 saepe

345 1489 593 1547 Graeculi
632 1488 870 1561 imperiti
915 1487 1254 1559 impingunt,
1305 1487 1447 1560 quod
1499 1487 1700 1559 legitur
1751 1490 1806 1543 in
1854 1488 1953 1543 hoc
2000 1489 2332 1544 Nausicratis

344 1579 553 1635 senario
579 1599 591 1632 ε

649 1662 732 1727 αἷς
773 1664 859 1719 καὶ
896 1664 1015 1718 θεὰν
1053 1668 1239 1729 τιμῶσι
1279 1663 1555 1734 φωσφόρον
1595 1664 1754 1734 Κόρην
1777 1706 1789 1718 .

346 1755 552 1810 scilicet
599 1770 757 1808 nemo
797 1768 1089 1822 umquam,
1136 1752 1230 1822 qui
1279 1753 1510 1811 αττικιςὶ
1553 1752 1701 1819 λέγει
1741 1758 1794 1807 et
1834 1769 1938 1806 non
1981 1744 2329 1823 παρατραγῳ·

341 1843 452 1908 δεῖ,
492 1847 718 1912 usurpat
748 1838 1069 1894 vocabulum
1100 1837 1222 1902 θεοὶ,
1264 1838 1356 1893 sed
1385 1843 1413 1903 ἡ
1451 1839 1556 1902 θεός
1587 1839 1838 1895 dicebant
1865 1846 2122 1912 perpetuo
2145 1857 2331 1896 omnes

344 1933 400 1985 in
441 1929 530 1984 illo
573 1945 849 1991 sermone,
903 1927 998 1998 qui
1041 1942 1145 1979 non
1190 1943 1356 1998 supra
1396 1944 1613 1982 soccum
1650 1928 1911 1999 adsurgit.
1991 1929 2330 2000 Quicumque

344 2019 402 2072 in
443 2015 715 2072 comoedia
763 2014 854 2069 θεοὶ
891 2014 1023 2069 dicit
1071 2013 1279 2069 facetus
1319 2015 1548 2070 Homero
1592 2023 1686 2071 aut
1735 2017 1929 2090 Lyrico
1966 2023 2060 2070 aut
2101 2017 2328 2087 Tragico

340 2113 530 2180 poetae
579 2105 819 2177 priscum
868 2101 1188 2157 vocabulum
1239 2103 1307 2157 ad
1349 2105 1520 2158 risum
1564 2105 1889 2175 captandum
1933 2104 2185 2175 sublegit:
2237 2104 2327 2159 ubi

341 2193 478 2248 nihil
523 2192 709 2246 subest
753 2190 1018 2246 eiusmodi
1070 2189 1193 2244 libri
1247 2197 1300 2245 et
1348 2191 1556 2246 scribae
1604 2192 1755 2246 nobis
1808 2191 2050 2246 fraudem
2101 2191 2325 2247 faciunt.

340 2281 693 2354 Lepidissime
758 2278 1048 2334 Menander
1112 2277 1253 2351 apud
1320 2279 1670 2334 Plutarchum
1737 2280 1802 2334 de
1868 2279 2117 2335 audiend.
2186 2287 2323 2351 poet.

339 2387 458 2443 pag.
500 2373 586 2424 19.
630 2368 693 2422 A.

644 2453 755 2521 ἐμοὶ
790 2454 886 2520 μὲν
924 2451 1007 2510 οὖν
1041 2453 1223 2510 ἄειδε
1265 2456 1509 2519 τοιαύτην
1532 2499 1546 2521 ,
1586 2456 1727 2520 θεοὶ,

643 2545 916 2610 θρασεῖαν,
955 2543 1142 2611 ὡραίαν
1182 2543 1234 2596 δὲ
1274 2544 1360 2598 καὶ
1402 2546 1616 2608 πιθανὴν
1656 2543 1813 2611 ἅμα,

643 2631 919 2691 ἀδικοῦσαν
940 2672 955 2695 ,
991 2632 1407 2709 ἀποκλείουσαν,
1450 2635 1699 2688 αἰτοῦσαν
1737 2631 1909 2687 πυκνοὶ
1932 2673 1946 2696 ,

645 2718 856 2784 μηδένος
899 2719 1122 2786 ἐρῶσαν,
1163 2719 1595 2788 προσποιουμένην
1635 2722 1677 2775 δ’
1710 2722 1796 2776 οΞεί
1817 2762 1830 2775 .

341 2806 435 2862 sed
469 2807 658 2862 vitiose
694 2807 748 2860 in
786 2806 1140 2878 Aristophane
1173 2825 1257 2880 ap.
1295 2807 1473 2865 Schol.
1507 2808 1730 2863 Theocr.
1769 2809 1836 2863 II.
1878 2812 1944 2863 12
1985 2808 2207 2880 legitur:

645 2895 699 2949 τί
736 2894 823 2950 δαί
841 2911 854 2956 ;
893 2896 1103 2950 κυνίδιον
1140 2897 1332 2951 λεπτὸν
1367 2896 1518 2966 ἐπρίω
1556 2905 1621 2966 τῇ
1662 2897 1754 2967 θεᾷ

643 2984 715 3043 εἷς
753 2982 852 3044 τας
892 2983 1149 3051 τριόδουςς

341 3070 434 3142 qui
468 3070 720 3141 quoniam
758 3087 932 3142 neque
966 3072 1193 3140 παρῳδεῖ
1227 3089 1400 3144 neque
1438 3075 1844 3142 παρατραγῳδεῖ
1875 3089 1978 3126 non
2021 3077 2192 3144 potest
2227 3071 2320 3126 ali-

341 3164 424 3212 ter
470 3174 631 3228 quam
669 3166 734 3227 τῇ
777 3159 865 3226 θεῷ
909 3157 1144 3224 dixisse,
1196 3166 1257 3215 ut
1297 3169 1442 3216 recte
1481 3160 1624 3232 apud
1664 3161 2022 3233 Antiphanem
2063 3160 2320 3215 scribitur

342 3245 532 3300 Athen.
575 3244 690 3298 XII.
734 3249 865 3301 553.
912 3246 965 3299 C.
1019 3247 1338 3313 ἀλείμματα
1385 3247 1394 3322 Ι
1441 3249 1587 3318 παρα
1631 3257 1725 3313 τῆς
1780 3250 1888 3304 θεοῦ
1935 3250 2215 3314 λαβοῦσα,
2266 3254 2320 3302 et

338 3332 470 3386 alios
506 3333 721 3404 passim.
803 3334 1173 3406 Dittographia
1206 3335 1332 3390 hinc
1367 3343 1493 3391 nata
1526 3343 1607 3391 est
1641 3338 1694 3390 in
1728 3337 1999 3410 Posidippi
2034 3337 2148 3391 loco
2177 3334 2318 3407 apud

339 3419 532 3475 Athen.
566 3420 657 3475 IX.
698 3424 825 3476 576.
868 3421 927 3475 F.

643 3510 970 3575 διακονοῦμεν
1012 3516 1095 3565 νῦν
1136 3512 1367 3578 γάμους.
1409 3513 1467 3567 τὸ
1498 3515 1637 3580 θῦμα
1675 3514 1802 3579 βοῦς
1825 3557 1838 3568 .

645 3598 666 3651 o‘
707 3597 864 3660 διδοὺς
907 3600 1194 3669 ἐπιφανὴς,
1236 3603 1491 3672 ἐπιφανὴς
1533 3603 1554 3655 ὁ
1597 3602 1888 3668 λαμβάνων
1913 3644 1923 3655 .
