2436 4068
1281 198 1385 247 804

358 344 554 409 ἀγοράν
595 358 690 413 pro
731 338 1001 406 ἀγοράσειν
1042 337 1331 392 barbarum
1379 344 1502 395 165.

314 501 318 505 π
358 416 553 497 ἀγοράν
593 428 871 497 παρέχειν,
913 442 1017 479 non
1057 423 1206 491 ἀγειν
1249 428 1373 481 471.

362 516 609 586 -αγορεύω
632 559 646 581 ,
685 548 759 554 —
798 518 916 581 ερῶ,
947 545 1021 552 -
1053 520 1192 568 εἶπον
1234 521 1317 568 cet
1360 519 1484 571 778.

363 604 689 670 ἀδαημοσύνη
724 633 799 642 —
831 602 1112 667 ἀδαημονίη
1155 605 1282 656 687.

364 694 521 752 ἀδεῶς
557 723 631 730 -
663 690 812 754 ἡδέως
855 692 980 743 769.

366 782 556 835 ἀδικεῖν
589 810 663 817 -
695 777 897 838 ἀδίκους
940 779 1066 832 560.

366 869 547 927 ἀδίκως
589 864 964 937 interpolatum
1007 869 1135 919 471.

369 956 552 1015 ἀδίκως
591 956 904 1008 ἀπολοῦνται
941 983 1013 992 -
1040 953 1328 1015 ἀδικοῦντες
1368 955 1682 1010 ἀπολοῦνται
1724 961 1850 1012 555.

365 1043 550 1102 ἀδίκως
589 1041 843 1095 ἀπολέσαι
889 1045 1013 1095 555.

362 1132 614 1194 ”Αδωνος,
647 1129 854 1183 ’Ἀδωνα
899 1145 995 1200 pro
1033 1129 1289 1190 Ἀδώνιδος
1313 1172 1327 1193 ,
1366 1130 1608 1185 ’Λδώνιδα
1656 1135 1777 1185 182.

367 1220 451 1273 ἀεί
489 1216 686 1272 excidit
725 1220 850 1271 558.

366 1307 516 1360 ἀείδω
554 1338 628 1344 -
659 1304 818 1359 ἀείδει
860 1307 983 1359 199.

365 1394 541 1448 ἀείνων
579 1393 747 1458 λόγων
788 1397 912 1447 507.

368 1482 658 1550 ἀείφρουρος
688 1513 761 1521 -
793 1479 1025 1550 ἀειφόρος
1067 1466 1194 1552 542.

366 1569 557 1637 ἅζομαι
590 1589 664 1622 =
694 1569 996 1635 ἐντρέπομαι
1039 1571 1164 1624 280.

367 1656 576 1724 ἅζομαι.
620 1657 811 1725 ἦζόμην
847 1688 920 1698 —-
953 1654 1137 1724 ἠρόμην
1180 1659 1303 1710 280.

366 1747 525 1799 -αθεῖν
569 1745 774 1819 (aoristi
815 1744 926 1818 in),
967 1751 1028 1798 ut
1068 1745 1324 1798 διωκαθεῖν
1367 1749 1491 1800 495.

366 1835 574 1895 Ἀθῆναι
608 1862 684 1874 -
712 1833 962 1894 Ἀθηναῖοι
996 1864 1070 1872 —
1106 1834 1367 1896 Ἀθήνησιν
1412 1837 1536 1889 700.

366 1922 601 1984 Ἀθήνησι
635 1951 709 1961 --
742 1921 850 1975 θεία
893 1924 1018 1976 700.

368 2009 584 2085 Ἀᾆηνῶν
627 2008 670 2081 (ὅ
710 2006 786 2080 ἐξ)
835 2013 918 2062 14.

363 2098 516 2165 ἀθῷος
550 2125 624 2135 —
651 2095 834 2163 ἀθρόως
878 2099 1002 2151 752.

363 2193 436 2238 ΑΙ
478 2189 531 2238 et
569 2191 612 2237 E
654 2181 874 2238 confusa
913 2187 1038 2238 555.

367 2274 510 2332 -αιοῖς
551 2287 647 2343 pro
682 2302 757 2312 —
788 2270 932 2333 αιέας
973 2279 1026 2326 et
1064 2271 1183 2325 sim.
1231 2274 1371 2336 166,
1413 2276 1538 2328 529.

365 2358 618 2424 Αἴγεινα,
657 2358 915 2424 Αἰγεινέος
956 2365 1010 2413 et
1049 2361 1168 2413 sim.
1211 2363 1337 2414 554.

366 2447 678 2513 Αἰγινητέων
718 2446 807 2500 ἐών
838 2478 913 2488 --
945 2447 1258 2513 Αἰγινητέων
1300 2451 1423 2502 568.

365 2536 512 2590 -αίνω
556 2533 738 2608 (verba
778 2534 853 2607 in)
899 2542 958 2588 ut
996 2536 1320 2593 ἀκολαςαίνω
1358 2542 1411 2590 et
1451 2536 1570 2590 sim.
1614 2539 1738 2592 429.

367 2624 515 2678 -αίνω
559 2623 862 2697 (verborum
900 2622 976 2696 in)
1019 2622 1251 2678 aoristus
1292 2624 1346 2678 in
1386 2657 1460 2666 -—
1494 2646 1593 2680 ανα
1619 2668 1634 2689 ,
1679 2657 1750 2666 -—
1785 2646 1881 2688 ηνα
1920 2631 2047 2683 595.

366 2711 637 2776 Ἀἰξωνέων
670 2742 744 2751 —-
777 2710 870 2775 ἔξω
909 2711 1026 2765 νέων
1066 2714 1194 2765 554.

367 2802 618 2868 αἱρεθῆναι
655 2831 729 2839 -
758 2801 1062 2862 τελεσθῆναι
1105 2803 1231 2855 656.

368 2889 620 2956 αἱρήσοιμ’
653 2919 728 2927 -
755 2888 1028 2954 αἱρήσομαι
1071 2891 1197 2943 260.

369 2976 689 3044 αἰσχύνομαι
731 2975 772 3028 εἰ
815 2991 936 3027 cum
980 2974 1162 3030 futuro
1202 2982 1254 3030 et
1295 2977 1414 3031 sim.
1459 2979 1582 3032 580.
1627 3029 1630 3032 ,

372 3064 593 3127 αἰτηθείς
627 3095 702 3104 -
734 3062 920 3123 ἐπιθείς
961 3066 1087 3116 554.

372 3153 519 3209 αἰτία
549 3186 620 3195 --
651 3150 777 3215 ἀξία
819 3153 907 3205 80.

372 3242 545 3297 αἰτίαν
585 3239 689 3308 ἔχω
731 3237 829 3293 ὑπό
867 3258 994 3299 τινος
1038 3242 1164 3293 500.

371 3329 562 3390 αἰτοίην
590 3359 665 3368 -
697 3327 931 3392 αἰτοίμην
977 3328 1098 3380 126.

370 3416 694 3480 Ἀκαδημεια
723 3446 796 3455 —-
827 3414 1126 3480 Ἀκαδημία
1167 3417 1253 3467 77.

373 3504 696 3560 ἀκολαςαίνω
737 3508 790 3556 et
830 3503 947 3556 sim.
994 3504 1118 3555 429.

373 3591 798 3656 ἀκολαςάσματα
836 3622 906 3631 ——-·
944 3589 1161 3648 ἀκόλας’
1202 3590 1423 3660 ᾄσματα
1468 3594 1592 3645 428.
