2436 4068
1041 185 1145 236 375

110 327 345 384 remedio
394 325 568 381 obiter
622 328 803 381 sanari
856 329 1053 399 poterit
1093 328 1241 382 locus
1297 327 1438 399 apud
1494 326 1862 401 Thucydidem
1925 330 2085 383 iunius

111 413 352 471 vocabuli
390 414 520 468 vitio
564 414 907 470 vehementer
938 417 1287 487 perturbatus
1329 415 1462 470 Vlll.
1509 421 1594 471 15.
1649 418 1951 482 νομίσαντες
1991 418 2083 482 μέ-

106 524 212 570 γαν
246 502 337 564 ἤδη
373 502 460 555 καὶ
505 508 655 568 σαφῆ
691 505 777 557 τὸν
814 505 1032 557 κίνδυνον
1065 509 1212 571 σφοῖς
1252 504 1549 571 περιεςοέναι
1584 536 1691 568 --,
1729 504 1804 559 τοὶ
1836 525 1894 559 τε
1927 505 2086 572 χίλια

106 590 351 647 ’τάλαντα
372 631 386 651 ,
444 587 507 644 ὧν
558 590 645 644 διὰ
699 593 892 651 παντὸς
941 596 1031 645 τοῦ
1083 592 1310 657 πολέμου
1366 594 1643 661 ἐγλίχοντο
1690 595 1765 659 μὴ
1812 590 2086 660 ἅψασθαι,

107 680 252 739 εὐθὺς
320 676 571 732 ἔλυσαν
621 678 720 738 τας
767 679 1097 743 ἐπικειμένας
1149 679 1340 746 ζημίας
1379 683 1450 748 τῷ
1503 682 1697 735 εἰπόντι
1749 683 1779 745 ἢ
1830 682 2087 749 ἐπιψηφί-

107 786 255 824 σαντι
295 798 370 808 -—-
407 765 515 818 καὶ
576 764 906 832 ἐψηφίσαντο
963 774 1117 820 κινεῖν
1171 768 1258 821 καὶ
1313 772 1436 828 ναῦς
1484 773 1727 835 πληροῦν.
1820 768 2085 823 Iniuriam

107 851 410 927 Thucydidi
467 851 630 908 facies
688 854 735 906 si
781 854 887 908 ista
934 855 1012 908 sic
1063 854 1130 908 ab
1181 854 1271 908 illo
1316 855 1545 910 formata
1595 872 1712 910 esse
1759 855 2084 911 contendes:

107 942 299 999 melius
338 957 562 1012 repones
593 941 851 1003 λύσαντες
892 958 989 1013 pro
1023 941 1241 1006 ἔλυσαν,
1281 958 1386 1014 quo
1426 942 1568 997 facto
1605 945 1696 997 καί
1733 951 1859 999 ante
1892 945 2085 1013 ἐψηφί-

105 1050 261 1088 σαντο
305 1029 447 1085 ultro
482 1027 690 1084 excidet
726 1036 779 1083 et
812 1046 998 1084 omnes
1036 1029 1313 1085 molestiae
1346 1039 1507 1085 erunt
1550 1038 1805 1086 remotae.

179 1119 243 1174 ln
290 1116 492 1173 Hellen.
536 1116 650 1171 Vll.
692 1134 761 1170 tv.
812 1121 863 1171 2.
922 1115 1146 1184 εὕρισκον
1200 1119 1338 1173 οὐδὲν
1385 1126 1529 1184 μεῖον
1585 1120 2011 1184 Λακεδαιμονίοις
2056 1123 2085 1186 ἢ

109 1208 287 1276 σφίσιν
326 1206 523 1271 ὦγαθὸν
549 1205 609 1258 τὸ
643 1204 902 1271 Ἀρκάδας
937 1209 1012 1272 μὴ
1047 1208 1371 1275 προσδεῖσθαι
1414 1208 1688 1273 Θηβαίων,
1730 1207 1917 1279 supple
1947 1211 2087 1273 αγα-

108 1298 189 1352 θὸν
229 1293 320 1368 (ὅν)
342 1335 358 1358 ,
395 1292 537 1364 quod
577 1292 770 1346 vitium
807 1292 1154 1366 perfrequens
1190 1311 1306 1349 esse
1342 1302 1543 1349 norunt
1580 1312 1784 1350 omnes,

183 1381 319 1439 lbid.
356 1379 469 1438 VII.
509 1396 579 1436 lv·
621 1385 673 1435 ὅ.
732 1379 907 1445 ἔλεξεν
945 1379 1021 1436 ὅτι
1074 1384 1303 1445 οἰκούσας
1351 1382 1779 1449 ἐπιβουλεύεσθαι
1831 1391 1896 1451 τῇ
1937 1382 2089 1438 πόλει

105 1473 298 1538 βοηθῶν
334 1468 517 1537 παρείη
557 1468 784 1524 emenda
836 1471 1264 1536 ἐπιβουλεύεσθαι
1303 1473 1396 1534 τὴν
1446 1470 1598 1527 πόλιν
1656 1477 1711 1526 ει
1753 1469 1915 1542 paulo
1963 1478 2091 1526 ante

107 1562 151 1615 οἱ
188 1560 233 1614 δ’
273 1559 499 1614 ἐπίθοντο
540 1574 635 1629 pro
674 1558 946 1613 ἐπείθοντο.

181 1645 314 1702 Ibid.
352 1644 464 1701 Vll.
504 1661 574 1699 tv.
622 1650 707 1700 11.
756 1646 845 1700 καὶ
886 1647 1032 1708 δίκας
1072 1650 1172 1701 τῶν
1203 1647 1463 1702 Φλιασίων
1502 1646 1959 1715 προσκαλουμένων
1996 1650 2087 1703 οὐκ

105 1736 364 1799 ἐδίδοσαν,
417 1733 512 1804 qni
558 1731 843 1788 lectionem
885 1735 1308 1802 προκαλουμένων
1348 1751 1378 1789 a
1419 1734 1542 1789 Cod.
1589 1733 1825 1789 oblatam
1875 1752 2086 1807 spreve-

105 1830 236 1880 runt.
290 1821 544 1878 videntur
594 1820 730 1876 mihi
781 1821 959 1877 locum
1014 1840 1118 1877 non
1178 1824 1309 1878 satis
1357 1822 1702 1878 intellexisse.
1779 1823 2089 1879 Dindorfius

105 1913 162 1966 in
221 1926 458 1965 errorem
506 1907 763 1964 inductus
817 1927 849 1964 a
900 1910 1102 1965 Zeunio
1161 1918 1280 1976 εει,
1333 1912 1428 1983 qui
1477 1910 1545 1965 ad
1585 1910 1625 1965 1.
1669 1928 1756 1964 vu.
1802 1915 1888 1965 12.
1937 1914 2084 1974 δίκας

105 1997 563 2067 προσκαλουμένων
610 1998 944 2069 coniungens
996 1998 1182 2054 docuit
1235 1999 1443 2055 scilicet
1494 1999 1641 2059 δίκας
1680 2002 2086 2067 προσκαλεῖσθαι

105 2104 222 2143 ense
266 2088 387 2153 πρὸς
434 2086 583 2145 δίκας
621 2089 895 2142 καλεῖσθαι
914 2129 931 2151 ,
981 2094 1042 2141 ιιι
1079 2087 1474 2143 demonstraret
1514 2089 1917 2155 προσκαλεῖσθαι
1971 2105 2088 2144 esse

104 2174 505 2243 παραγγέλλειν
539 2174 612 2234 εἰς
651 2174 792 2236 δίκην
829 2182 882 2229 ει
923 2175 1234 2244 πρόσκλησις
1273 2179 1303 2239 ἡ
1337 2177 1409 2238 εἷς
1441 2175 1727 2243 δικαςήριον
1768 2182 1981 2241 κλῆσις,
2021 2177 2089 2232 de

103 2280 210 2337 qua
258 2279 320 2319 re
369 2261 516 2316 nulla
571 2278 831 2334 umquam
873 2262 977 2318 suit
1027 2263 1311 2318 dubitatio.
1400 2265 1686 2319 Καλεῖσθαι
1708 2304 1724 2327 ,
1776 2272 2087 2332 προσκαλεῖ-

104 2354 219 2408 σθαι
269 2358 326 2406 ει
374 2357 585 2415 κλῆσις,
639 2350 952 2417 πρόσκλησις
997 2353 1352 2408 usitatissima
1390 2359 1520 2407 sunt
1557 2361 1612 2408 et
1653 2351 1854 2424 passim
1900 2369 2086 2408 occur·

105 2448 235 2496 runt
276 2439 343 2494 de
388 2439 491 2503 iis,
543 2439 638 2510 qui
676 2437 838 2493 alicui
875 2441 1013 2495 diem
1050 2441 1243 2496 dicunt.
1323 2441 1511 2512 ltaque
1552 2442 1599 2495 si
1647 2441 1770 2513 quis
1818 2457 1978 2512 quem
2027 2442 2085 2495 in

99 2529 348 2584 iudicium
387 2525 704 2580 adducturus
738 2535 820 2582 εει
856 2529 901 2583 is
940 2536 1034 2583 ant
1067 2532 1337 2584 καλεῖσθαι
1379 2537 1475 2583 aut
1508 2531 1912 2597 προσκαλεῖσθαι
1953 2529 2082 2584 dici-

105 2626 226 2681 tur,
265 2623 320 2671 ει
357 2613 532 2670 sicubi
567 2614 620 2668 in
659 2613 812 2669 libris
847 2619 1215 2685 προκαλεῖσθαι
1254 2618 1516 2689 scriptum
1554 2625 1676 2681 est,
1718 2633 1933 2672 summo
1969 2619 2084 2673 iurc

103 2704 436 2762 confidenter
470 2705 871 2769 προσκαλεῖσθαι
911 2705 1236 2760 emendabis,
1317 2705 1375 2760 ld
1410 2712 1591 2761 autem
1633 2721 1791 2777 saepe
1830 2706 1941 2760 iarn
1978 2705 2083 2761 sac·

106 2802 221 2851 tum
254 2800 336 2848 εει
372 2798 426 2846 ει
453 2806 611 2861 saepe
642 2792 804 2845 etiam
843 2794 947 2847 erit
982 2793 1318 2858 faciendum,
1358 2794 1484 2865 quia
1522 2792 1704 2848 nullus
1740 2792 1877 2848 liber
1915 2795 2083 2866 scrip·

108 2891 195 2938 tus
238 2888 442 2942 exstat,
495 2879 548 2932 in
589 2895 694 2949 quo
736 2897 838 2933 non
886 2881 1114 2937 subinde
1150 2882 1244 2949 πρό
1284 2890 1338 2936 ει
1378 2881 1497 2949 πρός
1538 2881 1716 2953 inepte
1752 2880 2082 2937 confundan-

105 2978 196 3027 tur
243 2968 558 3042 praesertim
598 2967 652 3021 in
709 2967 884 3023 verbis
924 2971 1263 3043 compositis,
1304 2969 1397 3024 sed
1437 2970 1564 3041 quia
1614 2975 1826 3025 certum
1874 2977 1928 3025 et
1967 2987 2081 3042 per-

102 3059 348 3132 spicuum
402 3055 598 3127 ubique
640 3053 931 3111 discrimen
969 3066 1088 3122 est,
1132 3074 1398 3130 nusquam
1449 3065 1532 3113 est
1583 3057 1746 3112 dubia
1785 3065 1839 3113 et
1886 3074 2082 3130 anceps

104 3147 262 3220 optio.
354 3146 539 3216 ltaque
590 3144 644 3198 in
694 3144 896 3199 Hellen.
933 3146 974 3201 1.
1018 3164 1106 3201 vn.
1162 3150 1248 3201 12.
1305 3161 1634 3218 quamquam
1685 3147 1739 3199 in
1791 3145 1944 3200 libris
1996 3153 2079 3200 εει

104 3234 172 3289 ad
230 3249 396 3290 unum
462 3230 714 3287 omnibus
787 3233 1103 3299 Καλλίξενον
1174 3234 1735 3303 προεκαλέσαντο
1801 3232 2080 3302 παράνομα

100 3323 390 3391 φάσκοντες
447 3322 884 3391 συγγεγραφέναι
907 3365 921 3387 ,
983 3331 1160 3379 tamen
1222 3322 1377 3377 lacile
1432 3320 1712 3393 apparebit
1766 3320 2078 3388 προσεκαλέ·

105 3429 261 3465 σαντο
297 3425 475 3465 veram
515 3409 842 3481 scripturam
892 3430 1023 3468 esse.
1106 3414 1388 3467 Praeterea
1419 3410 1515 3482 qui
1552 3426 1734 3465 rerum
1773 3409 2077 3463 Atticarum

105 3506 159 3555 ct
198 3498 478 3553 verborum
513 3496 670 3567 periti
707 3506 834 3554 sunt
880 3499 1083 3556 dabunt
1119 3500 1251 3556 milii
1300 3498 1583 3568 παράνομα
1620 3529 1693 3539 -
1730 3496 2080 3566 γεγραφέ-

106 3608 215 3651 ναι,
274 3603 374 3641 non
428 3587 893 3655 συγγεγραφέναι,
946 3590 1109 3645 scribi
1155 3596 1416 3661 oportere.
1497 3585 1795 3641 Discrimen
1838 3591 1946 3641 tam
1991 3601 2079 3640 no-
