2436 4068
1333 234 1436 284 48³2.

397 381 640 437 sissimae
681 377 966 450 diligenter
1005 393 1102 431 suo
1143 383 1371 448 utraque
1411 377 1625 430 nomine
1664 374 2148 448 distinguebantur.
2230 380 2373 434 Ἐπι·

397 471 533 535 έναι,
586 468 798 538 ἔφοδος,
853 474 905 520 et
953 465 1130 534 ἔφοδον
1171 468 1419 519 ποιεῖσθαι
1462 463 1719 517 dicuntur
1759 464 1823 519 de
1861 467 1927 519 iis
1979 467 2070 536 qui
2113 466 2372 536 impetum

398 560 454 612 in
494 558 672 610 hostes
711 554 953 618 faciunt,
996 553 1084 607 sed
1125 557 1149 606 ὁ
1190 553 1368 622 ἔφοδος
1411 552 1684 616 circuitor,
1726 569 1891 622 quum
1941 553 2152 622 vigilias
2190 570 2376 608 omnes

398 644 546 708 obit,
587 643 788 696 dicitur
828 641 1117 710 ἐφοδεύειν,
1158 658 1262 711 quo
1303 639 1526 694 militari
1566 638 1820 693 vocabulo
1850 640 2139 711 Xenophon
2165 642 2216 694 in
2260 641 2377 696 Hel·

395 731 585 786 lenicis
626 746 1028 800 nonnumquam
1071 729 1274 792 utitur,
1314 735 1366 782 et
1406 726 1499 780 diu
1534 732 1658 780 ante
1678 726 2060 798 Aristophanes
2101 729 2155 780 in
2179 728 2377 782 Avibus

398 837 474 873 vs,
521 822 684 873 1160.
768 817 904 871 Hinc
966 834 1157 871 nomen
1207 816 1416 884 ε’φοδεία
1470 822 1523 869 et
1576 816 1751 885 ipsum
1808 815 2034 887 probum
2091 823 2144 870 et
2200 815 2376 886 legiti—

399 924 549 962 mum
592 913 673 960 est
715 922 811 976 pro
845 922 1069 959 munere
1108 911 1160 959 et
1205 902 1378 958 officio
1417 906 1506 956 τοῦ
1548 903 1886 972 ἐφοδεύοντος.

481 997 589 1048 Hoc
630 993 766 1048 addo
815 1010 909 1064 pro
958 993 1233 1053 ἀπόπατος
1259 1034 1272 1057 ,
1314 994 1606 1046 ἀποπατεῖν
1647 996 1699 1044 et
1754 991 2125 1057 ἀποπάτημα,
2184 992 2379 1063 quibus

397 1083 523 1138 solis
581 1081 872 1135 utebantur
923 1081 1112 1135 Graeci
1172 1081 1537 1150 antiquioreS,
1597 1079 1742 1132 circa
1794 1079 2081 1134 Alexandri
2140 1087 2378 1152 tempora

394 1170 586 1239 ἄφοδος
627 1176 681 1224 et
733 1170 969 1238 ἀφοδεύω
1012 1176 1065 1222 et
1111 1168 1390 1238 ἀφόδευμα
1431 1168 1484 1219 in
1537 1182 1637 1219 usu
1679 1182 1794 1220 esse
1833 1169 2101 1238 coepisse:
2141 1168 2377 1237 ἀφοδεύω

398 1275 525 1313 vero
564 1274 659 1330 pro
697 1257 1000 1325 ἀπέρχομαι
1042 1255 1159 1311 faex
1200 1254 1582 1311 Graeculorum
1624 1253 1851 1308 dicebat.

474 1346 715 1416 Denique
767 1344 865 1398 hoc
918 1343 1244 1398 tenendum:
1287 1343 1393 1403 ὁδός
1435 1359 1557 1396 cum
1602 1342 2086 1413 praepositionibus
2133 1344 2381 1398 omnihus

399 1435 773 1504 componitur,
815 1431 1138 1503 quibuscum
1179 1438 1231 1485 et
1274 1431 1498 1485 verbum
1533 1430 1690 1494 ἰέναι,
1731 1437 1784 1484 et
1819 1430 1896 1483 sic
1937 1432 2226 1502 pariuntur
2260 1431 2385 1487 sub-

399 1523 631 1577 stantiva
672 1520 900 1591 singulis
933 1519 1111 1574 verbis
1151 1519 1459 1590 compositis
1480 1517 1892 1589 respondentia,
1931 1518 2170 1584 διέξοδος,
2211 1522 2382 1577 ἐπείσ-

396 1611 539 1675 οδος,
598 1608 929 1676 παρείσοδος,
987 1607 1264 1671 ἐπάνοδος,
1320 1607 1458 1671 alia,
1512 1623 1649 1677 quae
1704 1622 1799 1678 per
1854 1606 2174 1662 Graecitatis
2237 1610 2382 1680 inge-

397 1700 548 1753 nium
593 1696 738 1751 nullo
779 1695 934 1749 modo
979 1703 1204 1767 possunt
1243 1695 1632 1749 adiectivorum
1672 1702 1923 1749 naturam
1977 1695 2235 1762 induere,
2289 1697 2382 1752 sed

397 1786 662 1841 adiectiva
714 1792 841 1838 sunt
899 1799 958 1837 ea
1001 1785 1216 1847 omnia,
1272 1784 1326 1836 in
1378 1782 1574 1853 quibus
1612 1784 1648 1836 ἀ
1686 1814 1760 1822 —
1797 1789 1850 1836 et
1887 1785 1944 1837 εὖ
1977 1815 2052 1825 —-
2090 1791 2143 1838 et
2182 1787 2276 1840 δυσ
2309 1819 2384 1830 --

398 1877 554 1930 inest.
634 1873 825 1944 ltaque
879 1870 1081 1933 ἄνοδος,
1139 1870 1302 1932 εὔοδος
1344 1877 1396 1925 et
1448 1871 1647 1931 δύσοδος
1701 1869 1965 1925 adiectiva
2024 1883 2186 1935 sunt,
2243 1872 2384 1928 unde

400 1970 769 2035 propagantur
809 1976 946 2014 nova
978 1959 1314 2013 substantiva
1353 1959 1561 2024 ἀνοδιά,
1600 1959 1770 2013 εὖοδία
1805 1965 1858 2013 et
1897 1961 2118 2015 δυσοδία.
2197 1961 2384 2015 Diodo-

398 2068 495 2105 rus
550 2048 765 2104 Siculus
818 2048 994 2101 utitur
1051 2048 1267 2101 nomine
1321 2048 1594 2101 παλινοδία
1635 2047 1775 2102 ΧΙΙΙ.
1836 2051 1919 2102 19.
1974 2050 2384 2104 παλινοδίαν

399 2139 451 2194 δὲ
511 2135 1021 2200 καταναγκάσαντες
1091 2137 1397 2198 ποιήσασθαι
1457 2152 1554 2206 pro
1610 2137 1947 2204 ἀναχωρῆσαι
2007 2138 2078 2198 εἰς
2138 2138 2380 2192 τούπίσω.

395 2227 607 2286 ”Ανοδος
667 2223 808 2294 qnod
865 2223 1025 2278 verbo
1075 2225 1362 2291 ἀνέρχομαι
1417 2223 1702 2294 respondet
1760 2240 1922 2294 quam
1979 2222 2251 2279 diversum
2313 2226 2386 2280 sit

399 2313 568 2368 vides·
649 2312 791 2382 Ergo
830 2311 1041 2372 εὐδίοδος
1064 2353 1079 2376 ,
1117 2309 1377 2374 ἀνέξοδος,
1422 2309 1678 2376 εὖέξοδος,
1716 2310 2003 2375 δυσέξοδος,
2041 2310 2346 2375 δυσδιέξοδος
2369 2354 2383 2376 ,
2431 2381 2434 2384 Δ

400 2400 732 2469 εὐπρόσοδος,
773 2399 1104 2467 δυσπρόσοδος
1141 2406 1194 2453 et
1233 2398 1336 2453 alia
1357 2398 1619 2469 quaedam
1661 2398 1924 2453 adiectiva
1961 2406 2087 2454 sunt
2119 2399 2384 2471 significa·
2432 2456 2436 2463 ,

400 2491 548 2544 tione
600 2495 764 2542 certa.
844 2487 1195 2554 Δυσπρόσοδος
1236 2488 1379 2541 enim
1422 2494 1504 2540 est
1539 2490 1660 2554 πρὸς
1704 2483 1755 2540 ὃν
1805 2487 2048 2555 χαλεπόν
2082 2489 2157 2545 ἐςι
2199 2508 2385 2556 προσ-

403 2578 614 2642 ιέναι,
669 2582 722 2629 et
777 2575 852 2628 ita
891 2575 946 2627 in
1006 2574 1250 2629 caeteriS.
1335 2574 1607 2629 Admoneo
1647 2574 1747 2628 hoc
1800 2574 1866 2628 ad
1917 2574 2251 2646 arguendum
2302 2592 2384 2631 er-

401 2682 581 2720 rorem
622 2679 836 2728 eorum,
876 2663 968 2734 qui
1009 2662 1185 2732 ἔφοδος
1225 2661 1549 2717 adiectivum
1584 2679 1699 2717 esse
1739 2679 1890 2734 posse
1928 2666 2251 2735 opinantur,
2291 2681 2384 2719 cu·-

403 2754 490 2808 ius
530 2756 607 2807 rei
648 2752 753 2806 duo
793 2750 1034 2822 exempla
1076 2749 1347 2815 afferunt,
1392 2750 1620 2805 alterum
1666 2769 1730 2805 ex
1782 2751 2044 2824 Polyaeno
2095 2752 2135 2808 Ι.
2180 2756 2271 2807 49.
2316 2757 2383 2817 5,

405 2841 495 2895 cui
529 2857 626 2912 pro
666 2839 844 2909 ἔφοδον
883 2836 1011 2893 εἶναι
1042 2841 1128 2894 τὸν
1165 2838 1328 2907 λόφον
1367 2856 1431 2893 ex
1472 2840 1586 2910 ipsa
1625 2839 1855 2894 Anabasi
1888 2839 1980 2894 111.
2024 2858 2091 2894 ιν.
2135 2845 2223 2894 41.
2266 2840 2384 2895 red·
2419 2879 2422 2884 ,

404 2927 641 2983 (lendum
681 2934 762 2982 est
795 2926 971 2996 ἔφοδον
1005 2923 1133 2981 εἶναι
1178 2926 1305 3000 (ἐπὶ)
1347 2928 1432 2981 τὸν
1470 2926 1664 2996 λόφον,
1705 2927 1934 2982 alterum
1967 2945 2032 2983 ex
2072 2927 2385 3002 Thucydide
2420 2962 2434 2996 χ,

406 3016 495 3071 VI.
537 3019 626 3070 66.
678 3014 825 3083 παρά
862 3036 921 3068 τε
954 3016 1052 3076 τας
1090 3020 1212 3076 ναῦς
1253 3015 1504 3082 ςαύρωμα
1544 3014 1740 3079 ἔπηξαν
1789 3017 1875 3070 καὶ
1913 3017 1996 3070 ἐπὶ
2034 3018 2105 3084 τῷ
2143 3016 2383 3071 Δάσκωνι
2407 3005 2436 3062 7¹³3

407 3102 573 3172 ἔρυμα
598 3143 613 3168 ,
655 3101 686 3171 ᾗ
724 3104 840 3171 ε’φο
856 3104 930 3157 δώ
946 3123 1025 3157 τα
1042 3122 1145 3156 τον
1187 3099 1243 3165 ἦν
1282 3109 1386 3163 τοῖς
1427 3098 1719 3169 πολεμίοις’,
1760 3104 1849 3158 cui
1901 3121 1996 3175 pro
2045 3103 2274 3158 ridicula
2314 3052 2436 3222 lest}

408 3191 585 3245 ctione
625 3207 690 3244 ex
739 3197 891 3261 parte
928 3190 1190 3244 librorum
1245 3191 1506 3254 restitue,
1565 3190 1705 3262 quod
1745 3193 1906 3246 etiam
1948 3192 2063 3246 sine
2100 3191 2253 3247 libris
2295 3210 2383 3264 po·
2411 3222 2429 3258 ·.·‘

410 3285 549 3333 terat
587 3277 653 3332 ab
693 3293 1012 3348 unoquoque
1057 3278 1315 3348 reperiri,
1358 3279 1756 3348 εὐεφοδώτατον.
1838 3277 2194 3351 opponuntur
2243 3282 2424 3335 inter

411 3383 467 3422 se
505 3365 672 3435 ἐχυρὰ
709 3365 879 3434 χωρία
913 3372 965 3419 et
1004 3365 1227 3433 εὐέφοδα
1278 3366 1332 3419 in
1386 3365 1674 3439 Cyropaed.
1712 3367 1780 3422 II.
1824 3385 1891 3422 1v.
1939 3373 2003 3423 15
2027 3410 2041 3432 ‚
2082 3375 2135 3422 et
2183 3369 2422 3442 passim

409 3454 647 3523 εὐέφοδος
689 3470 750 3508 eo
788 3469 949 3508 sensu
997 3453 1249 3508 occurrit.
1333 3452 1434 3507 Sed
1474 3455 1582 3508 iam
1619 3461 1834 3526 tempus
1880 3463 1960 3510 est
2000 3455 2066 3510 ad
2116 3442 2413 3511 Anabasin¹

407 3532 655 3598 ποιεῖσθαι
689 3544 779 3604 τὴν
818 3539 1073 3596 ἐπάνοδον.

483 3631 710 3686 Librarii
750 3632 841 3703 qui
879 3628 1107 3701 negandi
1149 3629 1466 3701 particulam
1520 3630 1675 3685 niodo
1716 3632 1893 3703 inepte
1934 3634 2191 3688 omittunt
2230 3630 2380 3688 modo
