2436 4068
1346 264 1446 314 152

498 408 824 479 Antiphanes
864 407 1119 462 Athenaei
1158 425 1212 478 p.
1252 411 1378 462 441.
1417 406 1470 459 C.

993 495 1172 558 βούλει
1209 495 1295 549 καὶ
1331 495 1425 558 σύ,
1467 492 1731 561 φιλτάτη,
1774 502 1939 558 πιεῖν;

668 594 720 636 Β.
764 583 934 642 καλῶς
971 582 1084 649 ἔχει
1117 603 1219 647 μοι.
1280 591 1347 636 Α.
1385 585 1650 647 τοιγαροῦν
1692 581 1814 649 φέρε
1859 582 1884 607 *
1926 582 1952 606 *

768 670 923 736 μέχρι
962 671 1067 736 γάρ
1102 676 1244 736 τριῶν
1280 671 1381 724 δεῖν
1417 669 1551 738 φασὶ
1591 671 1751 732 τιμάν
1782 669 1900 729 τοὺς
1936 671 2089 730 θεούς.

506 758 631 811 Fuit
673 773 837 828 quum
881 757 934 809 in
979 764 1149 818 καλῶς
1199 757 1311 825 ἔχει
1364 776 1448 821 μοι
1493 755 1652 829 (quod
1701 755 2038 811 Hermannus
2090 775 2184 829 pro
2226 759 2401 828 ἔχοιμι

425 843 684 916 reposuit)
735 843 1023 898 offenderet
1057 861 1344 914 pronomen
1383 843 1519 898 male
1555 842 1826 897 additum:
1857 855 2099 916 ‘namque
2133 853 2254 900 nota
2286 865 2402 903 esse

424 938 593 992 καλῶς
634 932 779 999 ἔχει,
821 931 933 1000 ἔχει
983 931 1248 996 κάλλιςα,
1304 933 1445 986 πάνυ
1491 933 1688 996 καλῶς,
1741 937 1913 992 καλῶς
1962 934 2149 987 ἐπαινῶ
2203 937 2405 1005 gratias

423 1020 697 1090 agentium
739 1026 792 1073 et
830 1021 1055 1074 comiter
1107 1020 1415 1091 urbaneque
1465 1020 1862 1082 recusantium,
1911 1020 2016 1074 vid.
2070 1021 2291 1076 Casaub.
2333 1023 2401 1077 ad

421 1108 572 1178 Diog.
612 1107 788 1162 Laert.
831 1107 896 1161 II.
945 1111 1044 1171 76,
1089 1109 1181 1178 qui
1221 1108 1522 1179 appositum
1565 1105 1839 1160 Plutarchi
1878 1107 2052 1163 locum
2093 1110 2275 1164 attulit
2317 1111 2402 1186 (ex

420 1195 558 1249 libro
597 1196 660 1249 de
697 1193 968 1251 audiendis
999 1197 1164 1267 poetis
1201 1213 1250 1267 p.
1291 1199 1359 1249 25
1403 1194 1466 1267 A)
1516 1195 1585 1262 τῷ
1641 1195 1940 1249 ἐπαινεῖν
1987 1196 2102 1250 οξντὶ
2151 1203 2239 1251 τοῦ
2287 1220 2401 1253 πα·

427 1285 809 1351 ραιτεῖσθαι
848 1283 1131 1350 κέχρηται,
1173 1283 1404 1350 καθάπερ
1447 1283 1497 1336 ἐν
1551 1289 1616 1350 τῇ
1666 1281 1900 1351 συνηθείᾳ
1953 1289 2168 1345 καλῶς
2219 1288 2401 1354 φαμὲν

425 1371 607 1439 ἔχειν
648 1368 771 1425 ὅταν
807 1374 880 1436 μὴ
919 1373 1147 1437 δεώμεθα
1185 1373 1315 1437 μηδὲ
1355 1370 1733 1436 λαμβάνωμεν.
1814 1370 2013 1442 Nempe
2055 1378 2226 1434 καλῶς
2260 1374 2401 1442 ἔχει,

422 1460 535 1527 ἔχει
570 1460 804 1517 κάλλιςα
845 1460 899 1512 in
939 1459 1138 1514 talibus
1176 1459 1347 1513 solent
1382 1459 1589 1522 dicere,
1630 1475 1735 1512 non
1772 1464 1942 1518 καλῶς
1981 1458 2093 1527 ἔχει
2134 1481 2236 1526 μοι.
2299 1462 2402 1517 Sed

419 1553 735 1601 exemerunt
785 1546 926 1602 hunc
978 1547 1290 1618 scrupulum
1339 1546 1443 1602 duo
1491 1547 1591 1600 loci
1632 1563 1694 1600 ex
1737 1547 1974 1600 oratione
2015 1547 2237 1620 Lysiaca
2276 1550 2315 1603 Ι.
2358 1549 2399 1624 S

423 1639 513 1689 25.
558 1636 907 1699 ἐδειπνοῦμεν.
950 1637 1122 1698 ἐπειδὴ
1160 1636 1211 1690 δὲ
1250 1641 1419 1695 καλῶς
1462 1637 1601 1702 αὐτῷ
1643 1631 1786 1701 εἶχεν
1824 1635 1989 1688 άπιὼν
2029 1635 2226 1703 ᾤχετο,
2265 1653 2402 1708 quae

420 1722 609 1776 iisdem
662 1722 838 1788 verbis
888 1725 1110 1794 repetita
1166 1723 1420 1794 leguntur
1468 1723 1520 1776 in
1565 1721 1604 1796 §
1650 1725 1737 1776 59.
1802 1721 2010 1776 Urbane
2046 1724 2188 1777 enim
2230 1732 2401 1787 καλῶς

421 1812 561 1878 αὐτῷ
602 1809 714 1878 ἔχει
755 1810 956 1865 dicitur
991 1829 1086 1882 pro
1125 1811 1248 1874 ἄδην
1289 1811 1433 1879 ἔχει,
1473 1811 1753 1877 ἀρκούντως
1796 1809 1908 1878 ἔχει
1950 1810 2014 1864 de
2054 1819 2236 1865 saturo
2276 1830 2398 1866 con·

419 1900 537 1952 viva
575 1906 667 1952 aut
703 1916 787 1962 eo,
829 1899 920 1969 qui
957 1901 1087 1953 satis
1128 1900 1231 1954 cibi
1274 1900 1467 1954 sumsit
1507 1905 1598 1952 aut
1644 1896 1846 1951 adbibit
1894 1899 2042 1954 satis,
2123 1899 2307 1970 Itaque
2344 1902 2398 1955 in

423 2003 537 2057 sqq.
580 1987 740 2040 tertia
793 2003 1015 2057 persona
1068 1987 1336 2058 loquitur,
1394 1987 1689 2057 parasitus,
1747 1992 1806 2039 ut
1851 1986 2061 2057 opinor,
2116 1989 2206 2059 qui
2260 1989 2401 2060 quod

423 2074 512 2127 illa
555 2074 835 2128 recusabat
874 2075 1025 2130 avide
1064 2075 1162 2129 sibi
1207 2075 1376 2146 poscit
1416 2074 1501 2128 his
1540 2074 1742 2128 verbis:

1406 2167 1673 2230 τοιγαροῦν
1712 2164 1822 2227 ἐμοὶ
1865 2164 2020 2231 φέρε.

725 2250 882 2318 μέχρι
924 2251 1028 2319 γαρ
1069 2256 1210 2318 τριῶν
1250 2252 1351 2304 δεῖν
1389 2252 1524 2318 φασὶ
1566 2253 1725 2316 τιμόἑν
1765 2252 1881 2312 τοὺς
1922 2252 2077 2312 θεούς.

499 2338 644 2405 Quae
679 2338 999 2409 Antiphanis
1045 2338 1331 2392 trochaicis
1370 2337 1510 2409 apud
1549 2338 1737 2393 Athen.
1786 2356 1836 2410 p.
1881 2342 2008 2393 642.
2047 2340 2108 2394 A.
2155 2341 2400 2396 immixta

420 2433 550 2479 vsunt
590 2425 880 2499 dactylica:

725 2515 812 2568 καὶ
854 2515 1105 2582 παρέθηκε
1146 2515 1410 2580 γέμουσαν
1451 2515 1695 2581 πέμμασι
1737 2516 2100 2577 παντοδαποῖς.

725 2610 818 2666 τῆς
857 2607 1115 2672 τρυφερᾶς
1156 2605 1260 2657 άπὸ
1301 2604 1509 2669 Λέσβου
1549 2604 1863 2669 σεμνοπότου
1902 2605 2119 2668 ςαγόνος

726 2698 946 2758 πλῆρες,
986 2691 1225 2759 άφρίζον,
1266 2688 1447 2751 ἕκαςος
1488 2690 1718 2762 δεξιτερᾷ
1758 2693 1802 2746 δ’
1842 2692 2053 2757 ἔλαβεν.

430 2787 605 2833 sumta
642 2787 770 2833 sunt
810 2797 874 2833 ex
921 2796 980 2833 eo
1022 2780 1288 2840 carmine,
1347 2779 1485 2850 quod
1534 2796 1721 2833 recens
1773 2779 1975 2834 editum
2028 2781 2192 2834 totius
2243 2781 2399 2836 Grae-

429 2869 541 2921 ciae
578 2868 821 2938 plausum
859 2866 1055 2920 tulerat
1095 2875 1147 2921 et
1188 2869 1459 2938 ingentem
1498 2868 1738 2921 omnium
1774 2867 2182 2922 admirationem
2225 2886 2399 2924 move-

429 2962 544 3016 rat,
588 2956 640 3007 in
696 2955 777 3008 his
830 2954 1179 3025 AntiphaniS,
1236 2957 1391 3009 cuius
1447 2962 1559 3008 tum
1611 2958 1846 3027 primum
1896 2955 2014 3009 laus
2065 2956 2400 3011 nascebatur.

433 3042 702 3096 Philoxeni
747 3051 965 3097 Δεῖπνον
1000 3042 1146 3102 dico,
1188 3044 1343 3096 cuius
1384 3044 1639 3096 carminis
1678 3060 1801 3114 pars
1836 3043 1901 3098 ab
1941 3044 2210 3098 Athenaeo
2251 3045 2401 3100 nobis
2427 3030 2436 3041 '⁴

431 3138 639 3184 servata
677 3139 782 3194 est,
823 3132 877 3183 in
919 3147 1022 3200 qua
1059 3130 1330 3185 simillima
1371 3132 1476 3186 illis
1516 3131 1792 3201 leguntur,
1833 3132 2021 3186 veluti:

656 3220 1026 3272 παντοδαποῖσι
1067 3220 1262 3285 τέχνας
1303 3221 1552 3286 εὑρήμασι
1594 3221 1714 3286 πρὸς
1753 3219 1935 3285 βιοτάν
1975 3253 2051 3264 -

657 3312 761 3366 τοῖς
804 3307 846 3359 δ’
886 3305 968 3358 ἔπι
1011 3313 1187 3373 πρῶτα
1227 3310 1445 3374 παρῆλθ’
1484 3310 1536 3361 οὐ
1578 3308 1877 3372 κάκκαβος,
1914 3306 1949 3361 ὦ
1988 3309 2213 3376 φιλότας
2254 3341 2328 3353 -

658 3394 1182 3455 σηπιοπουλυποδείων
1222 3401 1319 3448 τῶν
1359 3395 1822 3459 ἁπαλοπλοκάμων
1860 3427 1935 3435 ——

655 3481 997 3547 θρυμματίδες
1038 3483 1081 3535 δ’
1121 3482 1204 3534 ε’πὶ
1246 3483 1467 3543 ταύταις
1507 3482 1812 3546 εὐπέταλοι,
1850 3484 2069 3550 χλοεραί
2104 3515 2179 3525 --

654 3566 969 3635 σπλάγχνον
1009 3569 1191 3622 ἔπειτα
1231 3570 1283 3622 δὲ
1323 3578 1460 3632 νῆςις
1501 3569 1761 3636 δέλφακος
1801 3571 2055 3632 οἰκετικᾶς
2095 3604 2169 3613 —-

653 3655 1168 3726 μιξεριφαρνογενής,
1209 3653 1273 3710 ἂν
1314 3659 1371 3719 δὴ
1413 3657 1639 3725 φιλέοντι
1680 3658 1778 3711 θεοί
1815 3690 1888 3699 --
