2436 4068
1260 223 1411 291 '510

363 388 426 442 ἀν
469 383 845 451 εύλογουμένων
901 381 1124 435 ἀκούοιεν
1172 381 1254 442 οὓς
1301 385 1389 436 οὐκ
1433 382 1601 436 ἴσασιν
1654 385 1696 436 εἶ
1743 384 2021 449 γεγόνασιν
2059 388 2088 450 ἢ
2131 388 2336 451 τούτους

361 478 452 544 ὑφ’
496 474 556 529 ὧν
588 471 642 528 εὖ
682 470 986 530 πεπονθότες
1036 469 1181 524 αὐτοὶ
1233 470 1616 538 τυγχάνουσιν,
1675 471 1782 524 imo
1839 489 1962 527 vero
2016 475 2043 538 ἢ
2083 477 2198 536 τοὺς
2245 479 2336 544 ὑφ’

361 562 441 617 ὧν.
524 562 683 615 Plura
723 557 961 629 exempla
1002 558 1238 612 locorum
1276 558 1461 612 eodem
1513 558 1664 612 modo
1707 568 2081 630 corruptorum
2133 563 2200 617 ad
2239 565 2335 618 De-

358 650 690 703 mosthenem
725 647 1121 700 annotabimus.

433 737 493 792 In
546 736 745 790 Hellen.
780 735 846 788 Il.
886 753 920 788 1.
965 740 1052 788 51.
1109 734 1413 802 κατηγορίαι
1467 734 1731 799 ἐγίγνοντο
1783 737 1978 790 πολλαὶ
2036 743 2134 791 τῶν
2186 739 2335 801 Ἀθη·

359 827 507 880 ναίων
549 858 621 866 -
660 823 746 877 καὶ
780 819 816 876 ἀ
852 822 1195 892 ἐψηφισμένοι
1237 820 1366 885 ἦσαν
1414 822 1653 894 [ποιεῖν],
1702 823 1745 875 εἰ
1779 825 2087 890 κρατήσειαν
2117 833 2180 894 τῆ
2215 846 2334 879 ναυ·

358 914 576 982 μαχία,
616 913 707 974 τῆν
750 909 921 973 δεξιάν
956 919 1112 979 χεῖρα
1144 909 1459 965 ἀποκόπτειν
1500 914 1596 963 τῶν
1627 910 2008 977 ζωγρηθέντων,
2050 912 2334 983 legendum

359 1009 439 1056 est
485 1000 571 1054 καὶ
613 998 688 1054 ὅτι
726 1000 1067 1068 ἐψηφισμένοι
1110 997 1276 1063 ἦσαν,
1337 1014 1441 1068 quo
1481 995 1619 1050 facto
1671 999 1853 1052 statim
1897 1009 2055 1056 ποιεῖν
2099 1002 2338 1072 interpo-

355 1090 525 1143 latum
569 1104 687 1142 esse
727 1087 1068 1158 intelligitur.
1151 1088 1215 1141 In
1251 1087 1315 1140 ΙΙ.
1358 1104 1411 1139 11.
1461 1089 1544 1139 15.
1604 1085 1765 1140 verba
1811 1088 2048 1160 [πλησίον
2086 1095 2179 1152 τῆς
2223 1098 2335 1144 Λα-

356 1178 590 1249 κωνικῆς]
636 1177 879 1246 ineptum
922 1174 1120 1228 indocti
1159 1174 1375 1228 lectoris
1420 1172 1847 1228 additamentum
1891 1192 2006 1230 esse
2052 1177 2158 1230 iam
2205 1177 2337 1232 alias

358 1266 651 1329 admonui,
710 1271 763 1318 et
810 1265 866 1318 in
910 1263 945 1333 ὃ
984 1267 1075 1319 20.
1131 1279 1310 1316 veram
1359 1261 1641 1316 lectionem
1693 1278 1808 1316 esse
1855 1263 2005 1318 πόλιν
2056 1265 2336 1326 Ἑλληνίδα

356 1355 503 1421 μέγα
564 1354 759 1418 ἀγαθὸν
808 1355 860 1405 ἐν
911 1359 1016 1412 τοῖς
1071 1351 1305 1417 μεγίςοις
1354 1350 1591 1412 κινδύνοις
1644 1351 1919 1416 γενομένην
1969 1361 2034 1421 τῆ
2078 1353 2335 1416 Ἑλλάδι,

357 1460 461 1496 non
504 1441 645 1513 quod
686 1441 740 1494 in
782 1439 1051 1511 plerisque
1091 1439 1242 1493 libris
1283 1445 1364 1493 est
1400 1439 1550 1505 μέγα
1606 1441 1804 1504 ἀγαθὸν
1850 1440 2237 1514 [εἰργασμένην]
2283 1442 2336 1495 ἐν

356 1538 460 1590 τοῖς
501 1530 736 1594 μεγίςοις
773 1528 1008 1589 κινδύνοις
1050 1527 1336 1592 γενομένοις
1377 1536 1444 1596 τῆ
1484 1527 1720 1581 Ἑλλάδι.
1801 1528 1966 1583 Unice
2003 1536 2178 1582 tamen
2214 1546 2334 1600 pro—

357 1619 447 1672 hat
488 1618 626 1671 hanc
667 1617 990 1687 scripturam
1032 1614 1339 1669 Dindorfius
1364 1657 1375 1677 ,
1419 1616 1507 1668 cui
1556 1615 1880 1668 verissimam
1931 1634 2039 1670 esse
2084 1635 2148 1670 ne
2185 1617 2335 1671 dubi-

359 1706 571 1760 tandum
606 1705 812 1776 quidem
848 1703 1078 1759 videtur.
1143 1703 1447 1766 Assentiar,
1490 1702 1578 1755 nbi
1615 1703 1735 1774 quis
1769 1705 2149 1758 monstraverit
2177 1705 2335 1760 Grae·

357 1810 417 1848 ce
458 1793 563 1846 dici
605 1799 762 1846 ποιεῖν
799 1791 879 1845 vel
921 1791 1226 1859 ἐργάζεσθαι
1267 1791 1414 1856 μέγα
1459 1790 1656 1854 ἀγαθόν
1697 1807 1757 1844 eo
1799 1808 1993 1855 sensu,
2035 1808 2192 1863 quem
2246 1793 2335 1847 hic

356 1883 505 1936 locus
545 1880 781 1953 postulat
808 1923 819 1942 ‚
875 1887 927 1933 et
960 1883 1002 1933 οἱ
1043 1881 1247 1945 μέγιςοι
1292 1880 1499 1933 κίνδυνοι
1539 1879 1769 1942 ε’γένοντο
1816 1887 1880 1947 τῆ
1923 1880 2140 1934 Ἑλλάδι
2171 1897 2266 1951 pro
2305 1884 2334 1945 ἦ

357 1972 556 2031 Ἑλλάς
595 1971 666 2030 εἷς
702 1970 819 2029 τοὺς
855 1969 1103 2033 μεγίςους
1152 1968 1402 2027 κινδύνους
1442 1967 1670 2030 κατέςη,
1722 1973 1774 2020 et
1813 1967 2102 2021 articulum
2151 1968 2335 2023 abesse

356 2075 509 2130 posse
549 2059 601 2111 in
644 2057 823 2111 verbis
857 2064 961 2116 τοῖς
1005 2058 1242 2121 μεγίςοις
1285 2056 1520 2115 κινδύνοις
1565 2054 1710 2128 (τοῖς)
1753 2056 2058 2121 γενομένοις.
2137 2056 2332 2111 Notum
2374 2047 2384 2057 ’

355 2153 435 2200 est
471 2146 578 2200 dici
618 2146 847 2217 aliquem
886 2145 1034 2210 μέγα
1068 2144 1266 2209 ἀγαθόν
1306 2165 1402 2198 τινι
1438 2141 1564 2197 εἶναι
1615 2150 1708 2196 aut
1749 2144 2023 2208 γενέσθαι,
2067 2145 2225 2198 cuius
2255 2149 2332 2199 rei

355 2233 701 2304 peridoneum
745 2233 1046 2304 exemplum
1086 2232 1444 2287 Schneiderus
1479 2231 1662 2286 attulit
1695 2248 1759 2285 ex
1801 2231 1990 2304 Cyrop.
2015 2233 2078 2286 V.
2111 2250 2188 2287 111.
2226 2236 2332 2288 20:

356 2320 391 2376 ὦ
428 2322 575 2387 μέγα
613 2323 811 2386 ἀγαθὸν
851 2323 913 2375 σὺ
948 2328 1051 2381 τοῖς
1101 2321 1292 2388 φίλοις.
1375 2319 1476 2386 Qui
1519 2318 1933 2373 Themistoclem
1974 2337 2205 2391 puerum*
2239 2320 2332 2374 do·

357 2411 509 2465 cebat
544 2410 663 2476 πρὸς
706 2411 859 2463 αὐτὸν
896 2411 1049 2463 εἰώθει
1087 2409 1294 2473 λέγειν·
1380 2408 1538 2462 Οὐδὲν
1579 2407 1716 2471 ἔσει,
1757 2405 1792 2461 ὦ
1828 2417 1970 2472 παῖ,
2024 2410 2086 2462 σὺ
2126 2409 2332 2476 μικρὸν,
2412 2404 2423 2459 f

353 2500 503 2553 ἀλλά
537 2498 685 2564 μέγα
719 2497 923 2558 πάντως
961 2499 1158 2562 ἀγαθὸν
1196 2498 1223 2560 ἢ
1264 2495 1445 2559 κακόν,
1490 2502 1623 2550 teste
1657 2496 1943 2551 Plutarcho
1977 2497 2032 2550 in
2069 2496 2328 2551 Themist.

357 2605 474 2659 cap.
516 2590 567 2641 2.

452 2677 511 2728 ln
562 2673 762 2727 Hellen.
805 2673 869 2727 ΙΙ.
911 2691 985 2727 111.
1037 2678 1118 2728 17.
1172 2671 1582 2734 ἀποθνησκόντων
1638 2673 1843 2726 πολλῶν
1899 2673 2052 2747 [καὶ]
2111 2674 2330 2737 ἀδίκως,

355 2772 644 2833 transpone
689 2760 850 2815 verba
884 2769 937 2815 et
971 2763 1166 2816 senties
1203 2761 1293 2814 καί
1340 2761 1528 2813 vitiose
1573 2760 1860 2815 abundare.
1934 2761 2210 2815 Soloecum
2253 2771 2334 2816 est

355 2852 421 2905 II.
464 2868 538 2903 111.
563 2854 669 2913 241.
725 2847 840 2911 ἐξῆν
894 2852 1068 2910 αὐτοῖς
1110 2851 1151 2903 εἰ
1203 2847 1383 2902 τούτου
1431 2868 1498 2912 γε
1547 2848 1729 2903 δέοιντο
1778 2850 1973 2914 μηδένα
2018 2858 2224 2914 λιπεῖν,
2279 2858 2332 2903 et

353 2938 636 2992 verborum
673 2936 1021 2990 conformatio
1055 2944 1106 2991 et
1141 2954 1227 2990 res
1261 2937 1386 3007 ‚ipsa
1421 2936 1653 2989 clamant
1690 2937 2067 3006 corrigendum
2103 2954 2243 2992 esse:
2286 2939 2328 2991 εἰ

354 3027 535 3082 τούτου
573 3028 628 3090 γ’
670 3025 876 3078 ἐδέοντο.
960 3025 1270 3079 Scribarum
1328 3024 1457 3077 vitio
1510 3025 1739 3095 ineptire
1787 3025 2001 3078 videtur
2041 3025 2329 3079 Therame-

352 3133 450 3170 nes
483 3113 551 3168 ΙΙ.
596 3131 668 3166 111.
713 3117 801 3166 48.
856 3112 919 3166 de
958 3129 1015 3166 re
1063 3114 1382 3182 gravissima
1423 3113 1477 3164 in
1519 3129 1730 3165 summo
1774 3114 1967 3183 capitis
2017 3113 2330 3168 discrimine

354 3205 430 3257 ita
465 3202 680 3255 dicens:
740 3201 824 3253 ἀεί
861 3221 986 3253 ποτε
1023 3207 1232 3265 πολεμῶ
1266 3208 1372 3259 τοῖς
1412 3202 1465 3252 οὐ
1505 3199 1716 3267 πρόσθεν
1765 3201 1999 3265 οἰομένοις
2054 3202 2220 3263 καλῆν
2263 3201 2326 3256 ἀν

2401 2815 2427 3258 '‘aff-1⁶ffl-‚2121‘521--1-t‘222*
2418 2760 2424 2775 .Α

354 3288 700 3357 δημοκρατίαν
744 3284 874 3340 εἶναι
924 3288 1036 3354 πρὶν
1077 3288 1161 3341 καὶ
1215 3289 1256 3341 οἱ
1298 3288 1458 3341 δοῦλοι
1500 3289 1584 3341 καὶ
1627 3290 1669 3341 οἱ
1710 3289 1771 3341 δι’
1822 3287 2036 3353 ἀπορίαν
2087 3290 2326 3356 δραχμῆς
2401 3285 2418 3338 :j

353 3380 418 3433 ἂν
463 3376 763 3442 ἀποδόμενοι
803 3377 895 3436 τῆν
929 3374 1077 3428 πόλιν
1127 3376 1431 3442 δραχμῆς
1472 3376 1760 3443 μετέχοιεν.
1838 3375 1905 3427 In
1938 3376 2134 3446 duplici
2170 3378 2328 3444 δραχ·

354 3474 456 3534 μῆς
498 3480 712 3520 acumen
762 3463 927 3516 inesse
967 3470 1221 3524 narrant,
1279 3463 1419 3533 quod
1459 3464 1505 3516 si
1545 3479 1730 3516 verum
1782 3469 1861 3517 est
1911 3463 2104 3518 nollem
2152 3467 2326 3519 Xeno—

354 3554 606 3627 phontem
642 3560 751 3606 tam
792 3557 1012 3604 acutum
1053 3567 1206 3609 esse,
1251 3557 1311 3603 ut
1363 3541 1524 3603 nemo'
1551 3550 1678 3620 quid
1726 3551 1868 3605 dicat
1914 3553 2080 3623 possit
2127 3553 2326 3606 intelli-

357 3660 496 3715 gere.
578 3641 679 3696 Sed
721 3638 852 3694 nihil
894 3645 972 3693 est
1012 3655 1041 3692 a
1082 3637 1446 3709 Xenophontis
1489 3640 1701 3710 ingenio
1739 3647 1791 3694 et
1826 3641 2062 3695 oratione
2101 3641 2327 3695 alienius
