2436 4068
15 400 21 406 Α
97 341 289 410 προθείς
326 372 399 379 -
434 339 661 406 προσθείς
704 339 830 391 752.

21 498 26 503 .
100 430 333 497 προθύμῳ
364 459 439 467 -
474 426 735 494 προθύμως
777 426 902 477 225.

95 517 299 583 προΐασι
334 547 410 556 -
444 517 647 581 προιίὶσι
690 516 818 567 781.

97 604 317 671 προϊέναι
349 634 424 643 —
456 601 691 669 παριέναι
733 603 859 654 459.

15 750 17 752 ,
95 691 461 759 προκαλεῖσθαι
499 720 570 728 -
607 688 1007 755 προσκαλεῖσθαι
1049 687 1175 738 575.

95 779 358 847 πρόκειται
399 776 563 846 ζημία
595 807 671 816 -—
702 774 998 844 πρόσκειται
1041 777 1165 827 771.

11 900 14 906 ·
95 866 328 936 προλέγω
367 872 422 921 et
458 864 779 933 προαγορεύω
819 862 994 924 edico,
1035 860 1229 934 impero
1269 862 1395 913 424.

96 956 411 1024 προμνήςρια
442 985 516 993 -
549 951 854 1020 προμνηςρίς
894 953 1026 1005 697.

94 1045 349 1112 προορμᾶν
381 1072 458 1082 -
488 1043 699 1109 προορᾶν
742 1041 867 1093 795.

94 1130 437 1199 προπεπωκώς
467 1160 544 1169 -
576 1124 953 1195 προπεπτωκῶς
994 1127 1121 1180 402.

96 1218 317 1286 προπίνω
358 1237 432 1272 σοι
470 1220 620 1271 τοῦτο
660 1219 804 1280 250,
845 1216 974 1268 596.

94 1308 343 1376 προπίνων
378 1337 454 1347 -
486 1305 754 1374 προτείνων
794 1306 922 1358 600.

95 1394 308 1463 προσείω
347 1401 402 1449 et
439 1393 677 1462 προτείνω
717 1395 844 1447 600.

94 1482 217 1550 πρός
255 1481 455 1537 excidit
495 1484 635 1544 547,
677 1482 816 1544 465,
857 1481 997 1543 609,
1038 1480 1164 1531 754.

0 1594 1 1640 1
96 1571 220 1639 πρός
254 1602 332 1611 -
362 1570 459 1639 πρό
498 1571 626 1624 509.

95 1659 220 1727 πρός
253 1690 330 1700 -
361 1657 504 1713 κατά
544 1660 671 1711 547.

96 1749 219 1816 πρὸς
251 1778 328 1788 -
360 1746 413 1806 ἐς
453 1748 597 1807 509,
641 1746 783 1807 547,
825 1745 950 1797 548.

98 1835 222 1903 πρός
257 1856 308 1890 τι
346 1840 572 1897 πωλεῖν,
611 1829 886 1901 ἀγοράζειν
924 1836 979 1884 et
1017 1829 1138 1884 sim.
1181 1831 1310 1883 569.

99 1925 220 1991 πρὸς
259 1927 358 1978 τῶν
397 1921 594 1976 πόλεων
633 1918 930 1984 άδοξοῦνται
973 1921 1098 1973 599.

96 2010 239 2080 πρός.
280 2010 353 2066 τὰ
391 2010 514 2078 πρὸς
551 2017 688 2075 γῆς,
726 2007 799 2062 τὰ
838 2006 959 2075 πρὸς
999 2010 1095 2059 τῶν
1135 2005 1293 2059 ποδῶν
1339 2005 1464 2058 129.

99 2100 222 2167 πρὸς
261 2098 445 2154 σανίδα
481 2130 557 2139 -
590 2099 712 2165 πρὸς
754 2093 925 2150 ἄνοδον
973 2097 1092 2149 148.

98 2192 221 2256 πρὸς
259 2192 436 2243 ταῦτα
457 2228 474 2251 ,
511 2187 635 2255 πρὸς
674 2183 803 2240 τάδε
844 2187 971 2238 271.

105 2278 226 2345 πρὸς
264 2277 493 2331 άνειπεῖν
523 2307 600 2316 -
632 2277 987 2339 προσανειπεῖν
1027 2274 1153 2326 486.

102 2365 424 2433 προσβαλεῖν
455 2396 528 2408 —-
562 2359 915 2431 προσβάλλειν
957 2364 1083 2415 407.

106 2455 227 2522 πρὸς
265 2452 449 2507 εἰδέναι
484 2483 561 2493 -
590 2449 901 2518 προσειδέναι
942 2454 996 2503 et
1035 2447 1156 2501 sim.
1201 2447 1327 2500 465.

106 2538 380 2610 προσάγων
414 2570 490 2580 -
523 2538 612 2594 καὶ
651 2537 797 2604 ἄγων
837 2540 964 2592 548.

105 2629 396 2698 προσβολήν
433 2659 509 2686 ,-
545 2626 767 2693 ἐσβολήν
806 2629 935 2682 547.

109 2717 424 2787 προσδιδόναι
459 2748 535 2758 --
573 2713 902 2770 καταδιδόναι
942 2718 996 2767 et
1035 2711 1156 2766 sim.
1199 2712 1324 2765 547.

107 2805 376 2873 πρόσδοτον
409 2836 485 2845 -
512 2802 755 2872 πρόσδοτέ
793 2822 843 2856 τι
889 2803 1012 2856 195.

111 2894 436 2962 προσέβαλον
467 2922 544 2933 —
577 2890 829 2958 ἐσέβαλον
868 2892 995 2944 547.

113 2982 377 3052 πρόσειλος
415 3012 491 3022 -
525 2979 792 3047 προσήλιος
835 2980 960 3031 777.

107 3071 464 3139 προσέναγχος
503 3066 792 3123 barbarum
833 3068 959 3120 645.

108 3159 423 3229 προσεννέπω
456 3188 532 3197 -
562 3153 886 3224 προσεννέπει
931 3155 1053 3207 197.

110 3245 496 3315 προσεπέραινεν
534 3276 610 3287 -
644 3241 1055 3311 προσεπέρῤαινεν
1098 3242 1219 3295 128.

110 3338 231 3405 πρὸς
272 3334 438 3389 ἐτέλει
468 3366 543 3375 -
576 3331 869 3401 προσετέλει
911 3333 1036 3385 465.

110 3425 348 3494 προσήκει
385 3453 460 3464 -
493 3429 713 3491 προσῆκε
745 3452 821 3462 -
853 3425 1097 3487 προσῆκον
1140 3420 1265 3473 555.

114 3521 372 3581 προσῇσαν
408 3542 483 3552 -
511 3511 798 3578 προσῄεσαν
836 3511 962 3563 545.

116 3601 325 3670 πρόσθεν
366 3597 552 3655 τιθέναι
592 3604 894 3671 anteponere
933 3598 1057 3650 275.
