2436 4068
1076 236 1175 285 151

412 382 542 447 χῶτι
588 380 796 447 ταχιςα
837 380 985 446 θύρας
1022 378 1244 441 ἐξελθεῖν
1277 377 1553 444 βουλόμεθ’
1591 379 1784 442 αὑτόν,

113 467 264 522 facile
299 467 429 522 mihi
467 468 684 522 dabitur
719 467 891 534 θύραζ’
925 466 1145 530 ἐξελθεῖν
1189 483 1375 520 verum
1417 482 1548 520 esse.
1627 466 1828 522 Deinde
1863 484 1939 524 vs,
1969 473 2022 525 5.

1039 556 1129 617 ἤδη
1165 555 1260 618 σύς
1302 555 1356 608 τί
1393 556 1494 622 οὑχ
1525 555 1816 619 ὑποπίνεις;

410 648 511 713 οὑχ
550 643 822 703 ὑπολύσεις
862 643 1086 702 σαυτόν;

110 748 295 786 vereor
337 748 401 786 ne
430 732 616 786 Critici
658 727 973 800 corrigendo
1005 728 1181 782 locum
1226 730 1551 785 vitiaverint.
1631 731 1797 786 Nemo
1837 732 1981 787 enim
2022 732 2099 787 ‹li-

104 819 257 873 cebat
294 821 531 874 ὑπολύειν
578 819 759 872 ἐαυτόν
801 833 896 888 pro
935 817 1276 880 ὑπολύεσθαι,
1335 834 1505 889 neque
1546 821 1724 875 ἑαυτὸν
1765 822 1964 876 ὑποδεῑν
2005 838 2101 893 pro

104 909 413 962 ὑποδεῖσθαι.
494 904 812 962 Revocanda
858 910 939 958 est
987 903 1203 958 Codicis
1238 912 1293 958 et
1334 907 1775 978 Apographorum
1828 909 2100 980 scriptura

102 999 203 1066 οὑχ
250 996 521 1055 ὑπολύσεις
562 994 749 1053 αὐτ-ὄπ
803 1009 963 1065 quam
1018 1008 1175 1046 nemo
1216 992 1477 1057 tentabit,
1534 996 1627 1065 qui
1666 996 1990 1051 intellexerit
2030 997 2099 1052 ad

101 1084 372 1139 servulum
422 1083 552 1137 haec
604 1082 711 1136 diei
763 1098 926 1153 prope
972 1080 1292 1135 adstantem.
1376 1081 1578 1137 Set-vile
1615 1091 1796 1138 autem
1857 1085 2096 1141 ministe-

101 1173 245 1227 rium
285 1178 368 1226 est
410 1171 523 1225 lieri
564 1170 766 1224 amicos
803 1178 858 1224 et
890 1169 1142 1223 convivas
1173 1170 1429 1224 ὑπολύειν.

175 1261 336 1315 Periit
386 1259 619 1319 ioculare
662 1258 998 1312 Pherecratis
1033 1259 1310 1311 inventum
1346 1257 1487 1330 apud
1522 1258 1790 1315 Pollucem
1828 1259 1969 1315 VI-II.
2006 1265 2094 1315 5⁴4.

98 1350 184 1404 τὸν
232 1349 284 1402 δὲ
322 1348 554 1409 κλέπτην
597 1346 756 1408 εἴποις
802 1346 866 1402 ἂν
909 1348 996 1401 καὶ
1049 1345 1400 1402 κλεπτίςατον
1426 1388 1441 1409 ,
1493 1348 1559 1407 ὥς
1606 1347 1854 1410 Εὔπολις.
1949 1357 2096 1417 Φερε-

97 1436 290 1506 κράτης
325 1437 369 1490 δ’
402 1435 569 1504 εἴρηκε
606 1435 694 1490 καὶ
731 1435 1126 1495 κλεπτίδης.
1207 1434 1317 1488 Aut
1344 1450 1441 1504 ego
1476 1433 1629 1489 fallor
1660 1443 1754 1490 aut
1783 1437 2093 1498 κλεπτιδεύς

96 1542 125 1581 a
167 1524 486 1580 pherecrate
518 1524 808 1578 πέπαικται
841 1539 935 1595 pro
963 1523 1190 1581 κλέπτου
1231 1523 1425 1590 πατρὸς
1459 1523 1706 1589 νεόττιον,
1747 1518 1920 1579 sicuti
1951 1528 2090 1580 ἀετι-

93 1614 243 1676 Betis,
280 1614 602 1678 οἱηδονιδεύς,
638 1610 1013 1680 χελιδονιδεύς,
1054 1610 1322 1675 λυκιδεύς,
1351 1612 1734 1676 ἀλωπεκιδεύς,
1775 1613 2087 1677 λεοντιδεύς,

95 1701 399 1773 similiaque
444 1701 548 1756 alia
578 1700 848 1772 pullorum
883 1700 1117 1753 nomina.
1209 1700 1534 1766 Κορωνιδεύςε
1575 1702 1597 1754 ὁ
1634 1707 1727 1763 τῆς
1770 1702 1982 1769 κορώνης
2013 1723 2090 1756 νε-

92 1789 261 1852 οσσός.
340 1798 584 1857 Κρατῖνος
618 1790 832 1859 Πυλαία
865 1786 1022 1843 affert
1055 1788 1334 1842 Antiattic.
1373 1805 1421 1860 p.
1451 1793 1588 1852 105,
1637 1793 1724 1844 25.
1804 1789 2085 1844 Eiusdem-

94 1877 240 1933 modi
290 1885 419 1933 sunt
471 1879 525 1931 in
575 1877 956 1932 Anacreonteis
990 1877 1238 1944 ε’ρωτιδεῖς
1275 1877 1459 1944 μικροί.
1540 1877 2088 1932 Pnaeiissevomnihus

95 1964 476 2038 Aristophanes
515 1964 757 2030 videtur,
800 1965 955 2020 cuius
1011 1967 1245 2032 Χαιριδῆς
1297 1965 1620 2031 βομβαύλιοι
1676 1965 1926 2020 omnibus
1972 1967 2085 2020 noti

93 2060 237 2107 sunt.

167 2142 229 2196 111
273 2140 553 2196 Teleclidis
592 2141 733 2205 loco,
781 2158 939 2212 quem
984 2140 1303 2199 Plutarchus
1343 2143 1574 2196 servavit
1617 2143 1669 2195 in
1717 2141 1868 2196 Nicia
1907 2159 2021 2214 cap.
2049 2146 2086 2196 4.

95 2238 247 2284 vetus
285 2229 540 2285 mendum
580 2229 794 2285 residet.
874 2228 1097 2284 Editur:

386 2319 645 2385 τέτταρας
679 2320 731 2372 δὲ
767 2321 904 2383 μνοῖς
946 2318 1096 2372 ἔδωκε
1138 2319 1324 2378 Νικίας
1362 2319 1680 2386 Νικηράτου.

388 2405 451 2462 ὧν
491 2409 535 2462 δ’
568 2405 717 2461 ἕκατι
757 2409 898 2461 τοῦτ’
939 2406 1091 2462 ἔδωκε
1131 2407 1317 2474 καίπερ
1357 2404 1414 2460 εὖ
1454 2409 1590 2469 εἰδὼς
1629 2409 1732 2474 ἕχὼ

385 2498 475 2550 οὐκ
511 2497 626 2564 ἐρῶ.
667 2495 823 2565 φίλος
860 2516 966 2562 γαρ
1007 2496 1128 2563 οὶνηρ
1168 2500 1442 2565 σωφρονεῖν
1482 2497 1550 2550 δέ
1569 2517 1653 2562 μοι
1689 2499 1852 2551 δοκεῖ.

48 2577 310 2640 alterum
358 2583 511 2638 ἔδωκε
559 2584 853 2638 oscitanter
906 2601 970 2638 ex
1016 2584 1356 2691 praecedenti
1405 2602 1564 2639 versu
1613 2587 1901 2658 repetitum
1960 2604 2076 2643 esse

80 2671 293 2727 videtur
323 2679 377 2726 et
410 2671 802 2740 emendandum
839 2670 901 2726 ὧν
941 2672 1029 2727 δ’
1014 2670 1161 2727 ἕκατι
1191 2675 1332 2727 τοῦτ’
1366 2673 1570 2739 ἔδρασε,
1613 2674 1665 2728 id
1703 2682 1784 2730 est
1814 2675 2072 2743 τέτταρας

78 2765 216 2830 μνᾶς
250 2761 434 2823 ἔδωκε,
477 2759 926 2833 quemadmodum
968 2778 1123 2832 saepe
1162 2767 1311 2816 τοῦτο
1350 2763 1471 2829 δρᾶν
1513 2764 1763 2834 usurpari
1805 2763 1966 2827 solet,
2010 2781 2075 2817 nc

116 2849 400 2905 raecedens
424 2849 643 2904 verbum
681 2850 962 2904 invenuste
982 2850 1050 2903 sit
1077 2850 1459 2921 repetendum,
1497 2857 1554 2904 ut
1586 2851 1638 2904 in
1674 2851 1913 2905 Platonis
1940 2851 2073 2906 The·

78 2951 81 2953 ’
111 2943 252 2994 eteto
293 2955 341 3009 p.
370 2941 491 2993 166.
514 2938 568 2992 C.
610 2935 668 2999 ὗς
709 2939 759 2991 δὲ
801 2939 857 3001 δὴ
895 2939 981 2993 καὶ
1024 2938 1406 3007 κυνοκεφάλους
1438 2939 1607 3004 λέγων
1642 2942 1695 2995 οὑ
1730 2940 1880 3005 μόνον
1915 2942 2071 3003 αὑτὸς

141 3035 240 3087 νεῖς
278 3027 427 3080 ἀλλὰ
479 3026 565 3080 καὶ
610 3027 725 3087 τοὺς
766 3027 1045 3087 ἀκούοντας
1085 3031 1234 3081 τοῦτο
1276 3028 1397 3096 δρᾶν
1440 3030 1509 3089 εἷς
1547 3028 1624 3082 τα*
1659 3028 2070 3096 συγγράμματα

149 3135 178 3168 v
224 3116 546 3178 ἀναπείθεις,
605 3114 695 3169 ubi
735 3115 957 3171 emenda
998 3118 1118 3184 πρὸς
1159 3116 1230 3170 τοὶ
1271 3116 1683 3183 συγγράμματα
1728 3133 1791 3171 ex
1848 3116 2069 3187 antiquo

40 3198 289 3274 ,escholio
327 3204 379 3257 in
415 3203 682 3257 Platonem
720 3220 750 3258 a
787 3203 976 3259 l'liotio
1007 3211 1278 3259 servatum
1317 3222 1363 3258 v.
1405 3210 1631 3270 ’Τηνεῖς,
1676 3204 1765 3259 ubi
1805 3204 1940 3259 (luae
1972 3220 2065 3258 an-

44 3263 375 3346 ›inotationes
427 3291 563 3346 male
614 3293 666 3346 in
717 3309 876 3347 unam
925 3293 1255 3348 coaluerunt.
1336 3292 1644 3364 Distingue:
1694 3298 1881 3356 ’Τηνῶν
1920 3293 2064 3358 θρεμ-

76 3378 286 3446 μάτωνε
329 3382 574 3452 sequitur
613 3382 762 3436 locus
799 3398 862 3437 ex
899 3382 1132 3436 Platonis
1170 3381 1399 3452 Legibus
1442 3381 1555 3438 Vll.
1603 3384 1802 3454 p.819.
1845 3380 1907 3435 D.
1945 3385 2066 3432 tum>

75 3467 298 3530 ’Τηνεῒςε
340 3469 448 3523 κτὲ.

155 3554 300 3609 lclem
344 3557 396 3610 in
442 3558 665 3613 Bekkeri
710 3559 904 3614 Anecd.
943 3574 991 3628 p.
1017 3562 1155 3622 418,
1199 3563 1260 3614 15
1301 3576 1404 3613 non
1444 3558 1655 3615 videtur
1690 3555 1965 3628 scripsisse
1996 3556 2060 3610 σὺ

77 3640 130 3698 3)
162 3645 403 3713 Φρόνιριος
443 3649 598 3706 αὐτὸς
639 3649 699 3701 ὤν
741 3647 831 3702 sed
872 3648 980 3703 οὐδὲ
1022 3646 1261 3714 <pamma
1304 3648 1408 3701 κτὲ.

27 2597 66 2710 ssl
