2436 4068
1037 212 1142 261 517

97 355 235 410 male
273 354 488 410 additus
526 360 609 407 est
651 353 941 408 articulus:
994 352 1241 409 dicebant
1281 355 1500 409 Veteres
1535 354 1667 423 νόμῳ
1708 356 1943 420 πόλεως,
1985 361 2073 413 α’ν-

94 445 294 512 θρώπων
341 443 514 511 νόμῳ,
578 444 606 503 ἧ
655 442 788 509 νόμῳ
838 445 1054 508 γαμετή
1106 451 1161 498 et
1200 442 1417 498 similia.
1494 443 1716 498 Brevius
1751 446 1913 499 etiam
1950 448 2074 501 Am-

96 531 220 604 phis
272 548 368 604 pro
414 533 445 594 ἧ
496 528 630 598 νόμῳ
665 532 881 596 γαμετή
922 529 1058 584 dixit
1095 530 1235 602 apud
1291 530 1487 585 Athen.
1541 549 1591 604 p.
1624 537 1732 587 559
1773 533 1830 586 Β.

0 687 4 691 ¹
435 621 466 682 ἦ
504 619 599 683 μὲν
638 618 772 686 νόμῳ
811 618 918 684 γὰρ
957 621 1335 686 καταφρονοῦσ’
1376 619 1507 674 ἔνδον
1546 621 1706 686 μένει.

0 703 13 771 ,'
95 716 150 762 et
189 724 347 780 saepe
382 705 568 761 eodem
616 705 772 759 modo
810 706 1005 774 φύσει,
1058 707 1191 775 γόνῳ
1233 713 1287 760 et
1340 707 1443 762 alia
1485 709 1602 764 sine
1651 709 1881 764 articulo
1921 726 2077 764 usur·

0 825 6 831 ·
95 804 312 868 pantur.
389 793 678 866 Xenophon
715 800 768 848 et
800 792 925 847 alibi
967 795 1045 847 sic
1083 793 1324 864 loquitur
1360 795 1449 849 IV.
1491 813 1560 851 ιν.
1605 800 1658 852 2.
1699 797 1798 852 κᾶν
1830 797 1964 866 νόμῳ
1997 818 2076 858 τις

97 885 480 952 καταγνωσθῇ,
537 881 630 936 uhi
684 883 893 953 corrige
949 884 1082 943 τινὸς
1134 885 1498 952 καταγνωσθῇ.
1585 884 1719 939 lhid.
1758 887 1848 939 Vl.
1892 902 1942 940 V.
1994 889 2077 942 15.

95 973 307 1038 γνόντες
341 974 384 1027 οἱ
423 979 707 1032 Μαντινεῖς
753 973 818 1031 ὥς
861 973 905 1025 εἶ
939 972 1013 1036 μὴ
1051 970 1454 1037 ἀποκρούσονται
1493 973 1682 1033 αὐτοὺς
1720 970 1852 1043 [ὅτι]
1893 973 2075 1028 πολλοὶ

95 1066 242 1131 σφῶν
282 1061 837 1123 κατακοντισθήσονται
860 1100 873 1122 ,
915 1057 1180 1129 quomodo
1200 1099 1215 1121 ,
1256 1074 1481 1129 quaeso,
1535 1057 1612 1114 ὅτι
1664 1062 1861 1131 poterit
1901 1077 2077 1116 serva-

92 1148 180 1202 ri?
242 1148 392 1204 Idem
431 1147 686 1203 mendum
726 1146 1019 1201 tollendum
1058 1145 1147 1201 v1.
1189 1162 1257 1200 w.
1301 1150 1389 1201 57.
1442 1150 1507 1209 ὥς
1546 1181 1623 1190 —-
1656 1146 1787 1219 [ὅτι]
1837 1148 2076 1214 πέμπων.

94 1235 341 1291 lhid.V1.
369 1254 419 1292 V.
451 1239 541 1291 12.
578 1237 729 1303 εὑρὼν
761 1236 879 1297 τοὺς
919 1237 971 1289 ἐν
1013 1237 1102 1307 [τῇ
1143 1236 1496 1307 ςρατευσίμῳ]
1537 1237 1714 1306 ἡλικία
1747 1237 2078 1305 οἰχομένους,

93 1325 217 1396 quis
258 1324 512 1380 Veterum
552 1325 632 1379 sic
676 1323 958 1395 loquitur?
1030 1322 1164 1377 Ibid.
1206 1322 1290 1377 vl.
1332 1340 1381 1377 v.
1425 1328 1514 1378 57.
1555 1324 1766 1379 fatuum
1816 1326 2080 1382 emblema

91 1414 228 1474 τίνες
275 1412 406 1477 ἦσαν
439 1415 483 1468 οἱ
519 1411 770 1481 ἄρξαντες
820 1414 1014 1467 ἀδικεῖν
1052 1412 1158 1466 iam
1209 1419 1365 1466 antea
1407 1413 1739 1485 expulimus:
1782 1414 1863 1468 vel
1904 1414 2078 1469 solum

95 1498 226 1563 ἦσαν
271 1519 367 1574 pro
406 1502 533 1556 εἰσὶν
579 1500 814 1555 ostendit
855 1502 945 1554 cui
987 1499 1119 1554 haec
1175 1499 1489 1556 debeantur.
1581 1501 1717 1560 Ibid.
1766 1501 1854 1558 VI.
1897 1521 1944 1557 v.
1987 1507 2078 1557 42.
2142 1523 2144 1525 >

91 1590 320 1658 ἐλπίζειν
362 1590 414 1644 δὲ
453 1592 556 1658 χρὴ
598 1591 714 1661 [ὥς]
752 1587 941 1657 ἄνδρας
986 1589 1216 1654 ἀγαθοὺς
1252 1591 1593 1654 γενήσεσθαι,
1650 1590 1781 1662 quid
1822 1591 1924 1646 sibi
1965 1591 2080 1646 vult

89 1682 156 1742 ὦς
197 1679 275 1733 sic
315 1676 592 1750 positum?
673 1676 808 1732 lbid.
852 1681 1003 1747 §48.
1058 1675 1342 1746 legendum
1377 1694 1492 1732 esse
1535 1681 1684 1744 ἡμεῖς
1723 1680 2080 1746 ἀγαλλόμεθα

89 1770 185 1840 [οἱ]
222 1766 651 1834 συναγορεύοντες
692 1767 995 1837 [βοηθῆσαι]
1050 1764 1292 1832 ἀνδράσιν
1348 1767 1569 1831 ἀγαθοῖς
1624 1784 1797 1840 nuper
1848 1768 2080 1824 ostendi·

87 1872 232 1911 mus,

164 1943 225 1999 lu
268 1941 471 1997 Hellen.
528 1940 666 1996 libro
702 1940 816 1995 v11.
857 1958 891 1995 1.
935 1945 987 1996 ⁶2..
1038 1942 1251 2008 μάλιςα
1289 1943 1639 2009 συμμένοιμεν
1695 1942 1844 2016 [ἄν],
1907 1945 2079 2002 alieno

91 2032 206 2087 loco
246 2030 310 2086 ἄν
353 2033 735 2093 inseruerunt,
775 2031 986 2102 corrige
1032 2030 1220 2096 μάλις’
1261 2029 1324 2084 ἄν
1360 2039 1415 2086 et
1461 2049 1558 2104 pro
1605 2034 1955 2100 συμμένοιμεν
1999 2051 2080 2089 re-

0 2109 6 2181 -ἷ
90 2137 226 2193 pone
258 2120 590 2187 συμμένοιεν,
627 2135 819 2190 nempe
857 2120 914 2173 αι’
953 2121 1214 2182 συνθῆκαι.
1293 2119 1565 2176 Dicuntur
1604 2122 1749 2175 enim
1790 2139 1922 2193 pax,
1975 2121 2079 2176 foe-

92 2209 195 2264 dus
212 2250 229 2275 ‚
287 2207 574 2272 induciae,
632 2207 874 2262 amicitia
926 2207 1244 2274 συμμένειν,
1302 2207 1548 2264 homines
1599 2218 1665 2279 τῇ
1717 2211 1908 2280 εἰρήνη,
1960 2218 2080 2273 ταῖς

89 2299 395 2362 συνθήκαις,
447 2303 568 2356 ταῖς
622 2296 866 2356 σπονδαῖς
887 2336 903 2358 ,
942 2302 1049 2356 τοῖς
1090 2293 1248 2364 ὅρκοις
1271 2338 1287 2359 ,
1330 2306 1395 2366 τῇ
1444 2299 1606 2369 φιλία
1641 2300 1899 2365 ἐμμένειν.
1980 2300 2080 2355 Re-

91 2384 426 2442 stituendum
470 2383 569 2438 hoc
618 2384 797 2456 ipsum
847 2390 931 2439 est.
969 2384 1061 2438 ΙΙΙ.
1103 2402 1172 2439 lv.
1215 2389 1270 2442 6.
1323 2383 1460 2451 ὅμως
1507 2386 1712 2454 ἐνέμενε
1762 2394 1882 2449 ταῖς
1931 2408 2081 2443 σπον-

88 2474 204 2536 δαῖς
225 2514 241 2539 ,
277 2473 370 2529 ubi
403 2471 657 2542 vulgatur
690 2472 805 2526 sine
833 2487 995 2527 sensu
1029 2473 1265 2540 ἐπέμενε.
1348 2474 1612 2530 Similiter
1652 2482 1934 2547 peccatum
1965 2476 2080 2531 Vll.

90 2579 126 2618 1.
167 2568 223 2619 ὅ.
264 2563 379 2629 μεθ’
429 2563 568 2626 ἡμῶν
610 2560 675 2616 ἂν
715 2559 865 2623 η’διςα
916 2578 1012 2633 pro
1061 2559 1190 2625 ἥδιστ’
1241 2560 1322 2617 ἄν.
1403 2561 1538 2617 thid.
1582 2563 1695 2618 V11.
1731 2581 1768 2619 1.
1819 2568 1903 2619 18.
1957 2566 2081 2635 ε’φέ-

88 2670 225 2720 ροντο
258 2653 381 2719 πρὸς
417 2651 519 2711 τὰς
550 2650 727 2711 πύλας
757 2649 856 2711 τὰς
890 2649 974 2704 ἐπὶ
1013 2655 1271 2706 Φλιοῦντα
1312 2650 1525 2723 [ἰόντι],
1568 2650 1658 2705 alii
1695 2651 1819 2707 ἰόντι
1860 2654 2079 2721 ὁρώσας,

88 2754 235 2795 nnus
269 2738 443 2795 Codex
475 2736 803 2809 lepidissime
842 2738 1037 2799 ἰούσας.
1100 2738 1297 2811 Spuria
1336 2747 1464 2794 sunt
1498 2741 1703 2811 pariter
1739 2742 1937 2796 omnia.
1979 2742 2080 2797 Eo·

91 2825 213 2883 dem
255 2826 412 2882 modo
451 2824 743 2897 Xenophon
786 2825 922 2881 dixit
962 2830 992 2898 §
1031 2830 1120 2882 29.
1173 2829 1226 2882 ἐν
1266 2837 1332 2897 τῇ
1370 2829 1454 2883 ἐπ’
1495 2829 1805 2897 Εὐτρησίους
1841 2831 2080 2901 ἐκτροπῇ.

88 2913 223 2973 lbid.
247 2914 359 2970 Vll.
383 2932 418 2972 ι.
456 2918 544 2970 28.
586 2914 846 2980 λεγόντων
880 2917 945 2976 ὡς
974 2917 1138 2983 χρεὼν
1163 2915 1272 2981 εἵη,
1312 2915 1673 2971 obscurarunt
1695 2917 2083 2975 homunciones

92 3003 327 3059 Atticam
382 3002 609 3057 sormam
664 3004 727 3063 ὥς
777 3004 963 3070 χρείη,
1017 3002 1179 3075 idque
1218 3003 1359 3077 apud
1412 3003 1815 3076 Xenophontem
1866 3009 2082 3080 saepius

0 3102 2 3107 ·
91 3088 296 3147 factum
337 3107 456 3146 esse
477 3089 711 3155 videbiS,
745 3098 799 3145 et
834 3107 1025 3162 parum
1065 3090 1216 3147 abest
1255 3093 1385 3164 quin
1423 3092 1631 3149 scribae
1666 3092 1911 3150 funditus
1928 3098 2081 3164 χρείη

92 3194 158 3235 ex
196 3181 499 3235 Atticorum
554 3179 772 3251 scriptis
825 3178 1147 3251 expulerint.
1227 3181 1307 3236 Ex
1348 3198 1454 3237 uno
1506 3181 1696 3237 Codice
1741 3183 1891 3251 χρείη
1935 3192 2080 3239 recte

93 3268 388 3338 repositum
420 3274 503 3323 est
537 3267 603 3322 11.
638 3284 706 3321 ιν.
750 3270 840 3322 25.
920 3267 1192 3324 Erudituli
1231 3269 1514 3325 cuiusdam
1549 3272 1824 3325 annotatio
1862 3273 2080 3343 irrepsit

96 3353 210 3408 Vll.
251 3371 286 3411 ι.
328 3359 416 3411 31.
471 3356 661 3423 συνέβη
715 3357 767 3410 δὲ
803 3356 890 3410 καὶ
937 3357 1061 3423 πρὸς
1103 3359 1175 3426 τῷ
1229 3357 1372 3427 δεξιῷ
1423 3359 1599 3427 κέρατι
1644 3360 1855 3426 τέμενός
1896 3382 1947 3415 τι
1989 3360 2079 3415 καὶ

92 3441 331 3507 ἄγαλμα
365 3444 673 3511 Ἡρακλέους
716 3442 797 3515 [οὗ
830 3445 888 3507 δὴ
922 3445 1008 3499 καὶ
1041 3446 1294 3512 ἀπόγονος
1332 3448 1581 3519 λέγεται]
1620 3444 1768 3502 εἶναι.
1847 3448 2082 3503 Evidens

12 3536 20 3558 ¹·
92 3529 354 3585 emblema
409 3531 464 3584 in
507 3534 693 3603 paucis
738 3540 837 3587 est.
919 3532 1160 3589 Primum
1220 3536 1333 3607 ipsa
1390 3535 1541 3592 sedes
1591 3552 1752 3608 quam
1807 3551 1867 3590 ea
1919 3535 2080 3592 verba

17 3643 29 3701 ι·
95 3625 359 3691 occupant
396 3617 591 3674 clamat
639 3620 874 3677 insiticia
914 3638 1028 3678 esse
1054 3665 1070 3685 ‚
1114 3622 1305 3680 deinde
1339 3624 1551 3681 dicendi
1591 3639 1776 3696 genuS.
1861 3622 2079 3681 Volebat
