2436 4068
1066 193 1175 245 569

115 336 200 391 Vl.
246 340 367 392 100.
451 336 701 406 Αἰσχίνης
742 336 766 389 ὁ
806 334 1029 397 Νόθωνος
1067 338 1180 392 ε’ὢν
1230 344 1328 393 τῶν
1381 337 1669 405 Ἐρετριέων
1718 337 1798 393 τοὶ
1847 342 2083 406 πρῶτα.

112 426 282 492 Φέρειν
320 431 375 479 et
410 425 653 493 φέρεσθαι
688 422 909 479 confusa
945 433 1074 479 sunt
1105 433 1159 479 et
1197 425 1339 499 apud
1374 424 1782 480 Demosthenem
1827 423 1892 480 de
1931 425 2088 482 Falsa

106 512 395 584 Legatione
453 530 502 584 p.
546 518 650 567 371
678 554 694 577 ,
749 516 833 566 18.
913 518 1192 582 Κτησιφῶν
1243 514 1331 568 καὶ
1382 514 1712 581 ’Ape-:danaos
1770 515 1862 577 τὴν
1915 516 2086 582 ἀρχὴν

106 602 200 663 τὴν
240 601 438 667 πρώτην
478 599 656 669 ἔφερον
710 603 799 654 τοῦ
841 603 1167 667 φενακισμοῦ
1191 643 1207 663 ,
1250 601 1341 655 ubi
1395 605 1487 666 τὴν
1526 604 1696 671 άρχήν
1749 602 1987 675 optimus
2030 600 2085 656 S.

105 689 308 742 omittit
346 694 402 742 et
439 705 535 759 pro
574 687 723 742 varia
779 685 1007 741 lectione
1060 688 1115 741 in
1162 690 1410 759 margine
1448 711 1533 759 γρ.
1583 691 1675 753 τὴν
1714 691 1884 759 ἀρχὴν
1921 706 2086 762 appo·

103 776 202 830 nit.
281 775 538 848 Suspicor
574 776 809 830 insiticia
860 773 991 829 haec
1031 772 1193 829 verba
1232 791 1348 830 esse
1389 784 1442 831 et
1487 779 1560 833 σα
1611 784 1790 846 πρῶτα
1845 778 2083 848 ἐφέροντο

99 869 188 918 τοῦ
243 868 570 933 φενακισμοῦ
629 861 904 917 emendari
965 868 1228 933 oportere.
1329 863 1387 918 In
1445 865 1723 938 Euripidis
1781 865 2082 939 fragmento

99 950 241 1024 apud
278 950 619 1008 Aristotelem
663 949 840 1005 Ethic.
919 949 1145 1005 Eudem.
1188 949 1326 1006 v111.
1375 958 1478 1007 11:

400 1039 593 1106 λόγον
632 1038 823 1094 δίκαιον
862 1039 1041 1105 μισθὸν
1078 1037 1146 1092 ἂν
1182 1039 1392 1103 λόγου
1428 1040 1600 1108 φέροις

401 1128 561 1197 ἔργων
593 1126 637 1181 δ’
676 1128 860 1188 ἐκεῖνος
899 1127 1038 1195 ἔργ’,
1079 1123 1117 1181 ἃ
1156 1127 1244 1181 καὶ
1285 1127 1584 1196 παρέσχετο
1605 1169 1618 1192 ,

96 1213 490 1271 emendandum
532 1214 792 1271 arbitror:
1320 1228 1322 1230 ·

394 1305 607 1370 λόγων
648 1305 839 1360 δίκαιον
875 1304 1054 1370 μισθὸν
1092 1304 1159 1359 ἂν
1197 1306 1431 1371 λόγους
1471 1305 1660 1374 φέροις.

92 1391 287 1446 Μισθὸν
324 1391 496 1461 φέρειν
551 1393 852 1447 rectissime
906 1391 1047 1465 apud
1092 1392 1498 1465 Xenophontem
1539 1393 1739 1464 legitur
1778 1394 1834 1448 in
1874 1394 2073 1451 vicinia

91 1478 133 1535 I.
176 1483 228 1534 6.
283 1486 485 1546 γελοῖον
532 1479 730 1547 μέντᾶν
784 1479 862 1543 εἴη
903 1511 980 1523 -
1017 1483 1060 1535 εἷ
1114 1481 1202 1536 καὶ
1251 1482 1430 1548 μισθὸν
1479 1481 1662 1537 τούτου
1716 1481 1927 1552 φέροι,
1981 1482 2073 1539 ubi

90 1584 251 1640 quam
293 1566 580 1624 infeliciter
620 1567 863 1623 nonnulli
896 1569 1098 1639 φέροιτο
1142 1571 1480 1642 reposuerint
1520 1586 1585 1626 ex
1628 1572 1736 1642 §4.
1779 1577 1834 1625 et
1873 1571 1952 1626 sic
1973 1587 2071 1644 pro

89 1672 196 1711 uno
236 1657 368 1711 vitio
419 1655 526 1712 duo
580 1657 886 1713 invexerint
930 1659 1166 1714 sentient
1218 1675 1405 1714 omnes
1451 1658 1544 1731 qui
1592 1658 1835 1728 φέρεσθαι
1890 1659 2070 1726 μισθόν

88 1760 151 1799 eo
187 1760 351 1799 sensu
390 1743 499 1800 dici
541 1762 645 1800 non
699 1762 854 1818 posse
896 1745 1210 1818 intelligunt
1249 1753 1304 1801 et
1351 1763 1648 1819 numquam
1705 1746 1914 1803 dictum
1953 1765 2071 1805 esse

88 1831 304 1887 assidua
350 1839 594 1888 veterum
645 1833 875 1890 lectione
924 1834 1155 1890 firmiter
1194 1834 1297 1889 sibi
1350 1842 1753 1906 persuaserunt.
1832 1836 1959 1891 Post
2006 1852 2071 1894 ea

85 1920 246 1976 verba
301 1923 478 1986 μισθὸν
531 1923 712 1978 τούτου
766 1922 907 1991 φέροι
964 1923 1283 1982 exciderunt
1329 1922 1487 1978 verba
1527 1923 1788 1995 quaedam
1812 1962 1827 1986 ‚
1872 1923 2070 1997 quibus

85 2008 441 2082 respondebat
482 2011 508 2035 ⁴
549 2015 570 2038 ⁹
614 2013 640 2034 ¹⁵
678 2008 755 2066 ἔτι
818 2031 892 2066 τοι
935 2013 1056 2077 ἡμῖν
1096 2012 1254 2067 ἐδόκει
1294 2009 1424 2073 οἶκος
1483 2013 1594 2068 κτὲ.
1672 2011 1731 2067 In
1791 2015 1820 2083 §
1860 2017 1914 2069 8.
1968 2013 2069 2070 κάν

82 2119 160 2160 τις
219 2096 375 2153 ἵππον
426 2098 705 2166 πριάμενος
745 2131 821 2141 ·—-
858 2100 1210 2155 καταπίπτων
1259 2102 1355 2155 ἀπ’
1394 2102 1554 2155 αὐτοῦ
1613 2101 1757 2159 κακοὶ
1808 2101 2068 2173 λαμβάνῃ

80 2186 460 2258 corrigendum
514 2194 597 2242 est
646 2189 851 2244 κακὸν
896 2188 1170 2259 λαμβάνῃ.
1251 2189 1464 2244 Dicitur
1502 2189 1647 2244 enim
1702 2188 1902 2245 Graece
1940 2189 2066 2246 διδό-

80 2296 161 2331 ναι
208 2274 401 2338 κακόν,
453 2275 754 2342 λαμβάνειν
808 2283 861 2331 et
918 2276 1350 2344 προσλαμβάνειν
1404 2276 1599 2340 κακόν,
1661 2276 1804 2345 ἔχειν
1868 2279 2063 2345 κακόν,

78 2365 262 2421 διδόναι
315 2363 464 2430 μέγα
503 2365 698 2429 κακόν,
756 2364 932 2434 μεῖζόν
985 2386 1036 2421 τι
1072 2365 1230 2422 κακὸν
1269 2364 1569 2432 λαμβάνειν
1610 2372 1664 2420 et
1705 2366 1826 2421 sim.
1867 2373 1928 2422 ut
1968 2368 2062 2423 La-

78 2454 189 2509 tine
238 2452 371 2508 dabo
408 2452 645 2515 malum,
700 2454 839 2508 malo
879 2455 1134 2519 mactari,
1174 2455 1398 2510 mactari
1436 2454 1755 2528 infortunio,
1807 2456 1950 2512 mala
2000 2475 2060 2514 re

77 2559 268 2614 maqna
305 2541 526 2596 mactari
564 2547 618 2596 et
662 2541 787 2598 sim.
867 2543 1037 2598 Κακὸν
1070 2542 1371 2611 λαμβάνειν
1420 2542 1622 2597 dicitur
1661 2544 1753 2614 qui
1803 2544 2058 2616 vapulat,

76 2630 167 2702 qui
211 2628 406 2684 vulnus
460 2629 696 2702 accipit,
757 2630 848 2700 qui
901 2631 955 2684 in
1018 2630 1267 2686 morbum
1326 2630 1652 2703 implicatur.
1733 2630 1894 2687 Plena
1933 2641 2062 2690 sunt

74 2715 441 2790 exemplorum
482 2717 700 2772 omnia:
747 2716 829 2771 vel
872 2718 928 2772 in
969 2717 1309 2774 Comicorum
1362 2718 1681 2791 fragmentis
1733 2736 1930 2793 magna
1977 2728 2061 2778 est

73 2805 257 2879 copia,
297 2821 460 2878 quam
502 2805 557 2860 in
600 2804 835 2860 Comicae
873 2805 1131 2862 Dictiom’s
1171 2806 1380 2874 Indice,
1425 2808 1713 2864 utilissimo
1752 2808 1926 2876 libre,
1964 2823 2056 2867 ex-

73 2893 264 2968 plicuit
312 2894 376 2950 11.
417 2892 613 2949 Iacobi.
694 2893 875 2950 Alexis
915 2895 1106 2951 Athen.
1149 2913 1199 2968 p.
1233 2899 1341 2952 558
1383 2897 1443 2952 E.

1125 2985 1235 3040 οὐδὲ
1276 2982 1327 3040 ἓν
1367 2986 1524 3042 κακὸν

445 3071 623 3140 ἔχουσι
663 3071 750 3125 καὶ
791 3069 1006 3136 κάμνειν
1045 3073 1253 3139 λέγουσ’
1293 3074 1528 3132 ἑκάςοτε.

144 3159 472 3233 Antiphanes
509 3158 703 3214 Athen.
747 3176 796 3230 p.
839 3163 942 3215 125
985 3161 1041 3216 B.

895 3249 947 3301 ἐν
986 3248 1161 3319 χύτρα
1201 3250 1255 3304 δέ
1291 3270 1375 3316 μοι

439 3333 573 3398 ὅπως
615 3333 739 3404 ὕδωρ
779 3334 976 3404 ἕψοντα
1014 3337 1188 3402 μηδέν’
1228 3338 1441 3406 ὄψομαι.

437 3425 492 3478 οὐ
532 3424 638 3491 γὰρ
677 3425 836 3480 κακὸν
874 3423 982 3492 ἔχω
1022 3425 1143 3490 μηδ’
1185 3425 1398 3495 ἔχοιμι,

64 3524 200 3579 quae
238 3509 370 3564 satis
411 3513 691 3584 perspicua
731 3518 875 3568 sunt.
957 3512 1011 3567 Si
1053 3514 1175 3585 quis
1214 3532 1277 3570 ex
1317 3532 1455 3587 equo
1494 3514 1741 3586 delapsus
1774 3514 2042 3589 confregit

64 3596 262 3668 aliquid
305 3602 459 3653 κακὸν
502 3601 807 3666 λαμβάνει,
850 3621 952 3658 non
995 3605 1171 3668 κακά,
1214 3613 1272 3659 ut
1318 3607 1524 3676 opinor.

1633 3698 1668 3728 Ἠ
