2436 4068
1279 222 1384 270 528

361 369 489 423 dum
531 369 722 421 vitium
774 382 840 420 ex
878 363 1182 434 aequalium
1226 363 1474 416 sordibus
1515 369 1708 417 natum
1753 367 1944 420 πλέετε
1982 383 2079 438 pro
2112 373 2336 432 πλεῖτε,

356 458 421 511 de
458 473 563 527 quo
603 470 798 525 genere
832 452 1148 506 mendorum
1184 467 1353 522 pauca
1395 451 1657 522 quaedam
1698 461 1955 509 annotare
1993 456 2163 510 iuvat.
2245 454 2337 510 Sa·

354 545 427 598 tis
478 549 687 597 constat
742 540 1068 594 recentiores
1115 540 1403 594 Graeculos
1459 539 1740 593 resolvisse
1794 539 1992 597 formas
2041 543 2340 614 quasdam,

354 631 549 703 quibus
588 630 754 684 Attici
795 627 922 681 oliui
972 645 1258 699 numquam
1307 628 1407 680 nisi
1467 628 1760 681 contractis
1801 630 2108 684 utebantur.
2190 632 2340 685 Dice·

357 719 486 773 bant
527 719 617 772 isti
657 716 912 784 χρύσεος,
952 715 1235 784 ἀργύρεος,
1292 715 1526 784 χάλκεος
1568 721 1669 769 cet.
1713 716 1909 787 quibus
1955 717 2143 772 formis
2190 737 2343 773 num-

304 801 311 812 '
357 824 514 877 quam
572 820 897 876 quemquam
940 803 1245 857 Atticorum
1298 820 1455 857 usum
1505 802 1672 857 fuisse
1711 811 1920 859 certum
1965 812 2064 860 est.
2143 806 2344 878 Repre-

359 891 546 946 hendit
603 892 704 946 hoc
756 891 1061 962 aequalium
1110 892 1300 944 vitium
1356 890 1696 963 Phrynichus
1738 908 1787 962 p.
1832 896 1978 955 207,
2037 892 2127 946 ubi
2175 893 2345 948 multa

357 981 627 1052 congessit
682 979 890 1033 Loheck
945 995 1011 1033 ex
1071 978 1432 1050 scriptoribus
1477 995 1581 1033 non
1637 980 1892 1050 optimiS,
1945 980 2078 1035 duos
2133 989 2344 1036 tantum

358 1068 501 1122 locos
540 1084 604 1122 ex
649 1068 888 1138 antiquis
937 1066 1298 1138 probatisque.
1381 1067 1450 1122 Et
1505 1066 1569 1121 de
1623 1066 1905 1122 Aeschinis
1958 1068 2174 1139 quidem
2229 1068 2348 1124 loco

363 1157 418 1210 in
462 1155 837 1228 Ctesiphontea
890 1160 918 1227 ξ
960 1159 1082 1209 166.
1138 1154 1344 1226 pridem
1388 1154 1652 1216 diximuS,
1699 1154 1786 1209 ubi
1835 1153 1869 1209 ὦ
1911 1158 2101 1226 σιδηροῖ
2136 1174 2234 1229 pro
2273 1179 2347 1212 σι-

360 1245 516 1312 δήρεοι
557 1243 948 1315 reponendum.
1032 1243 1089 1296 ln
1131 1242 1364 1313 Agesilai
1412 1243 1707 1307 EncomiO,
1748 1260 2075 1315 quamquam
2119 1263 2226 1299 non
2266 1253 2349 1301 est

362 1332 767 1403 XenophontiS‚
825 1339 1004 1385 tamen
1052 1330 1197 1384 nulla
1249 1337 1330 1384 est
1370 1331 1735 1386 controversia
1786 1332 1914 1402 quin
1956 1332 2018 1386 V.
2062 1338 2114 1388 ὅ.
2171 1333 2346 1404 legen·

362 1420 491 1475 dum
539 1421 636 1474 sit:
680 1421 708 1483 ἢ
750 1419 931 1474 πάντα
963 1439 1084 1484 μοι,
1123 1416 1221 1473 ὅσοι
1256 1421 1374 1487 ὁρῶ,
1415 1439 1460 1486 χ
1474 1423 1635 1486 ρυσέἑ
1674 1420 1946 1484 γενέσθαι,
1987 1437 2091 1475 non
2127 1422 2348 1490 χρύσεοι.

364 1509 615 1564 Alterum
659 1507 1046 1562 Graeculorum
1095 1507 1289 1560 vitium
1345 1509 1710 1562 committitur
1748 1509 1802 1562 in
1843 1508 2022 1563 verbis
2073 1508 2352 1583 disyllabis

365 1599 420 1651 in
462 1597 550 1651 -έω
593 1596 946 1658 exeuntibuS‚
989 1611 1218 1666 quorum
1261 1595 1460 1649 formas
1517 1613 1620 1650 non
1670 1595 2056 1652 contrahebant
2102 1599 2352 1662 omnino,

366 1702 542 1756 neque
594 1690 805 1738 tantum
847 1684 1102 1738 Veterum
1146 1683 1386 1755 exemplo
1437 1684 1611 1745 πλέω,
1666 1684 1893 1749 πλέομεν
1930 1692 1985 1739 et
2026 1687 2238 1741 πλέουσι
2274 1686 2352 1740 di-

367 1773 594 1836 cebant,
656 1772 748 1826 sed
808 1773 986 1832 πλέεις
1039 1788 1251 1843 quoque
1301 1778 1352 1825 et
1403 1772 1550 1826 πλέει
1605 1778 1660 1827 et
1724 1772 1935 1826 πλέετε.
2028 1772 2354 1845 Saepissime

369 1860 511 1934 apud
546 1861 823 1932 sequiores
863 1867 915 1915 et
958 1860 1138 1913 minus
1175 1858 1426 1930 probatos
1468 1860 1759 1929 scriptores
1811 1869 2106 1915 occurrunt
2153 1861 2356 1918 formae

371 1951 510 2017 ζέει,
553 1950 678 2018 ῥέει,
720 1949 890 2013 πνέει,
926 1949 1079 2017 χέει,
1120 1948 1240 2002 sim.
1284 1955 1337 2002 et
1367 1947 1495 2007 δέεις
1536 1954 1590 2001 et
1632 1949 1836 2011 δέεται,
1881 1949 2080 2012 ἐδέετο,
2125 1951 2355 2015 ἐδὲεσθε,

371 2038 491 2092 alia.
586 2037 909 2106 Perstringit
973 2053 1063 2091 eos
1124 2035 1466 2109 Phrynichus
1526 2053 1575 2106 p.
1627 2040 1771 2101 220,
1831 2036 1921 2091 ubi
1977 2037 2126 2110 larga
2193 2056 2358 2094 manu

372 2125 615 2197 exempla
677 2125 840 2179 huius
895 2127 1095 2179 erroris
1163 2123 1440 2194 profundit
1503 2122 1834 2190 Lobeckius,
1894 2142 2030 2196 quae
2090 2130 2358 2182 sexcentis

372 2214 494 2269 aliis
551 2214 738 2284 augeri
793 2221 1038 2284 possent,
1101 2212 1193 2266 sed
1249 2220 1331 2265 est
1385 2228 1446 2265 ea
1508 2212 1716 2266 inutilis
1772 2213 2068 2284 diligentia.
2162 2215 2359 2270 Utilius

375 2302 547 2356 multo
587 2319 653 2356 ex
693 2301 839 2354 illius
869 2302 945 2354 rei
982 2300 1352 2354 observatione
1394 2300 1801 2356 emendabimus
1841 2302 1983 2356 locos
2025 2303 2358 2369 Atticorum,

374 2389 465 2444 ubi
522 2390 711 2444 vitiosa
763 2389 1148 2445 Graeculorum
1204 2388 1439 2450 συνήθεια
1488 2405 1613 2442 suas
1668 2389 1852 2444 sordes
1903 2389 2142 2445 affricuit
2186 2399 2239 2447 et
2287 2395 2360 2457 Vsi-

374 2478 489 2533 mul
542 2493 696 2532 error
743 2477 1167 2548 deprehenditur
1221 2492 1345 2529 cum
1402 2492 1562 2532 causa
1610 2478 1843 2533 errandi.
1926 2479 2104 2551 Turpe
2153 2487 2236 2535 est
2291 2482 2358 2537 ad

377 2566 522 2621 bunc
563 2566 704 2620 diem
763 2566 815 2619 in
868 2567 1121 2620 Isocratis
1161 2563 1407 2618 Busiride
1457 2569 1576 2636 ὃὸ.
1629 2564 1760 2620 ferri
1815 2568 2057 2638 potuisse
2116 2569 2357 2626 τοσούτου
2432 2622 2433 2626 ,

378 2655 554 2715 δέεις
614 2652 741 2709 οὕτω
795 2657 1076 2723 κεχρῆσθαι
1127 2662 1233 2714 τοῖς
1287 2653 1463 2718 λόγοις
1514 2670 1610 2725 pro
1660 2655 1799 2718 δεῖς,
1842 2671 1964 2709 nam
2015 2657 2145 2727 quid
2188 2665 2363 2729 potest
2426 2679 2434 2705 ι

379 2758 496 2796 esse
537 2743 740 2796 certius
783 2760 944 2814 quam
986 2745 1088 2803 δεῖς
1132 2759 1344 2796 summa
1393 2744 1697 2796 constantia
1735 2743 1933 2797 dixisse
1980 2743 2363 2813 AthenienseS,
2431 2747 2436 2775 ⁴·

381 2831 472 2884 sed
538 2831 826 2885 Graeculos
883 2848 1041 2885 suum
1101 2831 1228 2891 δέεις
1284 2837 1487 2885 temere
1553 2831 1939 2885 substituisse?
2021 2831 2249 2888 Omnino
2308 2836 2361 2889 in
2427 2820 2430 2828 ’

381 2918 562 2972 Attica
602 2918 870 2973 locutione
912 2920 1154 2974 τοσούτου
1205 2921 1305 2979 δεῖς
1331 2962 1343 2983 ,
1385 2923 1580 2973 πολλοῦ
1621 2920 1723 2979 δεῖς
1748 2961 1760 2983 ,
1802 2921 1923 2974 Sim.
1972 2920 2271 2976 scribarum
2313 2931 2363 2978 et
2420 2948 2422 2950 ’

380 3005 667 3060 sciolorum
724 3009 1001 3062 temeritas
1061 3006 1346 3061 manifesta
1403 3014 1500 3060 est.
1582 3007 1682 3060 Pro
1730 3008 1972 3062 τοσούτου
2026 3009 2363 3065 substituunt

379 3099 625 3153 τοσοῦτο,
666 3099 903 3150 τοσοῦτον
946 3105 998 3149 et
1036 3095 1283 3163 τοσούτῳ,
1325 3111 1462 3166 quae
1497 3095 1676 3148 omnia
1718 3101 1845 3148 sunt
1880 3095 2198 3151 Graecitatis
2240 3116 2361 3152 con-

379 3183 709 3236 senescentis
763 3190 816 3236 et
873 3192 1041 3238 ΔΕΙΣ
1092 3183 1385 3252 depravant
1436 3184 1489 3236 in
1531 3182 1688 3246 δέεις,
1748 3184 1829 3237 δεῖ
1882 3205 1940 3237 σε
1994 3191 2048 3239 et
2105 3185 2225 3239 sim.
2301 3187 2362 3240 In

379 3270 617 3325 Platonis
665 3270 859 3342 Lyside
919 3288 970 3341 p.
1013 3275 1118 3324 204
1161 3271 1221 3324 E.
1279 3268 1355 3323 ὅτι
1416 3276 1613 3324 πολλοῦ
1669 3272 1803 3332 δεῖς
1863 3273 1920 3325 τὸ
1974 3269 2103 3334 εἶδος
2156 3275 2361 3338 οέγνοεῖν

378 3363 469 3412 τοῦ
511 3358 723 3422 ποοιδός,
763 3359 999 3429 optimus
1037 3359 1278 3411 omnium
1321 3357 1637 3412 Bodleiauus
1675 3359 1778 3418 δεῖς
1819 3380 1877 3412 σε
1928 3359 2117 3422 babet,
2163 3363 2359 3416 caeteri

380 3447 460 3501 δεῖ
494 3468 586 3508 σε,
631 3463 772 3501 unus
812 3453 1022 3500 tantum
1067 3445 1490 3499 vindobonensis
1533 3448 1710 3500 nescio
1751 3448 1872 3517 quis
1912 3465 2094 3503 veram
2132 3450 2358 3520 scriptu-

384 3550 499 3587 ram
538 3542 715 3589 servat
763 3535 1020 3588 acutioris
1060 3533 1290 3586 alicuius
1341 3535 1650 3588 coniectura
1704 3543 2001 3606 repertam,
2059 3544 2119 3591 ut
2177 3537 2358 3608 proba-

386 3621 488 3676 bile
544 3630 639 3676 est.
737 3623 891 3692 Apud
956 3622 1362 3678 Demosthenem
1417 3623 1674 3678 XXXVII.
1737 3628 1823 3678 49.
1887 3626 2051 3680 καίτοι
2121 3626 2358 3680 τοσούτου
