2436 4068
1021 173 1127 223 655

0 317 1 339 ¹
82 339 217 385 περι
234 320 354 373 δινο
370 317 600 383 υμένου
641 318 865 387 γράφειν
913 338 972 371 τε
1013 316 1100 371 καὶ
1139 318 1547 382 ἀναγιγνώσκειν
1584 320 1763 384 θαῦμα
1801 320 1897 386 μὲν
1935 320 2054 383 ἴσως

79 428 130 462 τι
183 408 286 464 ε’ςίν
334 408 443 461 κτὲ.
522 405 785 477 Equidem
836 422 941 459 non
982 405 1340 459 concesserim
1396 405 1448 459 id
1497 422 1613 460 esse
1659 407 1870 473 θαῦμα,
1929 424 2055 464 nam

80 496 213 549 satis
270 502 491 567 apparet
540 494 594 547 id
654 509 768 548 esse
809 495 968 547 etiam
1015 493 1170 564 paulo
1220 493 1340 564 ptus
1386 510 1547 564 quam
1598 496 1811 561 θαῦμα,
1866 511 2060 568 nempe

82 584 424 638 παντάπασιν
459 582 727 637 ἀδύνατον.
810 580 876 635 Ut
920 582 1051 634 satis
1089 582 1160 634 sit
1200 581 1471 647 mirabile,
1519 583 1609 638 sed
1649 590 1830 638 tamen
1870 582 2059 638 huius·

82 671 226 726 modi
266 679 323 725 ut
366 670 482 725 fieri
523 670 722 742 possit,
761 668 986 722 emenda
1027 670 1484 736 περιδινουμένουςε
1527 671 1631 743 ipsi
1672 671 1814 726 enim
1847 673 1900 724 in
1941 677 2060 726 rota

81 759 336 814 velociter
373 759 706 812 circumacta
746 756 992 811 sedentes
1033 763 1211 810 tamen
1254 757 1310 811 in
1351 774 1412 812 ea
1452 759 1717 830 vertigine
1756 757 2066 815 scribebant

80 846 284 920 aliquid
328 854 379 902 et
423 846 688 916 legebant.
1870 839 1876 844 ’

157 935 218 989 In
274 937 303 1006 §
343 939 395 989 4.
442 934 669 1002 χαλκίον
706 932 1049 988 scribendum
1093 940 1203 993 est,
1243 948 1348 985 non
1399 941 1681 1001 χαλκεῖον;
1734 940 1786 989 et
1827 934 1882 989 in
1939 938 1969 1007 §
2009 940 2061 992 ὅ.

81 1023 216 1078 πολὺ
257 1023 323 1077 ἀν
359 1020 503 1087 οἶμαι
548 1022 737 1083 αὐτούς
789 1043 848 1075 τε
903 1025 1021 1091 ῥᾷον
1057 1020 1258 1085 διάγειν
1304 1019 1392 1074 καὶ
1447 1021 1504 1075 τὸ
1546 1021 1829 1085 συμπόσιον
1877 1022 2057 1099 [πολὺ]

83 1111 511 1179 ἐπιχαριτώτερον
550 1106 719 1172 εἶναι,
771 1110 1022 1180 quoniam
1067 1109 1200 1163 πολὺ
1237 1106 1300 1162 ἄν
1341 1108 1416 1161 ita
1458 1110 1855 1179 praemittitur,
1896 1121 1957 1165 ut
1997 1111 2066 1166 ad

80 1205 367 1271 utramque
403 1197 702 1253 sententiae
744 1204 948 1268 partem
988 1196 1286 1268 aequaliter
1325 1195 1394 1248 sit
1438 1194 1810 1261 referendum,
1863 1201 2064 1271 perspi-

81 1303 245 1342 cuum
285 1293 367 1342 est
402 1285 692 1359 repetitum
734 1285 871 1339 πολύ
910 1285 1212 1340 insiticium
1252 1300 1367 1339 esse
1408 1291 1461 1338 et
1499 1283 1935 1356 expungendum.

155 1374 215 1429 In
269 1377 299 1445 §
344 1380 392 1429 7.
439 1379 592 1429 πάσα
631 1374 725 1437 μὲν
766 1375 795 1436 ἦ
838 1375 988 1434 πόλις
1034 1370 1170 1436 οἶδε,
1224 1373 1523 1433 πολλοὺς
1562 1373 1608 1427 δ’
1651 1370 1797 1439 οἶμαι
1836 1375 1923 1429 καὶ
1966 1382 2064 1431 τῶν

78 1461 267 1527 ξένων,
306 1461 594 1533 diiigenter
635 1460 924 1517 videndum
969 1478 1036 1516 an
1077 1477 1182 1515 non
1224 1460 1457 1516 πολλοὶ
1500 1462 1576 1527 δ’,
1614 1459 1789 1528 οἶμαι,
1837 1464 1925 1519 καὶ
1966 1469 2065 1520 τῶν

81 1549 231 1614 ξένων
272 1551 345 1604 sit
377 1552 574 1606 verius.

154 1638 215 1692 In
257 1655 372 1711 cap.
410 1638 546 1694 VIII.
593 1644 645 1694 1.
693 1637 907 1704 μεγέθει
953 1639 1049 1703 μὲν
1089 1637 1296 1698 πάντας
1343 1637 1652 1706 ἐπέχοντος,
1691 1645 1847 1708 ψυχῇ
1887 1640 1940 1695 δὲ
1970 1642 2066 1696 ἀν·

78 1729 268 1795 θρώπου
309 1729 603 1793 ἱσουμένου,
655 1726 798 1799 quod
841 1743 934 1797 pro
972 1726 1234 1791 ἱσονμένου
1283 1725 1594 1780 Dindorfius
1635 1727 1898 1794 ἱδρυμένου
1940 1727 2064 1784 sub·

79 1816 261 1870 stituit
282 1815 608 1871 laudandum
643 1822 754 1880 est,
788 1814 878 1870 sed
922 1814 1165 1887 perficies
1197 1814 1625 1870 emendationem
1657 1815 1942 1871 scribendo
1974 1818 2068 1872 ἐνι-

79 1905 342 1971 δρνμένου.
423 1905 548 1959 Post
597 1920 767 1976 pauca
823 1903 955 1958 bene
995 1902 1060 1958 ἄν
1110 1903 1370 1974 expunxit
1427 1901 1734 1974 Stephanus
1773 1921 1839 1960 ex
1886 1905 2067 1961 verbis

76 1994 208 2054 εἰκὸς
242 1995 382 2059 ἡμᾶς
403 2025 478 2035 -
499 1993 677 2063 ἔρωτος
711 1994 787 2060 μὴ
835 1992 944 2067 [ἂν]
987 1994 1383 2059 ἀμνημονῆσαι,
1424 1990 1518 2046 sed
1553 1990 1802 2047 Editores
1836 2009 1941 2048 non
1972 2008 2065 2048 au·

81 2079 256 2136 diunt.

154 2168 211 2224 In
271 2172 301 2241 S
344 2175 397 2225 5.
444 2174 548 2240 οὐχ
599 2171 754 2237 όράτε
791 2172 856 2230 ὥς
910 2167 1186 2223 σπουδαῖαι
1222 2169 1317 2233 μὲν
1372 2170 1530 2223 αὐτοῦ
1587 2171 1644 2223 αἱ
1696 2169 1915 2239 όφρύες,
1973 2168 2063 2225 ad-

78 2259 244 2313 missa
297 2258 591 2314 Heindorfii
652 2258 987 2313 correctione
1027 2257 1056 2321 ἢ
1109 2259 1211 2325 οὐχ
1247 2257 1437 2325 ὁρᾶτε,
1497 2256 1844 2313 scribendum
1885 2266 1968 2314 est
2006 2259 2063 2314 αἱ

81 2348 259 2415 ὀφρῦς.

153 2435 213 2490 In
247 2437 350 2506 §5-
399 2434 777 2490 Antisthenem
821 2434 899 2488 sic
933 2432 1132 2488 dixisse
1172 2433 1452 2488 existimo:
1492 2432 1574 2488 ἀεὶ
1615 2437 1836 2489 τοιαῦτα
1872 2445 2065 2500 ποιεῖς,

75 2524 197 2579 τότε
236 2523 331 2588 μὲν
371 2525 430 2579 τὸ
473 2524 729 2589 δαιμόνιον
770 2521 1214 2591 προφασιζόμενος
1255 2522 1375 2576 τότε
1417 2523 1460 2577 δ’
1496 2520 1665 2578 ἄλλον
1719 2543 1808 2578 του
1854 2524 2068 2594 ἐφιέμε-

77 2633 187 2678 νος,
229 2611 421 2668 deinde
465 2612 646 2666 nescio
686 2627 844 2683 quem
888 2610 953 2664 ad
990 2614 1213 2666 τοιαῦτα
1265 2617 1425 2672 ποιεῖς
1465 2609 1817 2681 adscripsisse
1867 2615 1921 2667 οὐ
1957 2613 2065 2668 δια·

75 2701 209 2767 λέγῃ
262 2722 386 2767 μοι,
435 2716 573 2772 quae
627 2699 787 2753 verba
841 2700 1176 2770 irrepserunt
1235 2707 1417 2770 postea
1477 2699 1529 2752 in
1573 2697 1802 2753 alienam
1844 2699 2063 2766 sedem,

75 2789 147 2843 ita
189 2797 247 2843 ut
290 2805 436 2843 nunc
489 2788 700 2859 legatur
746 2786 866 2842 τότε
911 2788 1006 2854 μὲν
1046 2788 1104 2841 τὸ
1160 2787 1414 2853 δαιμόνιον
1477 2785 1923 2856 προφασιζόμενος
1985 2788 2062 2861 [οὗ

103 2878 304 2947 naum
343 2877 454 2950 μοι]
500 2875 620 2931 τότε
655 2877 708 2931 δέ
748 2877 857 2931 κτὲ.

153 2965 212 3021 ln
266 2982 381 3039 cap.
421 2965 558 3019 Vlll.
608 2968 690 3019 15.
754 2962 1040 3018 mendosus
1080 2962 1229 3018 locus
1264 2969 1378 3028 est,
1432 2966 1655 3033 φιλεῖν
1705 2985 1773 3031 γε
1807 2966 1911 3030 μὴν
1962 2968 2060 3019 τῶν

76 3055 172 3122 μὲν
213 3056 271 3109 τὸ
313 3051 422 3116 ἦθος
463 3054 744 3118 ἀγαμένων
780 3052 989 3118 ἀνάγκη
1045 3052 1103 3106 Ξδ
1116 3052 1136 3106 l
1150 3072 1186 3107 α
1239 3052 1326 3108 καὶ
1384 3052 1647 3107 ἕθελονσία
1687 3059 1951 3108 καλεῖται.
1995 3051 2063 3107 ad

80 3159 240 3215 quem
303 3142 720 3198 Valckenaerius
763 3142 814 3195 in
859 3139 1082 3195 Schedis
1140 3140 1452 3195 annotavit:
1516 3138 1657 3193 »Cur
1710 3140 1925 3212 propria
1977 3158 2063 3195 ne·

79 3232 339 3285 cessitas?
424 3231 682 3295 Quomodo
720 3237 895 3297 φιλεῖν
941 3229 1074 3290 τινός
1123 3230 1315 3284 Graece
1351 3228 1593 3282 dicitur?
1657 3228 1869 3298 Corriyo
1894 3246 1912 3281 .·
1961 3233 2064 3297 φι-

83 3319 175 3372 >Aa
213 3337 279 3382 γε
319 3322 422 3383 μὴν
452 3326 549 3374 τῶν
590 3322 650 3374 τὸ
697 3317 804 3381 ἦθος
839 3319 1121 3384 ἀγαμένων
1172 3317 1382 3383 ἀνάγκη
1439 3317 1624 3380 ἡδεῖα
1666 3317 1753 3370 καὶ
1797 3317 2062 3372 ἐθελονσΙα

80 3406 382 3461 καλεῖται.”
462 3408 520 3462 In
561 3409 706 3470 ἡδεῖα
750 3425 844 3480 pro
884 3406 987 3461 ἱδιά
1029 3405 1335 3462 Diodortius
1376 3420 1588 3477 quoque
1630 3403 1838 3459 incidit.

172 3493 229 3547 In
285 3496 315 3565 ς
371 3499 455 3550 15.
510 3493 644 3563 άπερ
697 3499 783 3552 καὶ
837 3499 958 3562 πρὸς
999 3497 1070 3550 τά
1129 3496 1272 3551 σιτία
1319 3494 1405 3550 δια
1459 3493 1790 3558 πλησμονὴν,
1846 3496 2061 3549 ταῦτα

77 3581 287 3645 ἀνάγκη
348 3583 434 3635 καὶ
479 3584 599 3648 πρὸς
640 3586 710 3638 τά
759 3586 975 3639 παιδικά
1036 3585 1300 3650 πάσχειν,
1354 3580 1529 3635 scribe
1584 3580 1760 3636 ταῦτα
1814 3579 2061 3647 ἀνάγκη,

1555 3673 1591 3702 15
1622 3675 1636 3693 ⁹
