2436 4068
1308 178 1414 236 64³2.

371 334 594 404 ἐῴκεσαν
653 333 756 398 γαρ
814 334 867 384 οὐ
919 330 1298 394 δεδιδαγμένοις
1354 330 1424 383 τοὶ
1479 332 1743 398 σχήματα
1799 331 1925 384 ἀλλ’
1988 332 2352 399 ἐφιεμένοις

371 422 617 490 πράττειν
659 417 695 473 ἃ
735 418 905 472 παλαι
945 417 1254 482 ἐπεθύμουν,
1314 416 1404 470 ubi
1447 416 1840 472 emendandum
1885 426 1963 472 est
2005 422 2130 473 ἀλλ’
2171 421 2352 489 ε’φει-

369 511 600 576 μένοις
641 506 905 573 πραττειν.
986 505 1099 559 Non
1141 521 1297 576 saepe
1347 512 1576 575 parcunt
1634 506 1907 575 sequiores
1951 506 2194 562 Graeculi
2247 507 2352 562 sor-

368 599 473 652 mis
513 594 628 649 εἷκα
669 599 721 647 et
773 590 956 658 εἷμαι,
1009 595 1214 661 ἀφεῖκα
1240 634 1254 657 ,
1297 594 1522 661 ε’φεῖκα,
1566 599 1790 660 παρεῖκα
1845 601 1946 647 cet.
1990 603 2040 649 et
2081 598 2351 663 ἀφεῖμαι,

369 688 587 754 ε’φεῖμαι
611 724 625 747 ,
666 688 951 749 παρεῖμαι,
993 682 1205 746 ἀνεῖμαι
1251 688 1387 744 cet„
1425 697 1560 752 quae
1594 680 1718 734 olim
1758 680 2079 737 abierantin
2103 684 2350 738 desuem·

368 773 567 826 dinem.
651 770 852 823 Passim
897 770 1067 839 igitur
1115 769 1232 822 illas
1270 767 1470 822 formas
1507 769 1820 822 obscuratas
1860 786 1977 824 esse
2015 771 2352 826 animadver-

368 869 448 916 tes
487 866 540 913 et
593 856 850 911 confundi
895 857 1215 925 ἀφιέμενος,
1275 858 1538 924 ἀφέμενος
1593 863 1646 911 et
1705 857 1986 924 ἀφειμένος
2045 860 2351 932 similiaque

369 948 582 1004 omnia:
643 945 784 1000 unde
842 946 1194 1016 consequitur
1247 947 1418 999 nostri
1471 962 1587 1000 esse
1641 945 1838 1016 ubique
1889 946 2100 1000 arbitrii
2155 949 2351 1006 consti-

367 1045 523 1093 tuere
578 1050 714 1106 quae
755 1035 825 1087 sit
861 1051 986 1088 vera
1046 1037 1315 1104 scriptura
1370 1041 1423 1088 et
1482 1034 1679 1105 cuique
1732 1033 1846 1087 loco
1902 1036 2256 1100 convenienS‚
2297 1042 2351 1092 et

366 1127 628 1182 librorum
689 1122 871 1177 futiles
927 1122 1318 1193 discrepantias
1373 1124 1426 1176 in
1476 1121 1675 1176 talibus
1717 1122 1916 1193 negligi
1970 1130 2023 1177 et
2077 1126 2350 1178 contemni

365 1221 629 1287 oportere.
706 1212 791 1266 Nil
843 1212 1014 1283 igitur
1070 1228 1327 1266 curamus
1369 1211 1420 1266 h.
1452 1211 1490 1266 l.
1534 1211 1675 1283 quod
1733 1213 1788 1265 in
1842 1212 1994 1266 libris
2035 1220 2117 1267 est
2157 1221 2251 1269 aut
2291 1215 2347 1268 in

365 1303 587 1360 Iuntina
629 1308 722 1380 aut
765 1301 817 1353 in
859 1299 1090 1364 Aldina,
1142 1300 1338 1354 clamat
1380 1301 1494 1372 ipsa
1548 1300 1648 1354 loci
1691 1302 2005 1371 compositio
2045 1302 2347 1368 δεδιδαγμέ-
2434 1339 2436 1355 ;

365 1413 462 1453 νοις
503 1397 554 1446 et
606 1389 893 1458 ἐφειμένοις
936 1389 1078 1443 inter
1131 1405 1187 1442 se
1237 1389 1477 1460 opposita
1522 1405 1552 1442 a
1590 1388 1941 1460 Xenophonte
1990 1388 2116 1443 olim
2164 1389 2348 1446 fuisse.
2434 1371 2436 1382 ’

364 1482 534 1549 Quam
566 1479 636 1531 sit
672 1478 760 1530 illa
799 1475 1041 1531 confusio
1085 1475 1374 1548 frequens,
1417 1478 1495 1531 sic
1536 1477 1906 1532 demonstrare
1949 1478 2134 1543 iuvat,
2178 1487 2236 1534 ut
2273 1479 2348 1534 lo·
2407 1507 2411 1509 *

364 1586 455 1624 cos
492 1566 885 1638 complusculos
936 1562 1113 1619 adbuc
1165 1583 1226 1620 ea
1266 1565 1384 1619 labe
1436 1565 1656 1620 affectos
1710 1583 1972 1638 apponam
2023 1567 2348 1622 emendatio·
2431 1617 2436 1649 ἵ

361 1674 464 1713 reS.
547 1654 701 1727 Apud
760 1654 1068 1727 Lycurgum
1112 1654 1166 1706 in
1215 1654 1502 1709 Leocratea
1560 1657 1589 1725 ς
1635 1659 1726 1710 57.
1783 1655 2126 1709 scribendum
2183 1664 2263 1710 est
2300 1659 2343 1711 οἱ

360 1745 723 1816 ἀφειμένοι
781 1748 870 1798 τοῦ
926 1744 1300 1811 ςρατεύεσθαι,
1360 1759 1462 1796 non
1516 1743 1821 1812 ἀφιέμενοι,
1881 1744 2235 1815 similiterque
2287 1746 2344 1800 in

363 1839 392 1908 §
432 1840 520 1890 40.
575 1835 692 1894 τοὺς
734 1839 840 1892 τοῖς
881 1832 1112 1896 σώμασιν
1147 1831 1496 1899 ἀπειρηκότας
1538 1866 1610 1874 -
1651 1831 1739 1885 καὶ
1778 1832 1874 1886 ὑπὸ
1914 1838 2010 1885 τῶν
2052 1832 2215 1898 νόμων
2253 1837 2343 1888 τοῦ
2428 1837 2429 1879 ἶ

356 1923 692 1992 ςρατεύεσθαι
745 1921 1189 1989 ἀφειμένους,
1232 1938 1334 1973 non
1396 1920 1726 1989 ἀφιεμένους.
1781 1919 1975 1974 Contra
2016 1921 2071 1974 in
2113 1921 2343 1994 Philippi
2427 1910 2429 1929 ¹

355 2011 595 2085 Epistola
636 2009 776 2081 apud
821 2008 1095 2063 Demosth.
1139 2007 1286 2063 Orat.
1317 2009 1431 2063 Xll.
1480 2014 1565 2063 14.
1617 2025 1814 2080 repone
1853 2010 1927 2074 μὴ
1975 2009 2340 2076 προέμενος
2426 2001 2427 2009 ’

354 2102 407 2157 δὲ
442 2103 500 2156 τὸ
533 2099 715 2166 χωρίον
750 2114 844 2169 pro
870 2097 1192 2164 προειμένος,
1234 2104 1287 2151 et
1315 2097 1454 2168 apud
1492 2097 1763 2152 Demosth.
1808 2095 1952 2151 Orat.
1979 2097 2169 2151 XXlll.
2210 2102 2334 2153 157.

354 2190 472 2261 lege
514 2189 736 2243 πείθουσι
778 2187 866 2239 τὸν
898 2184 1228 2252 Ἀρτάβαζον
1274 2190 1362 2240 τοῦ
1415 2187 1510 2252 μὲν
1552 2187 1882 2253 τιμωρεῖσθαι
1923 2186 2009 2240 τὸν
2052 2187 2340 2254 Χαρίδημον

356 2278 659 2347 ἀφέσθαι
724 2274 847 2347 (non
908 2274 1220 2347 ἀφεῖσθαι),
1280 2277 1561 2332 ἀποςεῖλαι
1610 2275 1652 2329 δ’
1710 2274 2056 2338 ὑπόσπονδον,
2110 2275 2340 2331 mirifice

355 2368 499 2422 enim
545 2364 768 2418 πείθουσι
811 2363 1162 2432 coniungitur
1203 2379 1325 2416 cum
1372 2367 1619 2434 perfecto.
1701 2362 1803 2416 Sed
1848 2360 2142 2433 perfectum
2187 2364 2340 2418 resti·
2409 2414 2412 2419 .

356 2453 618 2510 tuendum
673 2457 753 2504 est
792 2451 844 2503 in
897 2450 1169 2504 Demosth.
1226 2448 1374 2504 Orat.
1418 2450 1548 2505 LlX.
1595 2455 1723 2507 104.
1777 2457 1882 2510 τοῖς
1924 2447 2050 2504 οὕτω
2106 2456 2337 2519 φανερῶς

351 2539 748 2606 ἐνδεδειγμένοις
789 2530 881 2600 τὴν
931 2538 1126 2592 εὔνοιαν
1170 2540 1240 2606 τῷ
1284 2540 1425 2607 δήμῳ
1481 2540 1567 2594 καὶ
1620 2538 2040 2607 προειμένοις
2081 2537 2336 2604 ἅπαντα,

355 2648 459 2686 non
505 2628 814 2696 προεμένοις.
894 2626 954 2680 In
999 2627 1250 2681 isocratis
1287 2627 1612 2681 Archidamo
1663 2630 1692 2698 §
1736 2631 1822 2682 74.
1877 2626 2032 2682 facile
2073 2623 2339 2699 intelliges

355 2725 450 2781 τῆς
489 2719 584 2784 μὲν
623 2715 820 2776 πόλεως
873 2715 1151 2783 ἀφέσθαι
1194 2715 1539 2771 scribendum
1577 2733 1727 2779 esse,
1783 2733 1886 2770 non
1934 2719 2217 2786 ἀφεῖσθαι,
2268 2718 2337 2771 si-

354 2807 666 2876 militerque
708 2807 737 2875 §
774 2807 862 2858 85.
918 2804 1222 2871 ἀφέσθαι
1273 2810 1366 2866 τῆς
1407 2805 1605 2865 πόλεως
1656 2807 2051 2871 τολμήσαιμεν,
2095 2805 2187 2858 uhi
2227 2803 2336 2860 fru·
2414 2861 2417 2867 ,

353 2903 468 2952 stra
514 2894 738 2949 Urbinas
789 2894 1039 2961 ἀφεῖσθαι
1090 2892 1312 2957 obtulit,
1369 2892 1508 2964 quod
1564 2910 1688 2946 cum
1744 2894 1902 2947 verbo
1957 2897 2163 2959 τολμάν
2212 2910 2334 2948 con·

355 2983 509 3054 iungi
563 2999 664 3035 non
722 2986 912 3052 potest.
993 2979 1053 3033 In
1107 2981 1347 3036 eiusdem
1401 2981 1646 3035 Antidosi
1710 2984 1738 3052 §
1786 2986 1873 3036 42.
1935 2983 2132 3042 ἐκείνως
2192 2982 2332 3047 ὑμᾶς
2388 2966 2415 3054 ’,Ξ

353 3077 586 3139 ἡγοῦμαι
629 3068 815 3136 τάχις·’
855 3069 920 3123 ἂν
957 3071 1297 3138 ἀφεῖσθαι
1339 3078 1432 3133 τῆς
1467 3069 1612 3133 δόξης
1649 3071 1875 3134 ταύτης,
1916 3071 2068 3123 video
2110 3070 2332 3124 novissi·
2411 3127 2413 3131 ,

355 3177 507 3217 mum
545 3157 818 3213 Editorem
857 3156 1130 3211 Urbinatis
1177 3159 1558 3212 auctoritatem
1599 3175 1791 3212 ausum
1841 3175 1957 3212 esse
1993 3174 2246 3229 spernere
2280 3165 2334 3213 et
2410 3171 2413 3181 ⁴

353 3266 536 3305 veram
575 3246 857 3300 lectionem
897 3245 1127 3312 ἀφέσθαι
1170 3246 1424 3316 recipere.
2408 3300 2411 3309 ,

428 3337 562 3391 Utar
603 3350 777 3397 nunc,
818 3339 878 3387 ut
921 3332 1094 3396 soleo,
1135 3333 1407 3387 nonnullis
1444 3333 1712 3406 Symposii
1764 3333 1926 3398 lociS,
1979 3351 2043 3388 ex
2095 3350 2329 3406 quorum
2407 3328 2409 3379 ἑ

351 3423 754 3497 comparatione
804 3421 907 3475 loci
968 3420 1185 3491 quidam
1229 3421 1454 3474 aliorum
1505 3422 1558 3474 in
1612 3422 1884 3492 integrum
1946 3424 2163 3477 restitui
2213 3439 2330 3493 poss
2406 3443 2410 3494 ς

353 3516 478 3569 sint.
560 3509 708 3578 Quod
751 3509 949 3582 legitur
986 3509 1039 3561 in
1095 3508 1280 3582 Symp.
1325 3509 1365 3563 I.
1411 3515 1496 3562 11.
1553 3511 2018 3576 συνεσκευασμένος
2059 3511 2111 3566 δὲ
2154 3516 2329 3579 παρεῖ-

348 3624 431 3657 ναι
469 3600 568 3669 ἔφη
604 3597 783 3654 πάντα
825 3598 1136 3661 τάπιτήδεια
1187 3595 1282 3654 &ce
1336 3598 1552 3653 δειπνεῖν
1608 3599 1930 3668 τάλλότρια,
1985 3598 2321 3654 simillimum
2405 3628 2408 3636 ·
