2436 4068
0 3131 6 3276 l

1030 166 1132 215 777

92 311 272 384 utar),
331 327 434 365 non
474 313 516 364 οἱ
557 315 838 371 πλανῆται.
918 308 1168 372 scribae,
1226 306 1420 379 quibus
1476 307 1710 363 solemne
1771 311 1888 361 erat
1927 319 2063 361 πλα-

90 408 237 464 νῆται
278 406 332 453 et
370 398 558 452 audire
596 404 650 451 et
690 396 902 462 dicere,
955 397 1191 468 primum
1241 400 1496 450 accentus
1542 395 1599 448 in
1638 399 2061 450 ΠΛΑΝΗΤΩΝ

89 493 144 543 et
181 494 584 542 ΠΛΑΝΗΤΑΣ
633 501 792 555 prave
831 490 1086 556 ponentes
1123 500 1220 555 pro
1259 484 1533 547 πλανήτων
1572 489 1626 538 et
1675 481 1949 545 πλάνητας
1986 482 2063 535 vi·

90 575 223 630 tiose
252 579 527 635 πλανητῶν
562 579 616 626 et
656 574 930 636 πλανήτας
964 571 1357 626 describebant:
1400 570 1559 626 iidem
1595 571 1736 643 apud
1772 570 2060 626 Stohaeum

15 701 17 731 ε
85 661 267 717 Floril.
302 665 410 725 48,
451 664 522 715 64
571 667 626 715 et
670 665 811 722 105,
852 664 941 714 26.
1002 663 1269 720 mavia-sc
1324 659 1501 727 οὶςέρες
1563 658 1858 724 dederunt,
1918 656 2061 730 quod

14 799 15 802 ,
85 750 382 805 Meinekius
431 748 699 812 correxit,
756 748 945 803 deinde
990 755 1390 803 ΠΛΑΝΗΤΕΣ
1431 764 1642 818 quoque
1681 748 1734 801 in
1791 754 2058 810 πλανῆται

83 837 460 910 depravabant.
541 835 603 890 In
642 835 895 904 ἄνθρωπος
936 835 1173 898 πλάνης,
1231 836 1343 900 βίος
1391 835 1593 897 πλάνης
1633 843 1686 891 et
1725 837 1846 891 sim.
1888 834 2062 890 errari

83 926 140 980 in
179 925 332 979 libris
369 941 475 979 non
528 923 693 979 solet:
748 924 1012 987 πλάνητες
1063 939 1274 995 quoque
1315 923 1739 997 (nonnumquam
1796 929 2062 986 πλανῆτες

81 1014 343 1086 scriptum
366 1055 382 1077 ,
421 1020 532 1067 tam
565 1029 727 1084 prave
767 1029 829 1068 ac
870 1013 916 1067 si
950 1013 1071 1084 quis
1105 1016 1321 1072 πενῆτες
1361 1011 1518 1066 vellet
1559 1012 1813 1085 scribere)
1857 1012 2058 1084 passim

80 1103 199 1158 sine
235 1101 428 1156 mendo
467 1101 670 1156 evasit:
725 1101 904 1172 itaque
945 1099 1091 1154 nulla
1124 1105 1205 1154 est
1244 1098 1508 1154 dubitatio
1548 1101 1678 1171 quin
1720 1100 1775 1154 in
1817 1100 2055 1155 Platonis

78 1189 195 1245 loco
235 1189 302 1245 de
355 1190 485 1261 Rep.
525 1189 590 1243 11.
645 1206 693 1261 p.
731 1190 856 1243 571.
896 1189 969 1243 D:
1027 1189 1144 1249 τοὺς
1195 1189 1248 1243 δὲ
1301 1190 1665 1252 πλανήτας
1706 1188 1791 1243 ἐπὶ
1827 1189 1926 1250 τοὶς
1968 1188 2058 1243 πό-

79 1292 189 1340 λεις
227 1278 474 1346 ἐμπόρους
511 1282 807 1343 καλοῦμεν,
861 1293 986 1332 vera
1027 1277 1298 1348 scriptura
1337 1278 1407 1331 sit
1449 1276 1724 1340 πλάνητας
1748 1320 1763 1340 ,
1808 1283 1861 1332 et
1894 1275 2059 1331 semel

83 1366 455 1422 animadversa
496 1365 676 1420 mendi
714 1365 920 1436 origine
977 1364 1276 1430 πλάνητες,
1327 1366 1640 1430 πλανήτων,
1683 1372 1784 1422 cet.
1828 1366 1884 1420 in
1924 1365 2061 1420 anti-

80 1472 310 1527 quorum
354 1454 505 1509 libris
544 1453 743 1526 ubique
782 1454 967 1526 reponi
1009 1460 1266 1526 oporteat.

153 1543 467 1598 Notavimus
514 1543 622 1597 iam
675 1540 802 1596 alibi
849 1541 914 1597 de
965 1543 1186 1614 antiquo
1239 1540 1398 1598 verbo
1451 1549 1749 1597 ΜΑΛΚΙΩ
1808 1542 2057 1609 μαλκίω,

79 1634 137 1688 in
176 1649 281 1705 quo
318 1631 513 1703 ubique
557 1630 795 1685 vitiando
848 1630 1150 1685 scribarum
1192 1631 1337 1686 natio
1391 1631 1738 1703 conspiravit.
1816 1630 2059 1703 Namque

78 1727 174 1777 aut
209 1725 448 1787 μαλκιῶ,
488 1724 759 1785 μαλκιῶν,
800 1725 1081 1784 μαλκιῶσα
1121 1718 1248 1773 dare
1289 1718 1460 1774 solent
1499 1737 1593 1792 pro
1630 1718 1839 1786 μαλκίω
1863 1761 1877 1784 ,
1914 1733 2059 1786 μαλ-

80 1810 227 1875 κίων,
266 1809 602 1876 μαλκίουσα,
662 1806 866 1882 (eodem
906 1807 1105 1862 erroris
1157 1823 1352 1878 genere
1397 1825 1502 1879 quo
1549 1811 1773 1874 μηνιοῖν,
1827 1813 2056 1874 μηνιῶν,

79 1901 313 1966 μηνιῶσα
353 1896 691 1969 sequioribus
732 1897 932 1950 usitata
972 1903 1097 1950 sunt
1132 1912 1229 1968 pro
1266 1897 1497 1962 μηνίειν,
1536 1896 1724 1963 μηνίων
1748 1938 1762 1959 ,
1805 1897 2058 1963 μηνίουσα

80 1986 476 2059 antiquorum),
516 1991 639 2048 aut,
681 1986 833 2056 quasi
862 2001 892 2038 a
920 1984 1163 2050 μαλακός
1194 1983 1422 2039 formata
1442 1983 1640 2049 forent,
1675 2006 1711 2039 α
1744 1985 1810 2040 de
1849 2002 1945 2040 suo
1976 1986 2057 2040 in-

81 2083 271 2132 serunt
305 2079 550 2142 μαλακιῶ
592 2073 886 2129 scribentes
926 2081 978 2128 et
1016 2078 1288 2140 μαλακιῶν
1324 2080 1377 2128 et
1411 2078 1746 2140 μαλακιῶσα.
1804 2073 1916 2128 Non
1959 2074 2057 2128 mi·

81 2165 287 2221 raberis
322 2165 491 2236 igitur
524 2163 584 2216 V.
628 2166 679 2217 2.
733 2163 787 2216 in
828 2161 981 2216 libris
1038 2178 1153 2216 esse
1213 2167 1660 2227 μαλακιῶσαι
1721 2162 1819 2223 τοὶς
1877 2167 2055 2232 ῥῖνας,

81 2271 180 2310 nec
233 2252 478 2325 probabis
518 2251 611 2325 qui
662 2255 959 2317 μαλκιῶσαι
1015 2256 1310 2322 reponunt,
1371 2267 1495 2305 nam
1545 2251 1860 2317 μαλκίουσαι
1902 2251 2062 2308 unice

82 2359 268 2399 verum
309 2348 407 2397 est.

157 2431 359 2486 Iterum
402 2436 556 2485 vetus
597 2426 766 2483 forma
813 2428 991 2483 Attica
1036 2427 1255 2500 expulsa
1293 2435 1374 2484 est
1411 2427 1501 2483 IV.
1545 2433 1610 2484 6:
1653 2430 1704 2483 ἐν
1743 2428 1916 2491 τόποις
1970 2436 2055 2498 ψι-

81 2527 226 2584 λοῖς,
267 2518 469 2587 ξηροῖς,
525 2517 920 2585 προσηλίοις
980 2520 1070 2571 τοῦ
1128 2515 1282 2585 ἄςρου
1324 2516 1549 2579 ἐπιόντος
1574 2559 1587 2581 ,
1626 2524 1678 2572 et
1719 2518 1781 2572 V.
1824 2521 1890 2572 9:
1932 2514 2056 2573 ὅταν

82 2613 177 2678 μὲν
211 2608 240 2677 ᾖ
277 2609 430 2677 ψύχη
465 2609 516 2662 ἐν
550 2607 802 2668 εὐδιεινοῖς
826 2648 839 2670 ,
891 2603 1015 2660 ὅταν
1055 2606 1106 2660 δὲ
1147 2606 1402 2672 καύματα
1447 2607 1498 2659 ἐν
1539 2606 1829 2667 παλισκίοις
1852 2648 1866 2670 ,
1905 2608 1964 2661 τὸ
2003 2608 2057 2662 δὲ

81 2700 170 2768 ἔαρ
209 2698 296 2753 καὶ
348 2699 407 2752 τὸ
458 2684 764 2765 Φθινόπωρον
821 2695 872 2748 ἐν
930 2695 1346 2761 προσηλίοις.
1430 2694 1719 2767 Xenophon
1778 2694 2062 2769 utrobique

83 2788 372 2859 scripserat
426 2785 705 2854 προσείλοις
763 2799 857 2854 pro
916 2782 1219 2849 προσηλίοις.
1302 2783 1548 2837 Diximus
1602 2782 1667 2838 de
1715 2799 1776 2838 ea
1830 2783 2055 2839 solemni

81 2874 390 2932 confusione
431 2873 536 2928 iam
578 2879 751 2927 antea.
831 2871 996 2926 Attici
1051 2869 1190 2934 εἵλην
1230 2872 1356 2926 solis
1395 2881 1595 2926 aestum
1646 2871 1943 2944 appellant,
2001 2880 2055 2927 et
2129 2873 2133 2877 ’

78 2965 208 3021 bino
265 2962 476 3026 ἅειλος,
533 2961 724 3021 εὔειλος
760 2966 813 3015 et
849 2959 1112 3027 πρόσειλος
1167 2958 1497 3026 formabant,
1558 2961 1753 3033 quibus
1808 2962 2056 3016 Graeculi

79 3055 255 3118 ἆήλιος
307 3051 646 3107 substituunt
685 3055 738 3103 et
775 3049 972 3112 εὐήλιος
1006 3054 1059 3103 et
1095 3050 1392 3117 προσήλιος,
1446 3065 1848 3120 nonnumquam
1891 3050 2053 3104 etiam

78 3142 231 3216 peius
279 3140 544 3208 πρόσηλος.
643 3136 939 3210 Aeschylus
992 3152 1157 3207 quum
1211 3136 1436 3192 dixisset
1489 3138 1540 3191 in
1604 3136 1918 3191 Prometheo
1978 3154 2054 3191 νε.

81 3234 223 3287 449:

307 3315 421 3371 οὔτε
462 3315 765 3382 πλινθυφεῖς
803 3313 811 3388 Ι
845 3313 1024 3380 δόμους
1064 3316 1467 3381 προσείλους
1509 3312 1710 3381 ᾖσαν,

0 3367 4 3387 .

0 3411 4 3415 ’
83 3405 287 3461 librarii
326 3403 589 3458 dederunt
632 3405 911 3471 προσήλους
953 3410 1006 3458 et
1055 3400 1196 3466 ἴσαν,
1239 3402 1433 3474 quibus
1488 3402 1539 3454 in
1595 3417 1655 3454 ca
1709 3416 1766 3454 rc
1821 3404 2052 3455 tantum-

84 3493 202 3551 dem
246 3492 442 3564 ubique
481 3490 823 3547 credendum.

166 3581 365 3636 Vitiosa
406 3579 575 3636 forma
615 3586 696 3635 est
737 3597 872 3651 quac
922 3579 1118 3651 legitur
1154 3580 1240 3635 VI.
1284 3584 1386 3633 20:
1445 3579 1564 3645 πρὸς
1618 3579 1669 3632 δὲ
1722 3583 1825 3638 τοῖς
1874 3575 2055 3637 ἄλλοις
