2436 4068
1057 250 1156 299 175

485 397 774 462 ἁλεκτρυὼν
815 394 1126 462 τρεφόμενος
1166 393 1230 446 ἂν
1269 394 1357 460 ἐφ’
1394 389 1611 458 ἑσπέρας

486 484 614 552 ᾄσῃ,
652 483 898 548 τιθέμενοι
936 487 1085 536 τοῦτο
1125 480 1336 547 σημεῖόν
1374 500 1539 543 τινες,

109 572 199 629 ubi
234 587 419 626 verum
464 587 580 626 esse
625 571 900 640 suspicor:
940 569 1184 634 τιθέμεθα
1222 573 1372 623 τοῦτο
1407 565 1619 633 σημεῖόν
1667 586 1834 630 τινος,
1882 575 2086 638 porten-

106 662 227 716 dere
267 660 361 713 lzoc
398 658 600 730 aliquid
635 658 909 712 credimus,
989 658 1118 710 Bion
1156 656 1530 730 Borysthenita
1561 654 1703 726 apud
1734 654 1996 710 eundem:
2037 656 2093 710 τί

106 750 160 804 δὲ
196 749 284 803 καὶ
324 749 589 812 θαυμαςὸν
627 748 670 800 εἰ
713 747 735 799 ὃ
772 749 876 811 μῦς
915 747 1002 799 τὸν
1050 745 1267 799 θύλακον
1320 744 1587 811 διέτραγεν
1633 746 1736 812 οὐχ
1785 744 1933 811 εὑρὼν
1979 741 2010 797 ὅ
2040 765 2089 798 τι

107 836 279 907 φάγῃ.
359 839 676 903 Διατρώγειν
718 833 848 887 baec
893 849 1077 886 mures
1113 832 1315 895 solent,
1357 849 1459 885 non
1503 833 1762 895 διεσθίειν,
1803 831 1896 886 sed
1937 849 2093 903 saepe

106 923 215 979 vidi
250 925 552 991 διατραγεῖν
583 930 637 977 et
671 924 959 989 διαφαγεῖν
992 921 1135 974 inter
1176 936 1232 974 se
1261 920 1588 991 permutari,
1626 920 1879 990 quoniam
1917 921 1969 973 in
2007 937 2092 975 ve-

107 1020 284 1067 terum
327 1011 586 1066 Codicum
635 1011 907 1082 scriptura
948 1014 994 1079 φ
1041 1015 1094 1063 et
1138 1028 1196 1076 τρ
1235 1007 1510 1061 simillimo
1554 1006 1724 1061 ductu
1774 1016 2088 1066 exarantur.

103 1099 382 1156 Manifesta
443 1116 529 1154 res
579 1106 662 1152 est
707 1099 762 1151 in
818 1099 983 1152 Dione
1031 1097 1210 1151 Cassio
1242 1095 1455 1150 LXXII.
1500 1099 1588 1148 21.
1644 1094 1836 1164 φύλλα
1890 1096 2092 1167 δάφνης

102 1188 261 1249 αὐτός
300 1209 359 1242 τε
405 1188 734 1256 διέφαγον
778 1186 867 1241 καὶ
914 1186 1034 1247 τοὺς
1070 1183 1267 1245 ἄλλους
1312 1184 1430 1245 τοὺς
1473 1184 1688 1246 πλησίον
1730 1203 1829 1248 μου
1868 1186 2091 1251 καθημέ·

102 1297 213 1338 νους
264 1278 666 1344 διατραγεῖν
715 1275 940 1339 ἔπεισα,
993 1290 1117 1328 nam
1162 1272 1286 1344 quis
1326 1271 1595 1326 dubitabit
1646 1273 1779 1343 quin
1828 1273 2094 1340 διέτραγον

104 1371 251 1422 recte
291 1366 363 1420 sit
410 1363 778 1420 emendatum.
857 1362 1006 1417 Idem
1046 1362 1241 1415 vitium
1289 1362 1399 1416 ὁδοῦ
1441 1360 1695 1428 πάρεργον
1738 1360 1821 1414 bis
1867 1378 1932 1415 ex
1968 1362 2095 1416 Plu-

104 1453 292 1509 tarcbo
342 1454 506 1509 eximi
560 1453 790 1525 poterit:
845 1452 901 1505 in
956 1449 1203 1505 Marcello
1249 1467 1364 1522 cap.
1410 1449 1650 1504 XXVIII.
1710 1449 1861 1504 ἄλλα
1912 1451 2093 1504 πολλοὶ

101 1549 298 1608 σημεῖα
336 1541 619 1608 ἐτάραττον
657 1541 814 1595 αὐτὸν
860 1540 948 1594 καὶ
991 1539 1121 1606 μύες
1162 1540 1249 1594 τὸν
1290 1539 1342 1592 ἐν
1384 1538 1505 1598 Διὸς
1557 1538 1748 1606 χρυσὸν
1794 1539 2092 1608 διαφαγόν-

102 1652 207 1692 τες.
288 1628 464 1684 Mures
502 1631 557 1683 in
595 1630 721 1684 aede
778 1628 918 1683 Iovis
955 1645 1146 1682 aurum
1184 1626 1375 1680 rosisse
1430 1625 1621 1680 scribit
1657 1626 1841 1681 Livius
1874 1627 2092 1682 XXVII.

102 1722 206 1783 25,
245 1717 471 1774 emenda
507 1724 689 1772 autem
729 1716 1135 1785 διατραγόντες,
1177 1721 1231 1769 et
1270 1715 1327 1768 in
1364 1713 1510 1788 Sylla
1554 1731 1669 1787 cap.
1703 1715 1823 1771 Vll.
1865 1722 2005 1781 μυῶν
2039 1717 2091 1771 ἐν

98 1810 212 1876 ἱερῷ
252 1808 441 1876 χρυσὸν
489 1807 824 1871 ἀνακείμενον
866 1803 1263 1874 διαφαγόντων,
1307 1803 1416 1856 imo
1451 1803 1848 1870 διατραγόντων.
1933 1803 2093 1860 Obse-

101 1913 275 1969 quens
313 1911 428 1967 cap.
463 1898 552 1948 79.
629 1894 923 1948 Frusinone
960 1910 1149 1947 aurum
1187 1909 1394 1946 sacrum
1430 1909 1606 1945 mures
1637 1892 1958 1948 adroserunt.
2003 1893 2092 1948 Sic

103 1986 275 2056 igitur
311 1982 455 2055 apud
490 1981 919 2054 Theophrastum
956 1985 1059 2046 μῦς
1100 1981 1238 2035 οὐδὲν
1278 1978 1403 2034 ἄλλ’
1445 1978 1612 2048 ἔχων,
1653 1982 1755 2048 οὐχ
1791 1982 1938 2048 εὑρὼν
1973 1979 2005 2035 δ’
2039 2003 2090 2037 τι

100 2073 291 2142 φάγῃ,
332 2072 523 2126 rosisse
561 2069 765 2124 dicitur
809 2087 912 2124 non
954 2070 1172 2124 θύλακον
1210 2069 1453 2137 ἀλφίτων
1497 2066 1696 2141 (μεςόν)
1739 2068 1830 2122 sed
1870 2069 2089 2125 θύλακον

98 2162 388 2230 ἄλφιτηρὸν
429 2158 631 2234 (κενόν).
712 2158 788 2213 De
824 2158 938 2229 ipsa
979 2157 1153 2212 forma
1182 2155 1472 2224 αλφιτηρός
1513 2172 1619 2210 non
1655 2159 1961 2227 αλφιτήριος
2003 2176 2090 2214 ne·

99 2251 302 2306 minem
345 2247 722 2302 dubitaturum
758 2262 876 2301 esse
910 2244 1161 2299 arbitror.

173 2338 235 2393 ln
269 2334 641 2407 Aristophanis
678 2333 794 2388 loco
833 2332 976 2406 apud
1015 2332 1144 2387 Poll.
1181 2332 1294 2388 VII.
1341 2337 1408 2387 15
1449 2332 1701 2404 legerim:

474 2422 712 2491 κρατιςον
753 2426 874 2488 ἡμῖν
907 2423 980 2483 εἷς
1013 2422 1072 2476 τὸ
1106 2429 1322 2484 Θησεῖον
1356 2423 1594 2489 δραμεῖν,

478 2514 588 2567 ἐκεῖ
620 2512 664 2566 δ’
698 2510 791 2573 ἕως
831 2511 896 2566 ἂν
931 2515 1119 2580 πρᾶο-ιν
1157 2508 1379 2577 εὕρωμεν
1418 2509 1605 2576 μένειν.

31 2627 33 2630 ·
95 2600 236 2676 quod
290 2600 471 2658 editur
518 2600 629 2667 ἐμοὶ
672 2599 683 2676 Ι
725 2599 964 2668 κρατιςόν
1016 2600 1121 2656 ἐςιν
1174 2616 1279 2653 non
1326 2599 1456 2653 satis
1499 2598 1634 2654 bene
1674 2601 1923 2655 convenit
1964 2618 2090 2657 cum

51 2683 62 2754 ἕ
98 2693 284 2760 πρᾶσιν
323 2689 562 2759 εὕρωμεν.
622 2689 931 2745 Deliberant
971 2689 1115 2743 inter
1153 2705 1210 2743 se
1244 2687 1444 2743 servuli
1477 2686 1543 2743 de
1583 2686 1709 2760 fuga
1746 2690 2086 2762 capessenda.

28 2769 102 2836 31)
174 2777 318 2834 Satis
362 2778 488 2833 alibi
541 2777 1032 2833 demonstravimus
1073 2794 1175 2831 non
1230 2776 1512 2844 κέχρισμαι
1553 2784 1608 2831 et
1647 2779 1855 2846 χρίσμα
1890 2778 2090 2835 dixisse

29 2851 63 2881 ⁴·
99 2864 318 2923 Veteres
344 2909 358 2932 ,
414 2874 474 2923 ut
514 2868 803 2935 πέπρισμαι
845 2873 900 2920 et
937 2867 1142 2933 πρίσμα
1169 2907 1184 2931 ,
1239 2881 1568 2938 quamquam
1605 2872 1660 2920 et
1692 2867 1817 2934 πρίω
1855 2868 2088 2940 priorem

30 2959 38 3010 ζ
99 2953 376 3028 producit,
418 2954 511 3010 sed
544 2955 794 3023 κέχριμαι
840 2960 894 3009 et
929 2961 1134 3023 χρῖμα,
1176 2961 1236 3008 ut
1275 2951 1541 3019 κεκόνιμαι
1589 2960 1643 3009 et
1686 2956 1909 3023 μήνιμα.
1989 2958 2085 3013 De·

25 3081 58 3118 ⁴2>
99 3042 451 3118 prehenditur
483 3044 652 3115 igitur
692 3042 840 3097 fraus
879 3041 1264 3098 Graeculorum
1306 3043 1359 3096 in
1396 3040 1600 3098 verbis:

478 3134 501 3187 ὁ
535 3133 579 3187 δ’
612 3128 679 3186 αὖ
721 3130 1046 3199 Σοφοκλέους
1080 3135 1171 3186 τοῦ
1209 3130 1386 3197 μέλιτι
1427 3132 1767 3200 κεχρισμένου

474 3219 642 3288 ὥσπερ
675 3220 918 3275 καδίσκου
957 3220 1250 3289 περιέλειχε
1282 3220 1341 3275 τὸ
1374 3220 1547 3285 cossam,

97 3317 237 3381 qnae
274 3325 338 3364 ex
378 3308 733 3381 Aristophane
776 3307 933 3364 alfort
966 3308 1064 3363 Dio
1102 3307 1515 3382 chrysostomus
1547 3308 1613 3365 11.
1655 3326 1705 3382 p.
1730 3313 1855 3366 275.
1928 3310 2084 3364 Dioni

102 3393 180 3452 ίιι
227 3396 420 3452 licebat
462 3396 677 3461 dicere,
728 3396 1030 3465 κεχριμένον
1085 3395 1223 3451 dixit
1278 3396 1696 3470 Aristophanes,
1754 3405 1811 3453 ut
1867 3398 2083 3470 Magnes

102 3479 310 3540 dixerat
347 3485 488 3558 apud
531 3484 722 3541 Athen.
765 3502 816 3557 p.
847 3488 973 3540 690.
1016 3502 1062 3539 c.

475 3575 739 3629 λούσαντα
778 3575 858 3629 δεῖ
887 3574 974 3628 καὶ
1008 3572 1286 3644 βακκάριδι
1320 3575 1636 3645 κεχριμένον.

98 3665 153 3715 et
185 3660 426 3718 Eubulus
474 3661 660 3719 Athen.
706 3679 754 3734 p.
794 3666 917 3717 657.
962 3661 995 3715 s.
