2436 4068
1357 239 1457 287 166

728 389 814 440 οὐκ
857 385 967 440 ἐ’ςαι
991 423 1004 446 ,
1045 380 1322 447 κενέβρειον
1361 379 1484 434 ὅταν
1525 382 1672 449 &zio-344·
1710 403 1790 444 τι,
1833 393 2011 438 καλεῖν
2049 405 2137 448 με.

420 472 610 528 Risum
648 479 821 528 movet
862 470 1138 536 κενέβρειον
1174 469 1336 523 θύεινε
1380 467 1765 521 eiusdemmodi
1801 478 1881 522 est
1921 471 2059 541 quod
2101 471 2240 543 apud
2280 473 2396 528 Hic·

418 561 615 616 roclem
658 558 1009 628 σχολαςικός,
1065 556 1298 628 lepidum
1351 563 1547 626 caput,
1600 572 1830 626 coquum
1885 558 2067 613 iubet:
2121 558 2272 614 ἕωλόν
2313 582 2398 626 μοι

416 648 541 717 ὄρνιν
578 645 905 715 ἀπόσφαξον.
984 644 1181 699 Natum
1223 651 1302 698 est
1343 643 1444 698 ἔσθ’
1493 640 1528 712 ᾧ
1577 660 1641 698 ex
1686 652 1931 707 ΕΣΘΩ,
1986 646 2125 717 quod
2179 649 2398 702 sanissi-

417 752 565 790 mum
608 751 722 789 esse
763 733 1027 804 intelliges
1062 733 1106 786 si
1148 748 1358 786 mecum
1400 732 1772 803 rescripseris:

719 824 809 876 οὐκ
849 820 971 876 ἔσθω
1012 821 1324 888 κενέβρειον,
1363 818 1486 874 ὅταν
1524 821 1672 889 odo-¹145
1714 842 1763 875 τι
1803 821 1954 875 κάλει
1997 843 2084 887 με.

491 909 635 964 Nihil
670 909 976 964 offensionis
1021 907 1178 962 habet
1216 907 1386 962 forma
1429 908 1702 978 antiquior
1740 907 1862 963 ἔσθω
1906 926 2000 980 pro
2040 909 2182 963 ἐσθίω
2231 910 2398 980 posita

416 999 471 1052 in
513 997 776 1071 dactylico
833 1013 1023 1061 versu,
1081 997 1173 1067 qui
1231 1003 1323 1050 aut
1365 1013 1394 1050 e
1439 1004 1616 1050 vetere
1664 1003 1816 1066 poeta
1871 1004 2084 1050 sumtus
2134 1004 2249 1060 est,
2305 1005 2398 1052 aut

417 1086 499 1160 (ut
538 1085 778 1157 plerique
824 1084 1122 1139 hexametri
1170 1084 1223 1137 in
1265 1082 1564 1156 Comoedia)
1618 1083 1684 1137 ad
1723 1085 1981 1137 carminis
2027 1085 2179 1155 Epici
2225 1101 2396 1139 exem-

415 1174 563 1246 plum
617 1173 984 1228 adumbratus
1066 1171 1168 1226 Sed
1214 1188 1279 1225 ne
1332 1171 1386 1224 in
1430 1173 1656 1226 senariis
1707 1171 1922 1242 quidem
1964 1173 2160 1226 Comici
2204 1174 2397 1244 priscis

415 1260 602 1316 formis
641 1261 764 1316 ἔσθω
802 1268 855 1315 et
890 1261 980 1314 ἔδω
1023 1258 1378 1314 abstinebant.
1459 1259 1684 1313 Alcaeus
1724 1259 1915 1313 Athen.
1961 1277 2010 1331 p.
2050 1264 2158 1315 516
2201 1262 2254 1314 C.

792 1348 881 1403 ἔδω
925 1349 969 1402 ’δ’
1004 1347 1228 1412 ἐμαυτὸν
1268 1345 1436 1414 ὥσπερ
1472 1349 1784 1408 πουλύπους.

411 1444 467 1492 et
507 1436 833 1509 Philippides
877 1434 1070 1491 Athen.
1115 1452 1166 1506 p.
1204 1439 1330 1490 250.
1369 1436 1429 1490 A.

790 1521 915 1578 ὅταν
949 1524 1317 1591 ἀπορουμένους
1358 1523 1454 1588 μὲν
1488 1524 1770 1589 ἀνθρώπους
1810 1522 1896 1577 ἴδω

791 1611 1072 1679 ἐλευθέρους
1096 1652 1109 1675 ,
1148 1611 1410 1676 μαςιγίας
1447 1611 1490 1664 δ’
1525 1611 1608 1664 ἐπ’
1648 1613 1868 1677 ἀργυροῦ

789 1701 998 1760 πίνακος
1038 1697 1256 1763 ἄγοντος
1294 1701 1429 1764 μνοῖν
1471 1698 1685 1766 τοέριχον
1721 1698 1878 1751 ε’νίοτε

790 1787 919 1841 δυοῖν
949 1787 1150 1852 ὀβολοῖν
1190 1785 1426 1848 ἔσθοντας
1467 1786 1495 1849 ἢ
1539 1785 1839 1853 τριωβόλου.

488 1877 769 1931 Caeterum
811 1874 951 1946 quod
1007 1873 1348 1945 Aristophani
1408 1875 1748 1929 restituimus
1795 1876 1885 1928 οὐκ
1939 1872 2061 1927 ἔσθω
2116 1874 2395 1942 κενέβρειον

413 1971 509 2036 per
549 1981 603 2018 se
656 1964 830 2035 ipsum
887 1969 997 2017 tam
1041 1963 1340 2033 appositum
1389 1969 1470 2017 est
1510 1968 1563 2015 et
1604 1960 1855 2025 evidens,
1913 1968 1971 2016 ut
2015 1961 2233 2016 verbum
2286 1980 2395 2017 am-

413 2052 555 2125 plius
592 2050 787 2106 addere
827 2068 929 2104 non
968 2052 1038 2104 sit
1078 2067 1226 2123 opus,

489 2141 630 2195 Bene
676 2139 1074 2193 constituerunt
1127 2138 1268 2195 docti
1315 2137 1565 2192 >homines
1613 2136 1845 2193 facetum
1901 2137 2270 2211 Aristophanis
2316 2156 2394 2194 sc·

411 2227 629 2282 ‘narium
675 2226 815 2298 apud
855 2226 1123 2282 Pollucem
1158 2227 1245 2281 VI.
1288 2230 1376 2280 51.

793 2315 877 2368 τὸν
917 2319 1136 2383 Πειραιοῖ
1177 2315 1228 2368 δὲ
1268 2315 1342 2380 μὴ
1380 2313 1673 2379 κεναγγίαν
1713 2312 1864 2378 ἄγειν
1888 2354 1904 2376 ,

415 2401 557 2475 quod
610 2401 814 2456 dictum
864 2409 944 2456 est
995 2410 1057 2456 ut
1105 2403 1273 2470 ἑορτὴν
1314 2400 1490 2467 ἄγειν,
1538 2409 1591 2456 et
1650 2400 2098 2472 quemadmodum
2155 2402 2393 2456 rusticus

415 2491 503 2546 ille
543 2490 684 2562 apud
727 2489 1152 2562 Theophrastum
1194 2490 1392 2561 rogitat
1434 2491 1487 2543 in
1544 2488 1789 2543 Charact.
1833 2505 1947 2560 cap.
1986 2489 2057 2542 IV
2096 2491 2138 2543 εἶ
2178 2491 2392 2557 σήμερον

413 2581 438 2633 ὃ
483 2581 624 2644 ἁγὼν
664 2579 934 2644 νουμηνίαν
978 2578 1129 2644 ἄγει,
1173 2585 1224 2633 et
1274 2577 1511 2634 ἄπας-ίαν
1556 2576 1706 2642 ἄγειν
1744 2577 1797 2630 in
1847 2576 2088 2630 Nubibus
2145 2594 2219 2631 vs.
2263 2581 2392 2634 621.

415 2668 476 2722 In
526 2666 677 2721 codd.
718 2673 799 2720 est
851 2668 938 2722 τὸν
991 2668 1226 2735 πειραιέα
1271 2682 1452 2721 errore
1498 2672 1608 2719 tam
1662 2664 1974 2736 pervulgato
2014 2681 2174 2735 quam
2224 2666 2394 2718 mani·

415 2754 550 2809 sesto
577 2796 589 2819 ,
646 2760 699 2808 et
738 2760 916 2809 tamen
959 2762 1170 2827 praeter
1208 2761 1391 2826 poetas
1438 2770 1622 2808 omnes
1663 2753 1903 2806 omnium
1951 2752 2211 2807 editiones
2257 2752 2391 2806 obsi·
2430 2795 2434 2799 .

415 2842 521 2898 det.
599 2841 743 2896 Nihil
783 2849 956 2914 potest
1002 2860 1116 2898 esse
1154 2843 1355 2898 certius
1395 2858 1556 2913 quam
1610 2840 1871 2912 quidquid
1913 2841 1967 2894 in
2003 2841 2166 2903 -αιεύς
2190 2884 2205 2904 ,
2259 2841 2390 2903 -ιεύς

415 2937 470 2986 et
518 2931 650 2991 -οεύς
706 2938 858 2985 exeat
912 2937 1168 3002 perpetuo
1224 2931 1278 2984 in
1338 2930 1552 2985 casibus
1612 2929 1842 3001 obliquis
1902 2928 2150 2983 contrahi
2208 2927 2436 2991 solere„-

415 3018 621 3072 Passim
663 3017 718 3070 id
755 3025 960 3073 veteres
995 3018 1241 3088 magistri
1273 3018 1546 3073 inculcant
1583 3016 1674 3072 sed
1709 3017 1976 3088 praevalet
2011 3015 2180 3070 futilis
2213 3023 2391 3070 aucto·
2422 3064 2423 3067 ,

415 3106 549 3161 ritas
597 3104 892 3170 librorum,
953 3107 1007 3160 in
1049 3105 1243 3178 quibus
1293 3112 1484 3176 regnat
1535 3106 1727 3159 vitiosa
1786 3106 2093 3176 sequiorum
2139 3107 2387 3169 συνήθεια.

413 3194 591 3248 Testis
642 3200 723 3248 est
780 3193 1088 3264 Apollonius
1139 3194 1250 3262 περὶ
1302 3195 1557 3259 οὶντωνυμ.
1611 3211 1662 3265 p.
1704 3197 1809 3248 126
1861 3194 1916 3247 Β.
1995 3193 2220 3247 Ἀττικοὶ
2275 3196 2415 3259 an

416 3283 581 3348 βοᾶς
641 3281 796 3351 φασί.
876 3281 1069 3335 Editur
1107 3287 1288 3335 tamen
1345 3282 1581 3348 Εὐβοέας
1635 3281 1777 3353 apud
1827 3298 2027 3335 omneS.
2108 3279 2300 3334 Suidas
2338 3297 2389 3335 v.

414 3370 606 3438 Ἀτρέα
660 3387 724 3424 ex
763 3369 959 3422 -nescio
1018 3386 1122 3440 quo
1174 3369 1492 3440 descripsit:
1553 3369 1819 3443 (Ἀττικοὶ)
1870 3370 1967 3429 τὰς
2019 3367 2123 3421 απὸ
2171 3374 2269 3422 τῶν
2316 3369 2386 3428 εἷς

411 3458 521 3519 -εύς
555 3457 852 3517 αἰτιατικας
890 3458 1116 3523 καθαρὰς
1156 3462 1439 3524 συναιροῦσι
1479 3461 1642 3524 χοοῖ,
1681 3460 1946 3519 Μηλιᾶ,
1987 3458 2227 3509 Σουνιοῖ.
2309 3454 2384 3510 Si-

415 3546 564 3600 milia
630 3544 785 3599 multi
852 3542 943 3597 alii
1005 3544 1328 3610 admonent,
1390 3545 1584 3617 quibus
1639 3561 1794 3599 nemo
1853 3543 2134 3598 auscultat.
2233 3540 2385 3613 Apud

415 3650 598 3690 Omnes
638 3650 791 3705 saepe
839 3632 980 3703 leges
1019 3634 1292 3699 Μηλιέας,
1341 3634 1683 3697 Πλαταιέας,
1744 3633 2038 3697 Θεσπιέας,
2091 3630 2382 3690 Ἑςιαιέας,
