<?xml version="1.0" encoding="UTF-8"?>
<!DOCTYPE html PUBLIC "-//W3C//DTD XHTML 1.0 Transitional//EN"
    "http://www.w3.org/TR/xhtml1/DTD/xhtml1-transitional.dtd">
<html xmlns="http://www.w3.org/1999/xhtml" xml:lang="en" lang="en">
 <head>
  <title>
</title>
<meta http-equiv="Content-Type" content="text/html;charset=utf-8" />
  <meta name='ocr-system' content='tesseract 3.04.00' />
  <meta name='ocr-capabilities' content='ocr_page ocr_carea ocr_par ocr_line ocrx_word'/>
</head>
<body>
  <div class='ocr_page' id='page_1' title='image "./novaelectionesqu00cobeuoft/novaelectionesqu00cobeuoft_0720.png"; bbox 0 0 2436 4068; ppageno 0'>
   <div class='ocr_carea' id='block_1_1' title="bbox 1349 203 1456 254">
    <p class='ocr_par' dir='ltr' id='par_1_1' title="bbox 1349 203 1456 254">
     <span class='ocr_line' id='line_1_1' title="bbox 1349 203 1456 254; baseline 0 -1"><span class='ocrx_word' id='word_1_1' title='bbox 1349 203 1456 254; x_wconf 87' lang='grc'><strong>686</strong></span> 
     </span>
    </p>
   </div>
   <div class='ocr_carea' id='block_1_2' title="bbox 418 345 2436 2526">
    <p class='ocr_par' dir='ltr' id='par_1_2' title="bbox 419 345 2384 504">
     <span class='ocr_line' id='line_1_2' title="bbox 421 345 2384 420; baseline -0.001 -14"><span class='ocrx_word' id='word_1_2' title='bbox 421 352 556 413; x_wconf 83' lang='grc' dir='ltr'><em>νέος,</em></span> <span class='ocrx_word' id='word_1_3' title='bbox 600 351 645 404; x_wconf 76' lang='lat' dir='ltr'><strong>si</strong></span> <span class='ocrx_word' id='word_1_4' title='bbox 677 346 804 420; x_wconf 89' lang='lat' dir='ltr'><strong>quid</strong></span> <span class='ocrx_word' id='word_1_5' title='bbox 840 365 904 400; x_wconf 77' lang='lat' dir='ltr'><strong>ex</strong></span> <span class='ocrx_word' id='word_1_6' title='bbox 944 363 1023 399; x_wconf 87' lang='lat' dir='ltr'><strong>me</strong></span> <span class='ocrx_word' id='word_1_7' title='bbox 1052 353 1262 416; x_wconf 81' lang='lat' dir='ltr'><strong><em>quaeret</em></strong></span> <span class='ocrx_word' id='word_1_8' title='bbox 1292 345 1616 410; x_wconf 75' lang='lat' dir='ltr'><em>adolescens,</em></span> <span class='ocrx_word' id='word_1_9' title='bbox 1661 352 1714 401; x_wconf 91' lang='lat' dir='ltr'><strong>et</strong></span> <span class='ocrx_word' id='word_1_10' title='bbox 1753 350 1900 416; x_wconf 79' lang='lat'><strong>§57.</strong></span> <span class='ocrx_word' id='word_1_11' title='bbox 1941 348 2216 418; x_wconf 68' lang='grc' dir='ltr'><em>φυλάττου</em></span> <span class='ocrx_word' id='word_1_12' title='bbox 2251 348 2384 411; x_wconf 76' lang='grc' dir='ltr'><em>ὅπως</em></span> 
     </span>
     <span class='ocr_line' id='line_1_3' title="bbox 419 434 1395 504; baseline -0.007 -12"><span class='ocrx_word' id='word_1_13' title='bbox 419 439 494 504; x_wconf 69' lang='grc' dir='ltr'><strong>μὴ</strong></span> <span class='ocrx_word' id='word_1_14' title='bbox 538 472 604 480; x_wconf 92' lang='grc'><strong>-</strong></span> <span class='ocrx_word' id='word_1_15' title='bbox 647 436 990 498; x_wconf 76' lang='grc' dir='ltr'><em>ποιήσεις,</em></span> <span class='ocrx_word' id='word_1_16' title='bbox 1034 450 1129 504; x_wconf 88' lang='lat' dir='ltr'><strong>pro</strong></span> <span class='ocrx_word' id='word_1_17' title='bbox 1169 434 1395 502; x_wconf 64' lang='grc' dir='ltr'><em>ποιήσῃς.</em></span> 
     </span>
    </p>

    <p class='ocr_par' dir='ltr' id='par_1_3' title="bbox 421 520 2398 772">
     <span class='ocr_line' id='line_1_4' title="bbox 495 520 2398 595; baseline -0.001 -16"><span class='ocrx_word' id='word_1_18' title='bbox 495 525 555 579; x_wconf 84' lang='grc'><strong>111</strong></span> <span class='ocrx_word' id='word_1_19' title='bbox 604 527 632 594; x_wconf 78' lang='lat'>§</span> <span class='ocrx_word' id='word_1_20' title='bbox 676 527 764 577; x_wconf 73' lang='lat'><strong>42.</strong></span> <span class='ocrx_word' id='word_1_21' title='bbox 828 521 1039 575; x_wconf 89' lang='lat' dir='ltr'><strong>tandem</strong></span> <span class='ocrx_word' id='word_1_22' title='bbox 1078 520 1407 574; x_wconf 84' lang='lat' dir='ltr'><strong>intellectum</strong></span> <span class='ocrx_word' id='word_1_23' title='bbox 1447 529 1528 575; x_wconf 88' lang='lat' dir='ltr'><strong>est</strong></span> <span class='ocrx_word' id='word_1_24' title='bbox 1564 538 1688 576; x_wconf 88' lang='lat' dir='ltr'><strong>vere</strong></span> <span class='ocrx_word' id='word_1_25' title='bbox 1723 523 2003 577; x_wconf 84' lang='lat' dir='ltr'><strong>Reiskium</strong></span> <span class='ocrx_word' id='word_1_26' title='bbox 2043 525 2255 589; x_wconf 82' lang='grc' dir='ltr'><em>νομίσαν</em></span> <span class='ocrx_word' id='word_1_27' title='bbox 2290 541 2398 595; x_wconf 66' lang='grc'>[110</span> 
     </span>
     <span class='ocr_line' id='line_1_5' title="bbox 421 609 2387 679; baseline -0.001 -11"><span class='ocrx_word' id='word_1_28' title='bbox 421 615 659 679; x_wconf 85' lang='grc' dir='ltr'><em>ἐνόμισαν</em></span> <span class='ocrx_word' id='word_1_29' title='bbox 696 610 1005 665; x_wconf 82' lang='lat' dir='ltr'><strong>emendasse</strong></span> <span class='ocrx_word' id='word_1_30' title='bbox 1039 610 1091 662; x_wconf 92' lang='lat' dir='ltr'><strong>in</strong></span> <span class='ocrx_word' id='word_1_31' title='bbox 1135 609 1336 663; x_wconf 81' lang='lat' dir='ltr'><strong>verbis:</strong></span> <span class='ocrx_word' id='word_1_32' title='bbox 1378 611 1586 677; x_wconf 86' lang='grc' dir='ltr'><em>πότερον</em></span> <span class='ocrx_word' id='word_1_33' title='bbox 1622 612 1673 665; x_wconf 80' lang='grc' dir='ltr'><strong>δὲ</strong></span> <span class='ocrx_word' id='word_1_34' title='bbox 1706 612 1925 676; x_wconf 69' lang='grc' dir='ltr'><em>τοὶγαθοὶ</em></span> <span class='ocrx_word' id='word_1_35' title='bbox 1965 613 2244 677; x_wconf 89' lang='grc' dir='ltr'><em>νομίσαν</em></span> <span class='ocrx_word' id='word_1_36' title='bbox 2284 615 2387 667; x_wconf 83' lang='grc' dir='ltr'><em>δεῖν</em></span> 
     </span>
     <span class='ocr_line' id='line_1_6' title="bbox 421 697 1989 772; baseline -0.003 -16"><span class='ocrx_word' id='word_1_37' title='bbox 421 707 580 756; x_wconf 86' lang='grc' dir='ltr'><em>ποιεῖν</em></span> <span class='ocrx_word' id='word_1_38' title='bbox 622 701 649 763; x_wconf 77' lang='grc' dir='ltr'>ἢ</span> <span class='ocrx_word' id='word_1_39' title='bbox 689 699 760 753; x_wconf 73' lang='grc' dir='ltr'><em>τοὶ</em></span> <span class='ocrx_word' id='word_1_40' title='bbox 801 699 943 752; x_wconf 69' lang='grc' dir='ltr'><em>κακοὶ</em></span> <span class='ocrx_word' id='word_1_41' title='bbox 987 697 1063 770; x_wconf 77' lang='grc' dir='ltr'><strong>(τὸ</strong></span> <span class='ocrx_word' id='word_1_42' title='bbox 1105 699 1293 761; x_wconf 77' lang='grc' dir='ltr'><em>πλῆθος</em></span> <span class='ocrx_word' id='word_1_43' title='bbox 1333 700 1449 759; x_wconf 85' lang='grc' dir='ltr'><em>τοὺς</em></span> <span class='ocrx_word' id='word_1_44' title='bbox 1486 697 1665 763; x_wconf 88' lang='grc' dir='ltr'><em>νόμους</em></span> <span class='ocrx_word' id='word_1_45' title='bbox 1703 698 1989 772; x_wconf 79' lang='grc' dir='ltr'><em>ἔγραψεν);</em></span> 
     </span>
    </p>

    <p class='ocr_par' dir='ltr' id='par_1_4' title="bbox 418 783 2436 1124">
     <span class='ocr_line' id='line_1_7' title="bbox 495 783 2427 859; baseline -0.001 -16"><span class='ocrx_word' id='word_1_46' title='bbox 495 789 556 843; x_wconf 92' lang='lat' dir='ltr'><strong>In</strong></span> <span class='ocrx_word' id='word_1_47' title='bbox 601 792 630 859; x_wconf 80' lang='lat'>§</span> <span class='ocrx_word' id='word_1_48' title='bbox 667 792 756 842; x_wconf 83' lang='lat'><strong>44.</strong></span> <span class='ocrx_word' id='word_1_49' title='bbox 799 785 958 841; x_wconf 90' lang='lat' dir='ltr'><strong>verba</strong></span> <span class='ocrx_word' id='word_1_50' title='bbox 997 785 1142 840; x_wconf 67' lang='grc' dir='ltr'><strong>ἀλλὰ</strong></span> <span class='ocrx_word' id='word_1_51' title='bbox 1173 785 1495 851; x_wconf 69' lang='grc' dir='ltr'><em>βιασάμενος</em></span> <span class='ocrx_word' id='word_1_52' title='bbox 1536 793 1642 839; x_wconf 89' lang='lat' dir='ltr'><strong>tam</strong></span> <span class='ocrx_word' id='word_1_53' title='bbox 1682 787 1961 857; x_wconf 80' lang='lat' dir='ltr'><strong>pueriliter</strong></span> <span class='ocrx_word' id='word_1_54' title='bbox 2000 793 2052 841; x_wconf 91' lang='lat' dir='ltr'><strong>et</strong></span> <span class='ocrx_word' id='word_1_55' title='bbox 2082 787 2261 841; x_wconf 90' lang='lat' dir='ltr'><strong>ieiune</strong></span> <span class='ocrx_word' id='word_1_56' title='bbox 2301 805 2389 859; x_wconf 88' lang='lat' dir='ltr'><strong>ap·</strong></span> <span class='ocrx_word' id='word_1_57' title='bbox 2426 783 2427 786; x_wconf 60' lang='grc'>’</span> 
     </span>
     <span class='ocr_line' id='line_1_8' title="bbox 420 870 2436 949; baseline -0.001 -18"><span class='ocrx_word' id='word_1_58' title='bbox 420 878 593 949; x_wconf 85' lang='lat' dir='ltr'><strong>posita</strong></span> <span class='ocrx_word' id='word_1_59' title='bbox 634 882 762 930; x_wconf 86' lang='lat' dir='ltr'><strong>sunt</strong></span> <span class='ocrx_word' id='word_1_60' title='bbox 802 875 855 928; x_wconf 89' lang='lat' dir='ltr'><strong>in</strong></span> <span class='ocrx_word' id='word_1_61' title='bbox 894 873 1014 927; x_wconf 89' lang='lat' dir='ltr'><strong>his:</strong></span> <span class='ocrx_word' id='word_1_62' title='bbox 1055 870 1177 927; x_wconf 71' lang='grc' dir='ltr'><em>ὅταν</em></span> <span class='ocrx_word' id='word_1_63' title='bbox 1215 874 1238 926; x_wconf 82' lang='grc' dir='ltr'><em>ὂ</em></span> <span class='ocrx_word' id='word_1_64' title='bbox 1278 875 1517 941; x_wconf 82' lang='grc' dir='ltr'><em>κρείττων</em></span> <span class='ocrx_word' id='word_1_65' title='bbox 1570 876 1655 928; x_wconf 84' lang='grc' dir='ltr'><em>τὸν</em></span> <span class='ocrx_word' id='word_1_66' title='bbox 1697 873 1831 937; x_wconf 74' lang='grc' dir='ltr'><em>ἥττω</em></span> <span class='ocrx_word' id='word_1_67' title='bbox 1871 877 1945 941; x_wconf 70' lang='grc' dir='ltr'><strong>μὴ</strong></span> <span class='ocrx_word' id='word_1_68' title='bbox 1985 875 2170 935; x_wconf 89' lang='grc' dir='ltr'><em>πείσας</em></span> <span class='ocrx_word' id='word_1_69' title='bbox 2219 875 2388 947; x_wconf 65' lang='grc' dir='ltr'>[ἀλλὰ</span> <span class='ocrx_word' id='word_1_70' title='bbox 2432 879 2436 885; x_wconf 63' lang='grc'>“</span> 
     </span>
     <span class='ocr_line' id='line_1_9' title="bbox 419 959 2388 1035; baseline -0.003 -14"><span class='ocrx_word' id='word_1_71' title='bbox 419 966 767 1035; x_wconf 69' lang='grc' dir='ltr'><em>βιασάμενος]</em></span> <span class='ocrx_word' id='word_1_72' title='bbox 807 961 1089 1030; x_wconf 66' lang='grc' dir='ltr'><em>ἀναγκάσῃ</em></span> <span class='ocrx_word' id='word_1_73' title='bbox 1125 968 1281 1015; x_wconf 81' lang='grc' dir='ltr'><em>ποιεῖν</em></span> <span class='ocrx_word' id='word_1_74' title='bbox 1313 959 1343 1015; x_wconf 72' lang='grc' dir='ltr'><em>ὅ</em></span> <span class='ocrx_word' id='word_1_75' title='bbox 1369 983 1418 1016; x_wconf 88' lang='grc' dir='ltr'><em>τι</em></span> <span class='ocrx_word' id='word_1_76' title='bbox 1455 960 1519 1015; x_wconf 73' lang='grc' dir='ltr'><strong>ἂν</strong></span> <span class='ocrx_word' id='word_1_77' title='bbox 1559 966 1698 1031; x_wconf 79' lang='grc' dir='ltr'><em>αὐτῷ</em></span> <span class='ocrx_word' id='word_1_78' title='bbox 1733 965 1878 1031; x_wconf 73' lang='grc' dir='ltr'><em>δοκῇ,</em></span> <span class='ocrx_word' id='word_1_79' title='bbox 1921 970 1980 1016; x_wconf 81' lang='lat' dir='ltr'><strong>ut</strong></span> <span class='ocrx_word' id='word_1_80' title='bbox 2019 962 2084 1017; x_wconf 88' lang='lat' dir='ltr'><strong>ab</strong></span> <span class='ocrx_word' id='word_1_81' title='bbox 2117 963 2220 1016; x_wconf 87' lang='lat' dir='ltr'><strong>alio</strong></span> <span class='ocrx_word' id='word_1_82' title='bbox 2259 980 2388 1034; x_wconf 88' lang='lat' dir='ltr'><strong>quo-</strong></span> 
     </span>
     <span class='ocr_line' id='line_1_10' title="bbox 418 1049 2433 1124; baseline -0.002 -15"><span class='ocrx_word' id='word_1_83' title='bbox 418 1055 548 1109; x_wconf 88' lang='lat' dir='ltr'><strong>libet</strong></span> <span class='ocrx_word' id='word_1_84' title='bbox 588 1053 765 1124; x_wconf 87' lang='lat' dir='ltr'><strong>potius</strong></span> <span class='ocrx_word' id='word_1_85' title='bbox 801 1067 959 1121; x_wconf 89' lang='lat' dir='ltr'><strong>quam</strong></span> <span class='ocrx_word' id='word_1_86' title='bbox 1003 1049 1068 1103; x_wconf 88' lang='lat' dir='ltr'><strong>ab</strong></span> <span class='ocrx_word' id='word_1_87' title='bbox 1110 1050 1222 1121; x_wconf 88' lang='lat' dir='ltr'><strong>ipso</strong></span> <span class='ocrx_word' id='word_1_88' title='bbox 1262 1049 1609 1121; x_wconf 76' lang='lat' dir='ltr'><strong>Xenophonte</strong></span> <span class='ocrx_word' id='word_1_89' title='bbox 1649 1050 1828 1105; x_wconf 85' lang='lat' dir='ltr'><strong>addita</strong></span> <span class='ocrx_word' id='word_1_90' title='bbox 1871 1068 1987 1105; x_wconf 90' lang='lat' dir='ltr'><strong>esse</strong></span> <span class='ocrx_word' id='word_1_91' title='bbox 2027 1052 2350 1105; x_wconf 76' lang='lat' dir='ltr'><strong>existimem.</strong></span> <span class='ocrx_word' id='word_1_92' title='bbox 2431 1112 2433 1114; x_wconf 40' lang='grc'>,</span> 
     </span>
    </p>

    <p class='ocr_par' dir='ltr' id='par_1_5' title="bbox 418 1137 2426 1912">
     <span class='ocr_line' id='line_1_11' title="bbox 496 1137 2400 1209; baseline -0.002 -13"><span class='ocrx_word' id='word_1_93' title='bbox 496 1141 731 1196; x_wconf 88' lang='lat' dir='ltr'><strong>Atticam</strong></span> <span class='ocrx_word' id='word_1_94' title='bbox 774 1137 1022 1209; x_wconf 87' lang='lat' dir='ltr'><strong>loquendi</strong></span> <span class='ocrx_word' id='word_1_95' title='bbox 1061 1137 1284 1191; x_wconf 85' lang='lat' dir='ltr'><strong>formam</strong></span> <span class='ocrx_word' id='word_1_96' title='bbox 1322 1137 1682 1192; x_wconf 82' lang='lat' dir='ltr'><strong>obscurarunt</strong></span> <span class='ocrx_word' id='word_1_97' title='bbox 1721 1138 1966 1193; x_wconf 83' lang='lat' dir='ltr'><strong>Graeculi</strong></span> <span class='ocrx_word' id='word_1_98' title='bbox 2000 1139 2055 1192; x_wconf 89' lang='lat' dir='ltr'><strong>in</strong></span> <span class='ocrx_word' id='word_1_99' title='bbox 2094 1141 2123 1209; x_wconf 51' lang='grc' dir='ltr'>ᾗ</span> <span class='ocrx_word' id='word_1_100' title='bbox 2162 1141 2251 1192; x_wconf 87' lang='grc'><strong>46.</strong></span> <span class='ocrx_word' id='word_1_101' title='bbox 2291 1137 2400 1192; x_wconf 79' lang='grc' dir='ltr'><em>εἴθε.-</em></span> 
     </span>
     <span class='ocr_line' id='line_1_12' title="bbox 423 1222 2426 1295; baseline -0.003 -10"><span class='ocrx_word' id='word_1_102' title='bbox 423 1251 535 1295; x_wconf 88' lang='grc' dir='ltr'><em>σοι,</em></span> <span class='ocrx_word' id='word_1_103' title='bbox 584 1227 618 1283; x_wconf 80' lang='grc' dir='ltr'><strong><em>ὦ</em></strong></span> <span class='ocrx_word' id='word_1_104' title='bbox 658 1227 960 1294; x_wconf 77' lang='grc' dir='ltr'><em>Περίκλεις,</em></span> <span class='ocrx_word' id='word_1_105' title='bbox 1017 1225 1137 1280; x_wconf 93' lang='grc' dir='ltr'><em>τότε</em></span> <span class='ocrx_word' id='word_1_106' title='bbox 1186 1225 1530 1292; x_wconf 72' lang='grc' dir='ltr'><em>συνεγενόμην</em></span> <span class='ocrx_word' id='word_1_107' title='bbox 1569 1222 1653 1279; x_wconf 73' lang='grc' dir='ltr'><strong>ὅτε</strong></span> <span class='ocrx_word' id='word_1_108' title='bbox 1700 1227 2100 1288; x_wconf 84' lang='grc' dir='ltr'><em>δεινότατος</em></span> <span class='ocrx_word' id='word_1_109' title='bbox 2156 1224 2426 1281; x_wconf 67' lang='grc' dir='ltr'><strong>σαυτοῦΔ</strong></span> 
     </span>
     <span class='ocr_line' id='line_1_13' title="bbox 420 1312 2423 1377; baseline -0.002 -4"><span class='ocrx_word' id='word_1_110' title='bbox 420 1322 596 1374; x_wconf 80' lang='grc' dir='ltr'><em>ταῦτα</em></span> <span class='ocrx_word' id='word_1_111' title='bbox 638 1313 783 1377; x_wconf 75' lang='grc' dir='ltr'><em>ἦσθα.</em></span> <span class='ocrx_word' id='word_1_112' title='bbox 862 1313 1162 1368; x_wconf 81' lang='lat' dir='ltr'><strong>Alcibiades</strong></span> <span class='ocrx_word' id='word_1_113' title='bbox 1218 1312 1450 1368; x_wconf 76' lang='lat' dir='ltr'><strong>dixerat:</strong></span> <span class='ocrx_word' id='word_1_114' title='bbox 1492 1312 1577 1368; x_wconf 72' lang='grc' dir='ltr'><strong>ὅτε</strong></span> <span class='ocrx_word' id='word_1_115' title='bbox 1617 1314 1903 1376; x_wconf 89' lang='grc' dir='ltr'><em>δεινότατος</em></span> <span class='ocrx_word' id='word_1_116' title='bbox 1943 1316 2146 1376; x_wconf 84' lang='grc' dir='ltr'><em>αὐτὸς</em></span> <span class='ocrx_word' id='word_1_117' title='bbox 2185 1316 2423 1369; x_wconf 66' lang='grc' dir='ltr'><em>αὐτοῦ</em></span> 
     </span>
     <span class='ocr_line' id='line_1_14' title="bbox 420 1399 2394 1474; baseline -0.003 -13"><span class='ocrx_word' id='word_1_118' title='bbox 420 1410 597 1461; x_wconf 81' lang='grc' dir='ltr'><em>ταῦτα</em></span> <span class='ocrx_word' id='word_1_119' title='bbox 638 1399 802 1466; x_wconf 74' lang='grc' dir='ltr'><em>ἦσθα,</em></span> <span class='ocrx_word' id='word_1_120' title='bbox 856 1408 915 1455; x_wconf 91' lang='lat' dir='ltr'><strong>ut</strong></span> <span class='ocrx_word' id='word_1_121' title='bbox 956 1401 1236 1471; x_wconf 84' lang='lat' dir='ltr'><strong>populares</strong></span> <span class='ocrx_word' id='word_1_122' title='bbox 1287 1400 1554 1461; x_wconf 87' lang='lat' dir='ltr'><strong>solebant.</strong></span> <span class='ocrx_word' id='word_1_123' title='bbox 1603 1409 1656 1456; x_wconf 87' lang='lat' dir='ltr'><strong>et</strong></span> <span class='ocrx_word' id='word_1_124' title='bbox 1704 1419 1888 1456; x_wconf 88' lang='lat' dir='ltr'><strong>omnes</strong></span> <span class='ocrx_word' id='word_1_125' title='bbox 1928 1403 2020 1474; x_wconf 91' lang='lat' dir='ltr'><strong>qui</strong></span> <span class='ocrx_word' id='word_1_126' title='bbox 2068 1403 2394 1474; x_wconf 86' lang='lat' dir='ltr'><strong>exquisitius</strong></span> 
     </span>
     <span class='ocr_line' id='line_1_15' title="bbox 418 1490 2426 1565; baseline -0.002 -17"><span class='ocrx_word' id='word_1_127' title='bbox 418 1492 794 1565; x_wconf 84' lang='lat' dir='ltr'><strong>loquebantur.</strong></span> <span class='ocrx_word' id='word_1_128' title='bbox 873 1490 1041 1549; x_wconf 86' lang='grc' dir='ltr'><em>Αὐτὸς</em></span> <span class='ocrx_word' id='word_1_129' title='bbox 1096 1491 1254 1544; x_wconf 81' lang='grc' dir='ltr'><em>αὑτοῦ</em></span> <span class='ocrx_word' id='word_1_130' title='bbox 1295 1496 1349 1543; x_wconf 91' lang='lat' dir='ltr'><strong>et</strong></span> <span class='ocrx_word' id='word_1_131' title='bbox 1384 1490 1529 1544; x_wconf 76' lang='grc' dir='ltr'><em>αὐτοὶ</em></span> <span class='ocrx_word' id='word_1_132' title='bbox 1570 1491 1761 1544; x_wconf 81' lang='grc' dir='ltr'><em>ἑαυτῶν</em></span> <span class='ocrx_word' id='word_1_133' title='bbox 1805 1491 1862 1544; x_wconf 87' lang='grc'><strong>111</strong></span> <span class='ocrx_word' id='word_1_134' title='bbox 1912 1490 2006 1544; x_wconf 89' lang='lat' dir='ltr'><strong>tali</strong></span> <span class='ocrx_word' id='word_1_135' title='bbox 2041 1508 2101 1545; x_wconf 93' lang='lat' dir='ltr'><strong>re</strong></span> <span class='ocrx_word' id='word_1_136' title='bbox 2144 1491 2426 1545; x_wconf 77' lang='lat' dir='ltr'><strong>constan-&#39;</strong></span> 
     </span>
     <span class='ocr_line' id='line_1_16' title="bbox 420 1578 2394 1650; baseline -0.002 -14"><span class='ocrx_word' id='word_1_137' title='bbox 420 1589 505 1636; x_wconf 90' lang='lat' dir='ltr'><strong>ter</strong></span> <span class='ocrx_word' id='word_1_138' title='bbox 545 1580 745 1633; x_wconf 86' lang='lat' dir='ltr'><strong>dicitur</strong></span> <span class='ocrx_word' id='word_1_139' title='bbox 785 1595 882 1631; x_wconf 89' lang='lat' dir='ltr'><strong>nec</strong></span> <span class='ocrx_word' id='word_1_140' title='bbox 921 1579 1102 1631; x_wconf 90' lang='lat' dir='ltr'><strong>minus</strong></span> <span class='ocrx_word' id='word_1_141' title='bbox 1152 1578 1208 1630; x_wconf 89' lang='lat' dir='ltr'><strong>in</strong></span> <span class='ocrx_word' id='word_1_142' title='bbox 1254 1579 1428 1648; x_wconf 90' lang='lat' dir='ltr'><strong>prima</strong></span> <span class='ocrx_word' id='word_1_143' title='bbox 1483 1578 1823 1650; x_wconf 88' lang='lat' dir='ltr'><strong>secundaque</strong></span> <span class='ocrx_word' id='word_1_144' title='bbox 1863 1595 2089 1650; x_wconf 90' lang='lat' dir='ltr'><strong>persona</strong></span> <span class='ocrx_word' id='word_1_145' title='bbox 2138 1595 2297 1649; x_wconf 87' lang='lat' dir='ltr'><strong>quam</strong></span> <span class='ocrx_word' id='word_1_146' title='bbox 2337 1580 2394 1632; x_wconf 89' lang='lat' dir='ltr'><strong>in</strong></span> 
     </span>
     <span class='ocr_line' id='line_1_17' title="bbox 419 1664 2394 1737; baseline -0.002 -13"><span class='ocrx_word' id='word_1_147' title='bbox 419 1669 600 1724; x_wconf 85' lang='lat' dir='ltr'><strong>tertia.</strong></span> <span class='ocrx_word' id='word_1_148' title='bbox 685 1665 1003 1720; x_wconf 89' lang='lat' dir='ltr'><strong>Simillimus</strong></span> <span class='ocrx_word' id='word_1_149' title='bbox 1049 1664 1197 1719; x_wconf 89' lang='lat' dir='ltr'><strong>locus</strong></span> <span class='ocrx_word' id='word_1_150' title='bbox 1238 1671 1318 1719; x_wconf 90' lang='lat' dir='ltr'><strong>est</strong></span> <span class='ocrx_word' id='word_1_151' title='bbox 1358 1665 1634 1736; x_wconf 88' lang='lat' dir='ltr'><strong>Euripidis</strong></span> <span class='ocrx_word' id='word_1_152' title='bbox 1671 1667 1727 1720; x_wconf 89' lang='lat' dir='ltr'><strong>in</strong></span> <span class='ocrx_word' id='word_1_153' title='bbox 1769 1666 2005 1720; x_wconf 88' lang='lat' dir='ltr'><strong>Platonis</strong></span> <span class='ocrx_word' id='word_1_154' title='bbox 2047 1666 2238 1737; x_wconf 84' lang='lat' dir='ltr'><strong>Gorgia</strong></span> <span class='ocrx_word' id='word_1_155' title='bbox 2280 1665 2394 1720; x_wconf 88' lang='lat' dir='ltr'><strong>lau-</strong></span> 
     </span>
     <span class='ocr_line' id='line_1_18' title="bbox 423 1753 2398 1826; baseline -0.003 -13"><span class='ocrx_word' id='word_1_156' title='bbox 423 1759 580 1813; x_wconf 90' lang='lat' dir='ltr'><strong>datus</strong></span> <span class='ocrx_word' id='word_1_157' title='bbox 634 1773 684 1826; x_wconf 91' lang='lat' dir='ltr'><strong>p.</strong></span> <span class='ocrx_word' id='word_1_158' title='bbox 721 1757 845 1808; x_wconf 84' lang='lat'><strong>484.</strong></span> <span class='ocrx_word' id='word_1_159' title='bbox 886 1754 950 1809; x_wconf 92' lang='lat' dir='ltr'><strong>E.</strong></span> <span class='ocrx_word' id='word_1_160' title='bbox 1007 1760 1058 1807; x_wconf 89' lang='lat' dir='ltr'><strong>et</strong></span> <span class='ocrx_word' id='word_1_161' title='bbox 1114 1753 1239 1807; x_wconf 88' lang='lat' dir='ltr'><strong>hinc</strong></span> <span class='ocrx_word' id='word_1_162' title='bbox 1293 1754 1492 1826; x_wconf 88' lang='lat' dir='ltr'><strong>passim</strong></span> <span class='ocrx_word' id='word_1_163' title='bbox 1533 1753 1597 1807; x_wconf 88' lang='lat' dir='ltr'><strong>ah</strong></span> <span class='ocrx_word' id='word_1_164' title='bbox 1652 1754 1806 1808; x_wconf 87' lang='lat' dir='ltr'><strong>aliis:</strong></span> <span class='ocrx_word' id='word_1_165' title='bbox 1864 1755 2143 1821; x_wconf 83' lang='grc' dir='ltr'><em>συμβαίνει</em></span> <span class='ocrx_word' id='word_1_166' title='bbox 2189 1755 2294 1822; x_wconf 74' lang='grc' dir='ltr'><em>γαρ</em></span> <span class='ocrx_word' id='word_1_167' title='bbox 2331 1755 2398 1808; x_wconf 75' lang='grc' dir='ltr'><strong>τὸ.</strong></span> 
     </span>
     <span class='ocr_line' id='line_1_19' title="bbox 423 1839 1920 1912; baseline -0.004 -10"><span class='ocrx_word' id='word_1_168' title='bbox 423 1850 513 1902; x_wconf 82' lang='grc' dir='ltr'><em>τοῦ</em></span> <span class='ocrx_word' id='word_1_169' title='bbox 554 1843 855 1912; x_wconf 78' lang='grc' dir='ltr'><em>Εὐριπίδου·</em></span> <span class='ocrx_word' id='word_1_170' title='bbox 891 1840 1133 1909; x_wconf 79' lang='grc' dir='ltr'><em>λαμπρός</em></span> <span class='ocrx_word' id='word_1_171' title='bbox 1178 1845 1226 1895; x_wconf 92' lang='grc' dir='ltr'><em>τ’</em></span> <span class='ocrx_word' id='word_1_172' title='bbox 1269 1842 1374 1899; x_wconf 77' lang='grc' dir='ltr'><strong>ἐςὶν</strong></span> <span class='ocrx_word' id='word_1_173' title='bbox 1414 1839 1596 1902; x_wconf 75' lang='grc' dir='ltr'><em>ἕκαςος</em></span> <span class='ocrx_word' id='word_1_174' title='bbox 1636 1842 1720 1894; x_wconf 82' lang='grc' dir='ltr'><em>ε’πὶ</em></span> <span class='ocrx_word' id='word_1_175' title='bbox 1757 1842 1920 1912; x_wconf 83' lang='grc' dir='ltr'><em>τούτῳ</em></span> 
     </span>
    </p>

    <p class='ocr_par' dir='ltr' id='par_1_6' title="bbox 1259 1929 1882 1994">
     <span class='ocr_line' id='line_1_20' title="bbox 1259 1929 1882 1994; baseline 0.002 -11"><span class='ocrx_word' id='word_1_176' title='bbox 1259 1929 1390 1983; x_wconf 76' lang='grc' dir='ltr'><strong>κοέπὶ</strong></span> <span class='ocrx_word' id='word_1_177' title='bbox 1429 1931 1571 1983; x_wconf 80' lang='grc' dir='ltr'><em>τοῦτ’</em></span> <span class='ocrx_word' id='word_1_178' title='bbox 1611 1930 1882 1994; x_wconf 83' lang='grc' dir='ltr'><em>ἐπείγεται</em></span> 
     </span>
    </p>

    <p class='ocr_par' dir='ltr' id='par_1_7' title="bbox 420 2018 2433 2526">
     <span class='ocr_line' id='line_1_21' title="bbox 722 2018 1860 2094; baseline -0.001 -21"><span class='ocrx_word' id='word_1_179' title='bbox 722 2020 883 2084; x_wconf 80' lang='grc' dir='ltr'><em>νέμων</em></span> <span class='ocrx_word' id='word_1_180' title='bbox 921 2020 979 2072; x_wconf 84' lang='grc' dir='ltr'><em>τὸ</em></span> <span class='ocrx_word' id='word_1_181' title='bbox 1020 2023 1229 2074; x_wconf 75' lang='grc' dir='ltr'><em>πλεῖςον</em></span> <span class='ocrx_word' id='word_1_182' title='bbox 1271 2018 1464 2085; x_wconf 76' lang='grc' dir='ltr'><em>ἡμέρας</em></span> <span class='ocrx_word' id='word_1_183' title='bbox 1504 2018 1666 2094; x_wconf 83' lang='grc' dir='ltr'><em>τούτῳ</em></span> <span class='ocrx_word' id='word_1_184' title='bbox 1705 2018 1860 2085; x_wconf 74' lang='grc' dir='ltr'><em>μέρος·</em></span> 
     </span>
     <span class='ocr_line' id='line_1_22' title="bbox 722 2105 2420 2173; baseline -0.003 -11"><span class='ocrx_word' id='word_1_185' title='bbox 722 2107 781 2162; x_wconf 81' lang='grc' dir='ltr'><strong>ἵν’</strong></span> <span class='ocrx_word' id='word_1_186' title='bbox 820 2107 975 2166; x_wconf 83' lang='grc' dir='ltr'><em>αὐτὸς</em></span> <span class='ocrx_word' id='word_1_187' title='bbox 1016 2107 1173 2160; x_wconf 78' lang='grc' dir='ltr'><em>αὐτοῦ</em></span> <span class='ocrx_word' id='word_1_188' title='bbox 1214 2106 1475 2172; x_wconf 72' lang='grc' dir='ltr'><em>τυγχάνει</em></span> <span class='ocrx_word' id='word_1_189' title='bbox 1515 2105 1750 2173; x_wconf 74' lang='grc' dir='ltr'><em>κροέτιςος</em></span> <span class='ocrx_word' id='word_1_190' title='bbox 1788 2107 1868 2160; x_wconf 77' lang='grc' dir='ltr'><strong>ὤν.</strong></span> <span class='ocrx_word' id='word_1_191' title='bbox 2412 2155 2420 2172; x_wconf 28' lang='grc' dir='ltr'><strong>,Ι</strong></span> 
     </span>
     <span class='ocr_line' id='line_1_23' title="bbox 422 2189 2422 2264; baseline -0.001 -13"><span class='ocrx_word' id='word_1_192' title='bbox 422 2197 515 2252; x_wconf 89' lang='lat' dir='ltr'><strong>ubi</strong></span> <span class='ocrx_word' id='word_1_193' title='bbox 550 2196 739 2249; x_wconf 86' lang='lat' dir='ltr'><strong>vitiose</strong></span> <span class='ocrx_word' id='word_1_194' title='bbox 785 2191 1033 2262; x_wconf 68' lang='grc' dir='ltr'><em>τυγχάνῃ</em></span> <span class='ocrx_word' id='word_1_195' title='bbox 1074 2195 1128 2247; x_wconf 93' lang='lat' dir='ltr'><strong>in</strong></span> <span class='ocrx_word' id='word_1_196' title='bbox 1181 2194 1332 2248; x_wconf 89' lang='lat' dir='ltr'><strong>libris</strong></span> <span class='ocrx_word' id='word_1_197' title='bbox 1382 2193 1578 2264; x_wconf 85' lang='lat' dir='ltr'><strong>legitur</strong></span> <span class='ocrx_word' id='word_1_198' title='bbox 1624 2201 1677 2248; x_wconf 92' lang='lat' dir='ltr'><strong>et</strong></span> <span class='ocrx_word' id='word_1_199' title='bbox 1716 2194 1952 2248; x_wconf 84' lang='lat' dir='ltr'><strong>Platonis</strong></span> <span class='ocrx_word' id='word_1_200' title='bbox 1991 2199 2045 2248; x_wconf 88' lang='lat' dir='ltr'><strong>et</strong></span> <span class='ocrx_word' id='word_1_201' title='bbox 2090 2189 2422 2258; x_wconf 55' lang='lat' dir='ltr'><strong>Aristotelis)</strong></span> 
     </span>
     <span class='ocr_line' id='line_1_24' title="bbox 420 2282 2392 2352; baseline -0.002 -12"><span class='ocrx_word' id='word_1_202' title='bbox 420 2293 474 2340; x_wconf 88' lang='lat' dir='ltr'><strong>et</strong></span> <span class='ocrx_word' id='word_1_203' title='bbox 527 2282 802 2338; x_wconf 85' lang='lat' dir='ltr'><strong>Plutarchi</strong></span> <span class='ocrx_word' id='word_1_204' title='bbox 857 2289 909 2335; x_wconf 89' lang='lat' dir='ltr'><strong>et</strong></span> <span class='ocrx_word' id='word_1_205' title='bbox 962 2289 1331 2346; x_wconf 87' lang='lat' dir='ltr'><strong>caeterorum,</strong></span> <span class='ocrx_word' id='word_1_206' title='bbox 1385 2283 1478 2352; x_wconf 88' lang='lat' dir='ltr'><strong>qui</strong></span> <span class='ocrx_word' id='word_1_207' title='bbox 1533 2282 1664 2336; x_wconf 88' lang='lat' dir='ltr'><strong>haec</strong></span> <span class='ocrx_word' id='word_1_208' title='bbox 1718 2282 2034 2335; x_wconf 85' lang='lat' dir='ltr'><strong>attulerunt.</strong></span> <span class='ocrx_word' id='word_1_209' title='bbox 2113 2282 2282 2342; x_wconf 83' lang='grc' dir='ltr'><em>Αὐτός</em></span> <span class='ocrx_word' id='word_1_210' title='bbox 2338 2283 2431 2335; x_wconf 88' lang='grc'><strong>111</strong></span> 
     </span>
     <span class='ocr_line' id='line_1_25' title="bbox 421 2358 2433 2440; baseline -0.001 -13"><span class='ocrx_word' id='word_1_211' title='bbox 421 2373 586 2428; x_wconf 90' lang='lat' dir='ltr'><strong>simili</strong></span> <span class='ocrx_word' id='word_1_212' title='bbox 621 2371 736 2424; x_wconf 89' lang='lat' dir='ltr'><strong>loco</strong></span> <span class='ocrx_word' id='word_1_213' title='bbox 787 2369 1060 2423; x_wconf 85' lang='lat' dir='ltr'><strong>intercidit</strong></span> <span class='ocrx_word' id='word_1_214' title='bbox 1101 2369 1241 2440; x_wconf 89' lang='lat' dir='ltr'><strong>apud</strong></span> <span class='ocrx_word' id='word_1_215' title='bbox 1288 2369 1636 2423; x_wconf 88' lang='lat' dir='ltr'><strong>Plutarchum</strong></span> <span class='ocrx_word' id='word_1_216' title='bbox 1691 2370 1746 2423; x_wconf 92' lang='lat' dir='ltr'><strong>in</strong></span> <span class='ocrx_word' id='word_1_217' title='bbox 1797 2369 2074 2423; x_wconf 88' lang='lat' dir='ltr'><strong>Cleomene</strong></span> <span class='ocrx_word' id='word_1_218' title='bbox 2134 2386 2248 2440; x_wconf 90' lang='lat' dir='ltr'><strong>cap.</strong></span> <span class='ocrx_word' id='word_1_219' title='bbox 2287 2358 2433 2437; x_wconf 34' lang='lat'><strong>55:22</strong></span> 
     </span>
     <span class='ocr_line' id='line_1_26' title="bbox 423 2456 2397 2526; baseline -0.002 -11"><span class='ocrx_word' id='word_1_220' title='bbox 423 2462 578 2515; x_wconf 75' lang='grc' dir='ltr'><em>ὁπότε</em></span> <span class='ocrx_word' id='word_1_221' title='bbox 617 2460 764 2526; x_wconf 82' lang='grc' dir='ltr'><em>νήφοι</em></span> <span class='ocrx_word' id='word_1_222' title='bbox 805 2457 1014 2523; x_wconf 74' lang='grc' dir='ltr'><em>μαλιςα</em></span> <span class='ocrx_word' id='word_1_223' title='bbox 1052 2457 1140 2511; x_wconf 75' lang='grc' dir='ltr'><strong>καὶ</strong></span> <span class='ocrx_word' id='word_1_224' title='bbox 1181 2457 1715 2519; x_wconf 79' lang='grc' dir='ltr'><em>σπουδαιότατος</em></span> <span class='ocrx_word' id='word_1_225' title='bbox 1756 2459 1969 2512; x_wconf 80' lang='grc' dir='ltr'><em>αὐτοῦ</em></span> <span class='ocrx_word' id='word_1_226' title='bbox 2010 2456 2243 2522; x_wconf 84' lang='grc' dir='ltr'><em>γένοιτο,</em></span> <span class='ocrx_word' id='word_1_227' title='bbox 2287 2459 2421 2511; x_wconf 86' lang='lat' dir='ltr'><strong>imo</strong></span> 
     </span>
    </p>
   </div>
   <div class='ocr_carea' id='block_1_3' title="bbox 348 2545 1514 2607">
    <p class='ocr_par' dir='ltr' id='par_1_8' title="bbox 348 2545 1514 2607">
     <span class='ocr_line' id='line_1_27' title="bbox 348 2545 1514 2607; baseline -0.003 -5"><span class='ocrx_word' id='word_1_228' title='bbox 348 2553 351 2556; x_wconf 70' lang='grc'><strong>”</strong></span> <span class='ocrx_word' id='word_1_229' title='bbox 424 2565 555 2604; x_wconf 84' lang='lat' dir='ltr'><strong>vero</strong></span> <span class='ocrx_word' id='word_1_230' title='bbox 595 2545 998 2606; x_wconf 84' lang='grc' dir='ltr'><em>σπουδαιότατος</em></span> <span class='ocrx_word' id='word_1_231' title='bbox 1039 2567 1074 2599; x_wconf 93' lang='grc' dir='ltr'><em>α</em></span> <span class='ocrx_word' id='word_1_232' title='bbox 1090 2549 1115 2599; x_wconf 92' lang='grc' dir='ltr'><em>ὐ</em></span> <span class='ocrx_word' id='word_1_233' title='bbox 1133 2567 1165 2600; x_wconf 95' lang='grc' dir='ltr'><em>τ</em></span> <span class='ocrx_word' id='word_1_234' title='bbox 1182 2547 1204 2599; x_wconf 82' lang='grc' dir='ltr'><em>ὸ</em></span> <span class='ocrx_word' id='word_1_235' title='bbox 1221 2568 1244 2607; x_wconf 90' lang='grc' dir='ltr'><em>ς</em></span> <span class='ocrx_word' id='word_1_236' title='bbox 1287 2566 1323 2599; x_wconf 90' lang='grc' dir='ltr'><em>α</em></span> <span class='ocrx_word' id='word_1_237' title='bbox 1339 2547 1365 2599; x_wconf 86' lang='grc' dir='ltr'>ὑ</span> <span class='ocrx_word' id='word_1_238' title='bbox 1381 2567 1412 2600; x_wconf 95' lang='grc' dir='ltr'><em>τ</em></span> <span class='ocrx_word' id='word_1_239' title='bbox 1429 2565 1450 2599; x_wconf 94' lang='grc' dir='ltr'><em>ο</em></span> <span class='ocrx_word' id='word_1_240' title='bbox 1468 2549 1514 2600; x_wconf 86' lang='grc' dir='ltr'><strong>ῦ.</strong></span> 
     </span>
    </p>
   </div>
   <div class='ocr_carea' id='block_1_4' title="bbox 423 2633 2429 3586">
    <p class='ocr_par' dir='ltr' id='par_1_9' title="bbox 423 2633 2429 3586">
     <span class='ocr_line' id='line_1_28' title="bbox 502 2633 2429 2703; baseline -0.001 -13"><span class='ocrx_word' id='word_1_241' title='bbox 502 2637 562 2690; x_wconf 88' lang='grc' dir='ltr'><strong>Ι11</strong></span> <span class='ocrx_word' id='word_1_242' title='bbox 604 2636 759 2689; x_wconf 84' lang='grc' dir='ltr'>Μ6111.</span> <span class='ocrx_word' id='word_1_243' title='bbox 791 2635 831 2688; x_wconf 92' lang='grc' dir='ltr'><strong>Ι.</strong></span> <span class='ocrx_word' id='word_1_244' title='bbox 874 2651 928 2687; x_wconf 86' lang='grc'><strong>11.</strong></span> <span class='ocrx_word' id='word_1_245' title='bbox 972 2637 1060 2687; x_wconf 81' lang='lat'><strong>48.</strong></span> <span class='ocrx_word' id='word_1_246' title='bbox 1114 2655 1199 2687; x_wconf 87' lang='grc' dir='ltr'><strong>και</strong></span> <span class='ocrx_word' id='word_1_247' title='bbox 1243 2633 1590 2701; x_wconf 81' lang='grc' dir='ltr'><em>Χαιρεκρατής</em></span> <span class='ocrx_word' id='word_1_248' title='bbox 1630 2655 1717 2688; x_wconf 84' lang='grc' dir='ltr'><strong>και</strong></span> <span class='ocrx_word' id='word_1_249' title='bbox 1759 2634 2139 2703; x_wconf 81' lang='grc' dir='ltr'><em>Ἑρμοκρατής,</em></span> <span class='ocrx_word' id='word_1_250' title='bbox 2179 2634 2429 2688; x_wconf 86' lang='lat' dir='ltr'><strong>Hermo</strong></span> 
     </span>
     <span class='ocr_line' id='line_1_29' title="bbox 425 2713 2429 2794; baseline -0.001 -15.972"><span class='ocrx_word' id='word_1_251' title='bbox 425 2726 555 2781; x_wconf 81' lang='lat' dir='ltr'><strong>crati</strong></span> <span class='ocrx_word' id='word_1_252' title='bbox 594 2721 1000 2778; x_wconf 84' lang='lat' dir='ltr'><strong>substituendus</strong></span> <span class='ocrx_word' id='word_1_253' title='bbox 1041 2727 1122 2775; x_wconf 86' lang='lat' dir='ltr'><strong>est</strong></span> <span class='ocrx_word' id='word_1_254' title='bbox 1162 2723 1510 2788; x_wconf 78' lang='grc' dir='ltr'><em>Ερμογένής,</em></span> <span class='ocrx_word' id='word_1_255' title='bbox 1555 2729 1615 2776; x_wconf 88' lang='lat' dir='ltr'><strong>ut</strong></span> <span class='ocrx_word' id='word_1_256' title='bbox 1654 2723 1862 2794; x_wconf 88' lang='lat' dir='ltr'><strong>primus</strong></span> <span class='ocrx_word' id='word_1_257' title='bbox 1903 2723 2142 2777; x_wconf 89' lang='lat' dir='ltr'><strong>omnium</strong></span> <span class='ocrx_word' id='word_1_258' title='bbox 2186 2713 2429 2787; x_wconf 44' lang='lat' dir='ltr'><strong>monuitae.</strong></span> 
     </span>
     <span class='ocr_line' id='line_1_30' title="bbox 423 2810 2429 2892; baseline -0.001 -25"><span class='ocrx_word' id='word_1_259' title='bbox 423 2814 599 2868; x_wconf 87' lang='lat' dir='ltr'><strong>Groen</strong></span> <span class='ocrx_word' id='word_1_260' title='bbox 643 2828 744 2864; x_wconf 89' lang='lat' dir='ltr'><strong>van</strong></span> <span class='ocrx_word' id='word_1_261' title='bbox 780 2811 1082 2863; x_wconf 86' lang='lat' dir='ltr'><strong>Prinsterer</strong></span> <span class='ocrx_word' id='word_1_262' title='bbox 1128 2810 1443 2880; x_wconf 83' lang='lat' dir='ltr'><strong>Prosopogr.</strong></span> <span class='ocrx_word' id='word_1_263' title='bbox 1486 2810 1617 2866; x_wconf 90' lang='lat' dir='ltr'><strong>Plat.</strong></span> <span class='ocrx_word' id='word_1_264' title='bbox 1660 2829 1713 2882; x_wconf 92' lang='lat' dir='ltr'><strong>p.</strong></span> <span class='ocrx_word' id='word_1_265' title='bbox 1750 2815 1876 2866; x_wconf 67' lang='lat'><strong>225.</strong></span> <span class='ocrx_word' id='word_1_266' title='bbox 1957 2810 2092 2879; x_wconf 85' lang='lat' dir='ltr'><strong>Quid</strong></span> <span class='ocrx_word' id='word_1_267' title='bbox 2129 2798 2429 2892; x_wconf 47' lang='lat' dir='ltr'><strong>pepererit}-</strong></span> 
     </span>
     <span class='ocr_line' id='line_1_31' title="bbox 426 2896 1426 2967; baseline -0.001 -13"><span class='ocrx_word' id='word_1_268' title='bbox 426 2916 662 2955; x_wconf 87' lang='lat' dir='ltr'><strong>errorem</strong></span> <span class='ocrx_word' id='word_1_269' title='bbox 699 2898 876 2961; x_wconf 86' lang='lat' dir='ltr'><strong>vides,</strong></span> <span class='ocrx_word' id='word_1_270' title='bbox 917 2896 999 2951; x_wconf 88' lang='lat' dir='ltr'><strong>vel</strong></span> <span class='ocrx_word' id='word_1_271' title='bbox 1038 2898 1216 2967; x_wconf 86' lang='lat' dir='ltr'><strong>potius</strong></span> <span class='ocrx_word' id='word_1_272' title='bbox 1255 2896 1426 2952; x_wconf 89' lang='lat' dir='ltr'><strong>audis.</strong></span> 
     </span>
     <span class='ocr_line' id='line_1_32' title="bbox 435 2983 2426 3079; baseline 0 -37"><span class='ocrx_word' id='word_1_273' title='bbox 435 3039 437 3042; x_wconf 84' lang='lat'><strong>.</strong></span> <span class='ocrx_word' id='word_1_274' title='bbox 499 2987 561 3041; x_wconf 90' lang='lat' dir='ltr'><strong>ln</strong></span> <span class='ocrx_word' id='word_1_275' title='bbox 619 2989 776 3056; x_wconf 56' lang='lat'><strong>§52</strong></span> <span class='ocrx_word' id='word_1_276' title='bbox 831 2984 925 3043; x_wconf 72' lang='grc' dir='ltr'><em>ἰός-ε</em></span> <span class='ocrx_word' id='word_1_277' title='bbox 977 2986 1219 3050; x_wconf 72' lang='grc' dir='ltr'><em>μηδαμοῦ</em></span> <span class='ocrx_word' id='word_1_278' title='bbox 1259 2988 1382 3052; x_wconf 84' lang='grc' dir='ltr'><em>παρ’</em></span> <span class='ocrx_word' id='word_1_279' title='bbox 1432 2988 1608 3048; x_wconf 86' lang='grc' dir='ltr'><em>αὐτοῖς</em></span> <span class='ocrx_word' id='word_1_280' title='bbox 1667 2986 1782 3047; x_wconf 84' lang='grc' dir='ltr'><em>τοὺς</em></span> <span class='ocrx_word' id='word_1_281' title='bbox 1837 2983 2029 3047; x_wconf 77' lang='grc' dir='ltr'><em>αλλους</em></span> <span class='ocrx_word' id='word_1_282' title='bbox 2085 3007 2212 3041; x_wconf 85' lang='grc' dir='ltr'><em>ειναι</em></span> <span class='ocrx_word' id='word_1_283' title='bbox 2270 2989 2426 3079; x_wconf 32' lang='lat' dir='ltr'><strong>apoc&amp;</strong></span> 
     </span>
     <span class='ocr_line' id='line_1_33' title="bbox 427 3052 2426 3191; baseline -0.002 -60"><span class='ocrx_word' id='word_1_284' title='bbox 427 3075 645 3138; x_wconf 76' lang='grc' dir='ltr'><em>ἑαυτόν,</em></span> <span class='ocrx_word' id='word_1_285' title='bbox 699 3073 754 3126; x_wconf 89' lang='lat' dir='ltr'><strong>id</strong></span> <span class='ocrx_word' id='word_1_286' title='bbox 799 3080 880 3127; x_wconf 89' lang='lat' dir='ltr'><strong>est</strong></span> <span class='ocrx_word' id='word_1_287' title='bbox 924 3073 1204 3138; x_wconf 77' lang='grc' dir='ltr'><em>μηδενὸς</em></span> <span class='ocrx_word' id='word_1_288' title='bbox 1253 3073 1480 3136; x_wconf 77' lang='grc' dir='ltr'><em>αξίους</em></span> <span class='ocrx_word' id='word_1_289' title='bbox 1542 3078 1717 3135; x_wconf 87' lang='grc' dir='ltr'><em>αὐτοῖς</em></span> <span class='ocrx_word' id='word_1_290' title='bbox 1777 3072 1944 3128; x_wconf 80' lang='grc' dir='ltr'><em>εἶναι</em></span> <span class='ocrx_word' id='word_1_291' title='bbox 1997 3074 2217 3127; x_wconf 85' lang='grc' dir='ltr'><em>δοκεῖν</em></span> <span class='ocrx_word' id='word_1_292' title='bbox 2269 3052 2426 3191; x_wconf 56' lang='grc' dir='ltr'><em>πρὸςξ</em></span> 
     </span>
     <span class='ocr_line' id='line_1_34' title="bbox 428 3163 2419 3233; baseline -0.004 -14"><span class='ocrx_word' id='word_1_293' title='bbox 428 3164 625 3219; x_wconf 88' lang='grc' dir='ltr'><em>εαυτόν.</em></span> <span class='ocrx_word' id='word_1_294' title='bbox 708 3163 953 3226; x_wconf 89' lang='grc' dir='ltr'><em>Οὐδαμου</em></span> <span class='ocrx_word' id='word_1_295' title='bbox 1003 3181 1132 3214; x_wconf 90' lang='grc' dir='ltr'><em>ειναι</em></span> <span class='ocrx_word' id='word_1_296' title='bbox 1187 3168 1238 3214; x_wconf 85' lang='lat' dir='ltr'><strong>et</strong></span> <span class='ocrx_word' id='word_1_297' title='bbox 1279 3163 1502 3227; x_wconf 79' lang='grc' dir='ltr'><em>οὐδαμοῦ</em></span> <span class='ocrx_word' id='word_1_298' title='bbox 1547 3163 1820 3231; x_wconf 82' lang='grc' dir='ltr'><em>φαίνεσθαι</em></span> <span class='ocrx_word' id='word_1_299' title='bbox 1867 3178 1927 3215; x_wconf 90' lang='lat' dir='ltr'><strong>eo</strong></span> <span class='ocrx_word' id='word_1_300' title='bbox 1983 3178 2144 3215; x_wconf 90' lang='lat' dir='ltr'><strong>sensu</strong></span> <span class='ocrx_word' id='word_1_301' title='bbox 2194 3178 2419 3233; x_wconf 62' lang='grc'>1138811111</span> 
     </span>
     <span class='ocr_line' id='line_1_35' title="bbox 427 3247 2413 3322; baseline -0.003 -15"><span class='ocrx_word' id='word_1_302' title='bbox 427 3252 781 3307; x_wconf 85' lang='lat' dir='ltr'><strong>Athenienses</strong></span> <span class='ocrx_word' id='word_1_303' title='bbox 824 3248 1010 3302; x_wconf 87' lang='lat' dir='ltr'><strong>audies</strong></span> <span class='ocrx_word' id='word_1_304' title='bbox 1062 3247 1330 3302; x_wconf 88' lang='lat' dir='ltr'><strong>dicentes:</strong></span> <span class='ocrx_word' id='word_1_305' title='bbox 1385 3250 1625 3320; x_wconf 87' lang='lat' dir='ltr'><strong>exempla</strong></span> <span class='ocrx_word' id='word_1_306' title='bbox 1665 3249 1785 3302; x_wconf 89' lang='lat' dir='ltr'><strong>vide</strong></span> <span class='ocrx_word' id='word_1_307' title='bbox 1825 3248 1964 3319; x_wconf 88' lang='lat' dir='ltr'><strong>apud</strong></span> <span class='ocrx_word' id='word_1_308' title='bbox 2006 3249 2413 3322; x_wconf 85' lang='lat' dir='ltr'><strong>Wyttenbach</strong></span> 
     </span>
     <span class='ocr_line' id='line_1_36' title="bbox 427 3335 2416 3408; baseline -0.002 -13"><span class='ocrx_word' id='word_1_309' title='bbox 427 3341 493 3395; x_wconf 89' lang='lat' dir='ltr'><strong>ad</strong></span> <span class='ocrx_word' id='word_1_310' title='bbox 532 3338 797 3393; x_wconf 82' lang='lat' dir='ltr'><strong>Phaedon.</strong></span> <span class='ocrx_word' id='word_1_311' title='bbox 842 3353 892 3408; x_wconf 90' lang='lat' dir='ltr'><strong>p.</strong></span> <span class='ocrx_word' id='word_1_312' title='bbox 938 3339 1061 3390; x_wconf 72' lang='lat'><strong>182.</strong></span> <span class='ocrx_word' id='word_1_313' title='bbox 1140 3335 1339 3390; x_wconf 89' lang='lat' dir='ltr'><strong>Eodem</strong></span> <span class='ocrx_word' id='word_1_314' title='bbox 1370 3337 1525 3390; x_wconf 89' lang='lat' dir='ltr'><strong>modo</strong></span> <span class='ocrx_word' id='word_1_315' title='bbox 1558 3336 1693 3390; x_wconf 84' lang='lat' dir='ltr'><strong>dixit</strong></span> <span class='ocrx_word' id='word_1_316' title='bbox 1728 3335 2109 3391; x_wconf 87' lang='lat' dir='ltr'><strong>Demosthenes</strong></span> <span class='ocrx_word' id='word_1_317' title='bbox 2150 3339 2202 3390; x_wconf 90' lang='lat' dir='ltr'><strong>in</strong></span> <span class='ocrx_word' id='word_1_318' title='bbox 2246 3336 2416 3392; x_wconf 66' lang='lat' dir='ltr'><strong>Orat.*⁴</strong></span> 
     </span>
     <span class='ocr_line' id='line_1_37' title="bbox 427 3415 2401 3491; baseline -0.002 -9"><span class='ocrx_word' id='word_1_319' title='bbox 427 3428 584 3482; x_wconf 83' lang='lat' dir='ltr'><strong>LVII.</strong></span> <span class='ocrx_word' id='word_1_320' title='bbox 630 3430 718 3483; x_wconf 89' lang='grc'><strong>16.</strong></span> <span class='ocrx_word' id='word_1_321' title='bbox 779 3428 869 3479; x_wconf 86' lang='grc' dir='ltr'><strong>οὐκ</strong></span> <span class='ocrx_word' id='word_1_322' title='bbox 923 3423 1092 3489; x_wconf 77' lang='grc' dir='ltr'><em>ἠγνόει</em></span> <span class='ocrx_word' id='word_1_323' title='bbox 1145 3420 1221 3478; x_wconf 71' lang='grc' dir='ltr'><em>ἔτι</em></span> <span class='ocrx_word' id='word_1_324' title='bbox 1273 3427 1315 3479; x_wconf 80' lang='grc' dir='ltr'><strong>εἰ</strong></span> <span class='ocrx_word' id='word_1_325' title='bbox 1371 3424 1527 3489; x_wconf 78' lang='grc' dir='ltr'><em>λόγος</em></span> <span class='ocrx_word' id='word_1_326' title='bbox 1586 3426 1942 3489; x_wconf 63' lang='grc' dir='ltr'><em>ἀποδοθήσοιτο</em></span> <span class='ocrx_word' id='word_1_327' title='bbox 1983 3456 2057 3466; x_wconf 94' lang='lat'><strong>—-</strong></span> <span class='ocrx_word' id='word_1_328' title='bbox 2096 3415 2401 3491; x_wconf 74' lang='grc' dir='ltr'><em>οὐδαμοῦ</em></span> 
     </span>
     <span class='ocr_line' id='line_1_38' title="bbox 426 3512 2389 3586; baseline -0.002 -15"><span class='ocrx_word' id='word_1_329' title='bbox 426 3518 844 3581; x_wconf 87' lang='grc' dir='ltr'><em>γενήσονται</em></span> <span class='ocrx_word' id='word_1_330' title='bbox 883 3514 925 3569; x_wconf 83' lang='grc' dir='ltr'><strong>οἱ</strong></span> <span class='ocrx_word' id='word_1_331' title='bbox 963 3512 1106 3581; x_wconf 75' lang='grc' dir='ltr'><em>μετα</em></span> <span class='ocrx_word' id='word_1_332' title='bbox 1141 3512 1322 3569; x_wconf 82' lang='grc' dir='ltr'><em>τούτου</em></span> <span class='ocrx_word' id='word_1_333' title='bbox 1356 3513 1719 3578; x_wconf 78' lang='grc' dir='ltr'><em>συνεςήκότες,</em></span> <span class='ocrx_word' id='word_1_334' title='bbox 1764 3513 1857 3569; x_wconf 89' lang='lat' dir='ltr'><strong>ubi</strong></span> <span class='ocrx_word' id='word_1_335' title='bbox 1896 3514 2183 3580; x_wconf 89' lang='grc' dir='ltr'><em>γενήσοιντο</em></span> <span class='ocrx_word' id='word_1_336' title='bbox 2214 3521 2389 3586; x_wconf 88' lang='lat' dir='ltr'><strong>postu-</strong></span> 
     </span>
    </p>
   </div>
   <div class='ocr_carea' id='block_1_5' title="bbox 2406 2880 2425 2988">
    <p class='ocr_par' dir='ltr' id='par_1_10' title="bbox 2406 2880 2425 2986">
     <span class='ocr_line' id='line_1_39' title="bbox 2406 2880 2424 2924; baseline 0 -6"><span class='ocrx_word' id='word_1_337' title='bbox 2406 2880 2424 2924; x_wconf 38' lang='lat' dir='ltr'><strong>ull</strong></span> 
     </span>
     <span class='ocr_line' id='line_1_40' title="bbox 2408 2923 2412 2931; baseline 0 0"><span class='ocrx_word' id='word_1_338' title='bbox 2408 2923 2412 2931; x_wconf 63' lang='lat'><strong>.</strong></span> 
     </span>
     <span class='ocr_line' id='line_1_41' title="bbox 2408 2932 2425 2988; baseline 0 -2"><span class='ocrx_word' id='word_1_339' title='bbox 2408 2932 2425 2988; x_wconf 64' lang='lat' dir='ltr'><strong>{i</strong></span> 
     </span>
    </p>
   </div>
  </div>
 </body>
</html>
