2436 4068
1331 194 1451 243 '248

845 339 1084 405 ἀδελφῶν
1126 335 1152 395 ἣ
1197 334 1351 402 ποὲρος
1393 335 1523 389 θέλει
1567 338 1746 392 θανεῖν.

392 427 642 499 quoniam
692 424 850 492 παρος
904 424 1171 478 constanti
1220 429 1500 494 poetarum
1545 441 1643 478 usu
1684 426 1808 479 olim
1869 444 2078 500 semper
2127 437 2368 499 χρονικῶς

390 517 514 588 poni
555 514 685 568 solet
726 519 786 566 ut
827 512 898 565 sit
951 511 1217 578 πρότερον,
1258 517 1319 564 ut
1359 510 1499 582 apud
1547 513 1868 578 Homerum,
1909 515 2099 572 deinde
2139 519 2195 572 in
2242 520 2369 574 Tra·

392 602 579 674 goedia
617 605 834 660 τοπικῶς
894 616 1139 670 quoque,
1190 606 1249 652 ut
1303 598 1374 654 sit
1420 598 1728 668 ἔμπροσθεν,
1763 609 1815 656 et
1856 620 2027 674 neque
2066 605 2164 660 hoc
2198 624 2371 678 neque

391 690 522 744 illud
564 690 643 743 rci
679 688 943 742 convenit.
1025 687 1204 741 Facile
1236 693 1376 741 esset
1405 704 1434 742 e
1462 705 1538 742 vs,
1572 694 1697 744 545.
1740 691 1989 752 θνησκέτω
2025 694 2200 757 γένους
2245 694 2370 763 ὅπερ

390 786 443 832 et
483 776 748 830 similibus
788 775 918 830 locis
970 775 1264 830 rescribere
1317 773 1621 845 αδελφῶνῆ
1667 778 1798 833 θέλει
1853 781 2018 834 θανεῖν
2071 779 2225 849 ὅπερ,
2280 783 2371 838 sed

391 864 706 937 scrupulum
754 863 929 917 iniicit
969 879 1101 917 usus
1133 863 1458 935 Euripideus
1500 864 1647 918 verbi
1689 869 2043 934 προθνήσκειν,
2084 869 2225 941 quod
2262 887 2372 927 sae-

391 971 456 1026 pe
496 953 675 1025 posuit
713 969 809 1024 pro
848 953 1234 1019 ὑπερθνήσκειν,
1278 958 1336 1006 ut
1374 953 1430 1005 in
1468 951 1569 1006 hac
1610 953 1725 1024 ipsa
1767 971 1826 1009 re
1863 972 1942 1010 vs,
1975 960 2101 1011 590.
2157 958 2374 1025 προῦθα-

393 1063 469 1096 νον
504 1041 681 1107 γένους
705 1082 718 1104 ,
759 1039 898 1111 quod
939 1039 1249 1112 planissime
1285 1047 1365 1094 est
1415 1039 1582 1094 ἔθανον
1622 1041 1798 1106 γένους
1838 1041 1981 1111 ὕπερ.
2063 1045 2242 1101 Potest
2277 1047 2373 1117 igi-

392 1137 485 1184 tur
523 1127 808 1200 Euripides
845 1145 1004 1182 suum
1042 1129 1301 1195 προθανεῖν
1342 1127 1397 1181 iu
1434 1127 1592 1195 παρος
1624 1131 1788 1185 θανεῖν
1825 1130 2007 1186 eodem
2051 1148 2211 1187 sensu
2251 1150 2373 1188 con·

392 1219 651 1282 vertisse,
712 1224 773 1271 ut
825 1216 966 1288 quod
1014 1217 1068 1270 in
1118 1232 1178 1270 ea
1218 1232 1277 1270 re
1327 1214 1477 1269 nobis
1536 1216 1783 1288 displicet
1839 1235 1943 1273 non
1998 1219 2234 1276 librariis
2281 1221 2374 1277 sed

392 1308 584 1361 Poetae
625 1307 696 1360 sit
732 1303 1108 1377 imputandum
1146 1311 1198 1358 et
1233 1302 1367 1357 nihil
1401 1303 1532 1358 adeo
1570 1305 1910 1361 movendum.

469 1395 530 1448 In
567 1411 643 1448 vs,
677 1397 803 1449 542.
846 1394 1089 1462 πέφυκας
1131 1398 1414 1460 Ἡρακλῆος
1467 1392 1749 1448 manifesto
1790 1394 2044 1450 mendosa
2082 1402 2164 1451 est
2202 1395 2373 1452 forma

392 1490 675 1550 Ἡρακλῆος
719 1499 814 1554 pro
854 1482 1162 1549 Ἡρακλέους
1210 1479 1303 1534 sed
1343 1478 1660 1536 facillimum
1700 1489 1781 1537 est
1832 1482 2086 1538 mendum
2127 1493 2373 1559 transpo-

394 1572 586 1625 sitione
625 1569 843 1634 tollere,
886 1576 946 1623 ut
988 1568 1289 1623 scribatur:

771 1657 1080 1724 Ἡρακλέους
1122 1658 1366 1725 πέφυκας
1407 1657 1507 1711 οὐδ’
1547 1658 1882 1726 αἰσχύνομαι.

468 1747 528 1800 Ι11
581 1763 659 1800 vs,
699 1748 826 1800 612.
886 1746 972 1799 τὸν
1010 1745 1107 1811 μὲν
1154 1746 1254 1813 ἀφ’
1305 1746 1516 1812 ὑψηλῶν
1562 1746 1773 1814 βραχὺν
1819 1745 1969 1815 ᾤκισε
2021 1763 2212 1802 sanum
2267 1765 2373 1803 11011

391 1842 473 1891 est
525 1833 674 1903 ᾤκισε
724 1850 820 1905 pro
860 1833 1064 1897 ἔθηκεν,
1120 1833 1325 1894 ἐποίησε
1382 1834 1633 1904 positum.
1715 1833 2095 1904 Reponendum
2154 1836 2372 1891 verbum

392 1930 473 1978 est
513 1939 618 1994 quo
671 1920 968 1994 Aeschylus
1026 1937 1182 1991 saepe
1221 1937 1352 1974 usus
1393 1928 1510 1981 est,
1550 1938 1955 1992 nonnumquam
1995 1923 2281 1995 Euripides
2322 1924 2375 1980 ἔ-

390 2033 570 2077 κτισε,
624 2009 764 2081 quod
817 2010 948 2064 satis
998 2008 1237 2062 tuebitur
1283 2007 1430 2063 locus
1470 2010 1527 2063 in
1569 2008 1910 2081 Supplicibus
1951 2012 2258 2083 Euripideis
2297 2029 2371 2068 vs.

394 2103 521 2155 621.
578 2099 809 2153 ποτανοὶν
848 2098 897 2151 εἴ
931 2098 998 2162 μέ
1032 2118 1110 2157 τις
1151 2099 1268 2150 θεῶν
1303 2099 1507 2161 κτίσαι,
1561 2097 1700 2168 quod
1742 2098 2010 2168 significat
2048 2100 2146 2154 ε’ίθε
2185 2101 2254 2167 με’
2291 2123 2370 2164 τις

391 2190 506 2242 θεῶν
546 2188 824 2254 ὑπόπτερον
874 2187 976 2247 θείη
1021 2184 1099 2238 vel
1142 2186 1430 2250 ποιήσειεν,
1488 2192 1540 2239 et
1578 2187 1631 2239 in
1674 2185 1857 2240 eadem
1899 2186 2076 2241 fabula
2122 2206 2198 2244 VS.
2241 2194 2370 2247 787.

614 2273 828 2339 ἄγαμόν
868 2277 927 2338 μ’
968 2271 1042 2327 ἔτι
1083 2274 1212 2340 δεῦρ’
1243 2273 1325 2326 oze}
1363 2271 1371 2346 Ι
1403 2273 1579 2340 χρόνος
1622 2276 1847 2334 παλαιὸς
1888 2277 2063 2343 πατήρ

612 2364 774 2431 ὤφελ’
815 2362 1015 2429 οὶμεροῖν
1054 2361 1247 2415 κτίσαι.
1285 2360 1293 2434 fl
1328 2362 1381 2415 τί
1418 2360 1522 2429 γαρ
1562 2363 1621 2426 μ’
1661 2360 1757 2416 ἔδει
1799 2364 2026 2427 παίδωνς

390 2451 443 2506 id
482 2458 564 2506 est
603 2450 814 2516 ἄγαμον
855 2452 1009 2504 θεῖναι
1051 2450 1161 2503 sive
1201 2457 1427 2513 ποιῆσαι.

461 2541 662 2595 Versus
694 2543 834 2593 655:

690 2629 743 2683 τί
780 2634 971 2695 χρῆμα
1010 2633 1179 2681 κεῖσαι
1220 2627 1306 2681 καὶ
1348 2629 1586 2696 κατηφὲς
1619 2626 1746 2693 ὄμμ’
1789 2626 1968 2694 ἔχεως

387 2720 500 2790 ipse
537 2717 919 2787 integerrimus
959 2722 1038 2769 est
1075 2723 1128 2769 et
1163 2715 1370 2770 utiliter
1403 2715 1645 2771 adhiberi
1685 2722 1858 2787 potest
1890 2715 1956 2769 ad
1997 2715 2160 2770 alium
2193 2731 2368 2770 emen·

387 2805 623 2861 dandum
664 2806 718 2857 in
758 2803 939 2858 Medea
984 2807 1144 2858 1012.

690 2893 743 2947 τί
780 2893 838 2954 δη
879 2898 1139 2962 κατηφεῖς
1180 2892 1327 2971 ὄμμα
1365 2893 1451 2946 καὶ
1491 2892 1834 2958 δακρυρροεῖς;

389 2982 481 3037 ubi
535 2981 910 3053 corrigendum
974 2998 1089 3036 esse
1143 2988 1272 3053 puto
1329 2980 1566 3049 κατηφὲς
1618 2979 1802 3044 ὄμμα,
1863 2996 2094 3051 namque
2147 2979 2367 3035 verbum

388 3076 674 3140 κατηφεῖν,
716 3087 819 3140 quo
854 3071 1126 3141 sequiores
1160 3068 1406 3124 Graeculi
1440 3067 1731 3139 plurimum
1774 3067 2139 3132 delectantur,
2178 3084 2209 3121 a
2240 3067 2367 3122 Tra·

389 3160 631 3231 gicorum
672 3174 775 3210 usu
819 3157 973 3228 plane
1013 3158 1298 3212 abhorrere
1338 3155 1568 3210 videtur.

463 3247 831 3319 Turpissimus
870 3245 1236 3300 barbarismus
1283 3244 1529 3314 inquinat
1582 3261 1657 3298 vs,
1694 3247 1819 3298 652.

989 3336 1030 3388 εἰ
1068 3336 1119 3388 δὲ
1159 3335 1310 3388 τῶνδε
1349 3331 1624 3400 προσθίξεις
1664 3332 1784 3399 χερί

767 3422 897 3475 δυοῖν
937 3422 1188 3488 γερόντοιν
1228 3425 1281 3476 οὐ
1323 3425 1493 3480 καλῶς
1533 3421 1760 3484 ἀγωνιεῖ.

391 3511 505 3575 θίξω
546 3511 688 3566 enim
731 3516 784 3564 et
816 3508 1059 3576 προσθίξω
1098 3527 1202 3564 11011
1242 3511 1424 3564 minus
1460 3514 1586 3562 sunt
1629 3506 1855 3561 barbara
1895 3491 2054 3578 q'uam
2095 3508 2231 3572 λήξω
2273 3524 2367 3579 pro

391 3599 611 3668 λήξομαι
635 3642 648 3665 ,
691 3599 843 3667 λη’ῲω
885 3614 979 3668 pro
1018 3601 1256 3666 λήψομαι
1280 3641 1294 3663 ,
1334 3596 1495 3661 τεύξω
1537 3612 1632 3668 pro
1670 3594 1951 3661 τεύξομαι,
1992 3602 2084 3650 aut
2129 3596 2365 3658 πλεύσω,
