2436 4068
1038 179 1142 230 590

91 322 181 377 ubi
222 320 381 376 Ξλύσω
420 319 860 385 rescribendum,
902 336 1135 393 namque
1170 321 1284 382 ἰλύς
1322 326 1375 375 et
1414 320 1644 376 κατιλύω
1686 320 1888 376 Graeca
1927 328 2083 387 sunt,
2173 354 2190 370 .

91 417 344 480 recteque
381 409 436 461 in
475 406 828 462 Oeconomico
870 408 1037 464 XVII.
1084 413 1152 462 12
1189 407 1450 463 scribitur
1479 408 1618 468 ἰλύος
1656 409 1987 477 ἐπιχυθείσης
2031 417 2084 464 et

90 513 212 551 mox
252 499 280 566 §
322 500 387 549 15
423 497 493 562 τῷ
523 496 877 557 κατιλυθέντι,
923 496 1063 566 quod
1096 497 1359 550 intactum
1390 498 1621 550 evasisse
1652 497 1837 550 miror.
1892 498 2080 568 Magna

89 589 172 638 est
216 582 415 653 ubique
456 581 643 635 talium
685 585 837 653 copia
885 599 982 637 nec
1025 584 1227 636 mirum
1279 582 1410 638 adeo
1467 590 1700 638 veterem
1754 585 2083 656 scripturam

89 676 564 724 TONAEINON
608 669 713 742 (τὸν
747 668 896 743 δῖνον)
938 670 991 722 in
1026 672 1086 724 τὸ
1121 669 1275 724 δεινόν
1311 669 1525 726 abiisse.

163 757 335 825 Quam
375 773 536 828 saepe
576 757 799 811 vitiosae
833 757 1136 827 scripturae
1188 758 1265 811 sic
1318 764 1474 812 natae
1524 759 1577 811 in
1629 759 2083 815 emendatissimis

92 844 418 901 editionibus
455 843 712 898 haereant
745 845 894 897 iuvat
929 845 1115 915 paucis
1148 844 1408 915 exemptis
1439 844 1809 901 demonstrare
1844 865 1909 902 ex
1948 851 2080 904 Pau-

90 933 272 987 saniae
311 933 610 998 περιηγήσει
652 932 878 994 sumtis,
933 948 1095 1002 quam
1156 932 1377 986 Parisiis
1426 932 1595 986 edidit
1653 934 1705 987 1..
1753 935 2078 992 Dindorfins.

89 1018 304 1074 Videbis
341 1018 413 1071 ibi
444 1020 708 1089 scriptum
746 1034 862 1073 esse
895 1035 944 1089 p.
973 1023 1081 1074 596
1104 1026 1157 1074 et
1180 1024 1287 1074 597
1327 1020 1528 1091 passim
1565 1021 1823 1087 Ἀρείονα,
1866 1040 1914 1095 p.
1940 1029 2080 1087 401,

90 1111 160 1163 45
202 1107 535 1175 νειφόμενος,
582 1123 629 1176 p.
666 1110 810 1168 454,
855 1110 923 1160 27
977 1109 1206 1176 νείφειν,
1250 1114 1303 1162 et
1349 1124 1401 1178 p.
1444 1110 1581 1172 145,
1624 1111 1694 1162 34
1750 1110 2080 1175 ’Λπόλλωνος

83 1196 398 1262 Ἀκρείτα
445 1194 655 1260 βωμός,
708 1200 762 1247 et
812 1211 860 1264 p.
901 1198 1034 1258 158,
1079 1200 1142 1250 51
1205 1195 1460 1262 Θηρείταν
1501 1203 1556 1250 et
1605 1198 1836 1268 saepius,
1918 1199 2082 1255 Recte

83 1283 329 1350 Ἀκρίτας
371 1289 425 1337 et
459 1282 709 1348 Ἀκρίταν
744 1281 1004 1336 scribitur
1043 1299 1096 1353 p.
1141 1285 1280 1345 224,
1324 1286 1396 1338 20
1431 1288 1485 1337 et
1517 1286 1605 1336 24.
1685 1283 1886 1356 Nempe
1928 1288 2079 1358 quid·

82 1370 212 1443 quid
252 1371 454 1426 Graece
493 1371 606 1424 exit
645 1369 699 1422 in
746 1367 900 1431 -ατης
951 1376 1006 1424 et
1053 1369 1205 1432 -ύτης
1260 1378 1315 1426 et
1361 1371 1497 1433 -ίτης
1553 1370 1805 1442 producit
1854 1375 2082 1443 penulti-

84 1475 258 1523 mam,
299 1465 359 1512 ut
393 1466 448 1512 et
486 1456 811 1511 faemininae
849 1456 1051 1512 formae
1102 1460 1156 1512 in
1188 1462 1330 1521 -ἄτις
1367 1465 1422 1514 et
1459 1463 1595 1520 -ῦτις
1637 1465 1691 1513 et
1724 1467 1846 1522 -ῖτις
1888 1463 2079 1518 confir-

81 1554 235 1602 mant
264 1554 317 1601 et
361 1546 604 1600 omnium
643 1551 938 1617 perpetuus
980 1562 1139 1610 usus,
1194 1554 1254 1601 ut
1302 1547 1357 1601 in
1409 1546 1721 1612 Τεγεάτης,
1777 1554 2074 1616 Τεγεᾶτις,

79 1635 453 1704 Σπαρτιάτης,
494 1634 822 1702 πρεσβύτης,
866 1635 1110 1699 πολίτης,
1150 1635 1512 1703 μαργαρίτης,
1566 1636 1888 1702 μακαρίτης,
1934 1640 2075 1696 aliis-

80 1741 187 1797 que
211 1724 504 1788 sexcentis„
541 1738 680 1795 quae
710 1739 858 1777 more
888 1729 1100 1778 vetusto
1130 1741 1223 1795 per
1251 1745 1294 1778 ει
1321 1723 1698 1779 scribebantur
1730 1731 1788 1778 ut
1815 1733 2075 1794 TEIMH,

77 1818 371 1867 NEIKAN.
454 1809 557 1866 Sed
592 1808 1045 1881 quemadmodum
1081 1828 1182 1865 non
1221 1811 1324 1874 sic,
1365 1811 1457 1867 sed
1492 1813 1620 1877 τιμή
1651 1819 1702 1866 et
1737 1818 1882 1868 νικᾶν
1917 1816 2074 1873 hodie

78 1899 401 1964 scribimus,
441 1899 520 1952 sic
541 1906 819 1952 ΑΡΕΙΩΝ
848 1900 1026 1966 Ἀρίων
1049 1899 1395 1955 scribendum
1427 1907 1539 1966 est,
1574 1908 1627 1956 et
1653 1909 1887 1959 ΝΕΙΦΩ
1910 1907 2069 1976 νίφα,

76 1994 133 2043 et
171 1994 482 2042 AKPEITA
520 1988 740 2055 Ἀκρίτα
764 2029 776 2049 ,
819 1993 872 2042 et
912 1987 1165 2042 similiter
1201 1988 1253 2041 in
1296 1988 1585 2044 similibus.

153 2073 382 2147 sequior
414 2074 584 2129 forma
622 2077 680 2129 ἐκ
716 2082 808 2137 τῆς
849 2081 947 2129 τῶν
984 2076 1188 2130 ἰδιωτῶν
1222 2077 1485 2138 συνηθείας
1528 2077 1748 2149 irrepsit
1785 2079 1841 2134 in
1875 2081 2065 2139 XVIII.

75 2164 130 2218 8.
166 2162 376 2217 ἐπειδὰν
413 2163 466 2217 δὲ
498 2161 719 2230 καθαρης
743 2180 838 2233 pro
873 2165 1119 2232 καθήρης,
1161 2163 1303 2235 quod
1339 2165 1456 2219 sine
1493 2181 1642 2219 mora
1678 2169 2064 2238 reponendum.

73 2248 366 2305 Admonuit
423 2250 490 2306 ‹le
546 2251 650 2304 isto
702 2251 1006 2323 aequalium
1057 2269 1240 2307 errore
1293 2253 1485 2307 Moeris
1526 2257 1740 2323 p.157‚
1781 2256 2064 2316 admonuit

74 2337 417 2413 Phrynichus
456 2356 507 2411 p.
550 2341 671 2402 24„
718 2340 809 2410 qui
853 2341 955 2394 tria
998 2340 1373 2411 vutgatissima
1413 2339 1748 2411 popularium
1788 2344 1917 2399 vitia
1972 2365 2060 2404 no·

75 2432 195 2481 tans
230 2426 295 2482 de
337 2433 447 2481 toto
498 2426 598 2481 hoc
650 2444 846 2497 genere
891 2429 1179 2500 praecepit.
1265 2427 1504 2482 Plurima
1544 2428 1772 2484 Lobeck.
1826 2433 1893 2488 ad
1931 2434 1983 2493 h.
2021 2437 2057 2493 Ι.

70 2514 396 2587 conquisivit
447 2514 540 2570 sed
599 2522 658 2569 ut
711 2515 844 2570 nihil
886 2518 1021 2572 certi
1076 2516 1446 2571 constitueret.
1526 2516 1848 2574 Dominatur
1884 2523 1935 2576 in
1974 2522 2060 2581 his

69 2617 282 2675 quoque
317 2619 447 2657 usus
480 2602 571 2658 sed
615 2603 918 2659 scribarum
957 2605 1088 2659 vitio
1128 2604 1333 2659 formae
1377 2603 1715 2660 diversorum
1751 2614 2055 2682 temporum

67 2695 124 2747 et
173 2689 415 2745 locorum
469 2690 612 2746 inter
664 2708 721 2747 se
773 2691 1027 2748 confusae
1086 2692 1277 2747 fallunt
1330 2691 1742 2765 impediuntque
1793 2712 1910 2762 eos,
1964 2702 2057 2771 qui

0 2784 1 2808 ³
69 2792 206 2851 quae
238 2777 437 2833 suerint
480 2778 605 2833 olim
648 2787 829 2836 certae
870 2780 1122 2852 loquendi
1165 2780 1306 2852 leges
1343 2780 1567 2836 definire
1608 2783 1854 2855 cupiunt.
1938 2786 2057 2842 Cer-

0 2859 1 2873 *
70 2870 185 2921 tum
224 2872 306 2921 est
346 2865 507 2920 verba
548 2867 602 2921 in
646 2868 816 2935 -ραίνω
856 2875 910 2924 et
950 2870 1114 2924 -ιαίνω
1154 2869 1335 2923 omnia
1383 2868 1526 2941 apud
1575 2871 1779 2925 Atticos
1819 2873 1874 2926 in
1916 2876 2053 2929 aori-

68 2959 152 3008 sto
180 2974 219 3008 α
261 2952 582 3025 productum
621 2954 841 3011 babere:
886 2958 1060 3028 ipsum
1110 2957 1259 3026 ῥαίνω
1302 2956 1461 3012 babet
1501 2956 1713 3025 ἕρρανα,
1753 2963 1930 3028 ῥᾶναι,
1972 2964 2058 3032 ῥοί-

0 3042 1 3056 *
69 3061 191 3107 νας,
235 3048 295 3096 nt
332 3042 383 3095 in
426 3041 729 3113 fragmento
770 3045 961 3099 incerti
1000 3045 1215 3117 Tragici
1258 3045 1452 3101 Athen.
1496 3062 1544 3118 p.
1571 3050 1659 3101 48.
1702 3047 1762 3102 A.

368 3131 518 3184 ἄλλα
556 3130 774 3195 ξενῶνας
814 3130 925 3198 οἶγε
961 3133 1048 3188 καὶ
1090 3137 1234 3203 ῥᾶνον
1273 3134 1489 3199 δόμους,

65 3215 146 3271 nic
179 3223 233 3272 et
270 3218 465 3287 χραίνω
494 3218 720 3287 ἔχρανα,
764 3229 819 3275 ut
860 3222 912 3275 in
951 3220 1228 3294 Euripidis
1277 3222 1563 3295 Hippolyto
1605 3226 1748 3278 1266
1786 3226 1940 3291 ταμα
1979 3230 2055 3294 μὴ

64 3308 322 3372 κρᾶναι
374 3306 543 3374 λέχη,
587 3310 757 3363 etsie
805 3313 1056 3376 περᾶναι,
1111 3312 1394 3379 εὐφρᾶναι,
1447 3311 1792 3379 δυσχερᾶναι,
1843 3312 2054 3387 aliaque

69 3390 237 3445 multa
278 3391 544 3450 dicebant.
623 3397 840 3453 Certum
877 3405 959 3453 est
998 3397 1158 3453 verba
1201 3398 1251 3451 in
1292 3399 1467 3463 -ιαίνω,
1501 3399 1679 3452 omnia
1731 3399 1871 3470 apud
1912 3402 2048 3458 Atti-

66 3494 156 3532 cos
208 3478 428 3534 eandem
479 3483 740 3538 rationem
797 3486 978 3557 sequi,
1035 3492 1095 3539 ut
1147 3485 1198 3538 in
1240 3486 1499 3552 ἑχλίανα,
1557 3486 1775 3549 ἐπίανα,
1828 3489 2048 3553 ἐμίανα,

67 3568 315 3632 &mix-ax,
361 3567 507 3628 aiiis;
557 3570 731 3626 Ionica
776 3581 898 3628 sunt
933 3574 1181 3640 ἐχλίηνα,
1240 3575 1454 3639 ἕμίηνα,
1520 3580 1576 3626 ut
1630 3575 1796 3634 ι’ήνας,
1839 3575 2046 3643 ἐδιήνα,
