2436 4068
1291 230 1359 280 92

637 375 951 440 ἀσεβοῦντες
988 374 1042 427 οὐ
1082 371 1303 426 διδόασιν
1343 371 1520 431 εὐθέως
1561 371 1734 435 δίκην,

637 463 733 516 τίν’
774 462 1032 527 αἰελούρου
1071 459 1248 525 βωμὸς
1290 459 1602 526 ἐπιτρίψειεν
1636 459 1738 522 άνς

339 554 393 602 et
430 548 712 603 verissima
758 555 839 603 est
885 547 1180 601 sententia:
1224 546 1317 616 qui
1367 561 1470 599 non
1527 551 1813 600 contentus
1865 550 1947 601 est
1999 547 2135 601 veris
2178 545 2330 602 bonis

339 643 393 696 et
432 635 655 690 meliora
693 636 905 706 quaerit
945 634 1186 688 invenire
1232 632 1364 687 solet
1402 633 1623 688 malum.

418 721 568 790 Quod
605 721 883 776 Menandri
918 719 1281 792 fragmentum
1328 721 1562 775 servavit
1601 720 1833 795 Etymol.
1868 720 1936 776 M.
1983 737 2031 793 p.
2065 725 2165 786 45,
2204 724 2293 776 25.

641 810 797 879 ὄρᾷςς
840 810 1035 875 άκαρὺς
1077 808 1470 879 παραπόλωλας
1512 809 1696 876 άρτίως

342 898 419 952 ita
457 895 854 951 restituendum
894 895 1136 951 videtur:

645 985 798 1054 ὄρᾷςς
842 985 966 1052 παρ’
1005 986 1172 1052 άκαρῆ
1207 985 1313 1051 γάρ
1352 983 1637 1044 άπόλωλας
1671 983 1873 1052 άρτίως.

418 1072 584 1127 Docet
620 1072 928 1131 Demetrius
966 1070 1078 1139 περὶ
1121 1071 1386 1140 ἑρμηνείας
1429 1070 1468 1144 §
1510 1075 1634 1125 194.
1683 1068 1759 1126 ὅτι
1813 1069 2338 1140 Μένανδρον’ὑποκρί·

344 1180 513 1214 νονται
569 1160 850 1226 λελυμένον
903 1161 954 1214 ἐν
989 1166 1095 1220 τοῖς
1152 1159 1421 1222 πλείςοις,
1462 1160 1730 1224 Φιλήμονα
1770 1159 1822 1213 δὲ
1874 1160 2336 1224 ἀναγινώσκουσιν,

346 1246 538 1302 deinde
578 1246 724 1302 hunc
781 1246 1060 1302 Menandri
1098 1245 1428 1300 versiculum
1484 1244 1641 1300 affert
1696 1245 2043 1314 παράδειγμα
2087 1244 2166 1301 ὅτι
2222 1247 2340 1301 ὑπο-

344 1337 562 1403 κριτικὸν
603 1338 633 1399 a?
673 1336 853 1396 λύσις·

648 1421 938 1490 ἐδεξάμην,
979 1420 1212 1488 ἔτικτον,
1251 1421 1514 1491 ἕκτρέφω,
1553 1421 1700 1491 φίλε.

346 1510 542 1565 melius
578 1510 740 1565 etiam
775 1510 1079 1583 apparebit,
1120 1511 1166 1565 si
1201 1526 1297 1581 pro
1330 1510 1459 1579 φίλε
1502 1508 1871 1564 emendaveris
1901 1514 2059 1579 φιλῶ.

421 1599 540 1653 Dici
586 1599 786 1654 Graece
825 1615 928 1652 non
971 1604 1146 1670 potest
1185 1597 1328 1669 quod
1367 1595 1722 1652 Menandrum
1762 1596 2059 1652 Meinekius
2098 1597 2224 1652 fecit
2263 1597 2340 1652 di·

347 1692 582 1742 centem:
623 1689 712 1742 οὐκ
742 1685 816 1743 έςι
850 1686 955 1754 γάρ
995 1686 1309 1754 γλυκύτερον
1346 1685 1375 1749 ἢ
1413 1684 1570 1740 πάντ’
1599 1685 1817 1747 εἰδέναι,
1862 1686 2161 1756 requiritur
2197 1687 2340 1740 enim

347 1777 437 1829 οὐκ
480 1773 556 1832 έςι
600 1774 705 1842 γάρ
762 1773 1076 1841 γλυκύτερον
1128 1774 1282 1832 οὐδέν.
1361 1773 1534 1827 Locus
1571 1789 1602 1826 a
1641 1771 1828 1826 multis
1874 1771 2126 1826 laudatus
2165 1789 2340 1828 emen·

348 1862 472 1916 date
511 1863 745 1933 scriptus
793 1868 874 1915 est
929 1862 985 1915 in
1021 1861 1292 1916 Ciceronis
1335 1860 1575 1932 Epistola
1612 1859 1680 1915 ad
1709 1859 1952 1915 Atticum
1987 1861 2076 1915 1V.
2124 1866 2226 1925 11,
2266 1861 2344 1915 ni·

347 1949 394 2003 si
436 1949 577 2020 quod
616 1950 719 2006 ε’ςιν
758 1947 985 2003 excidit:
1027 1948 1312 2019 legendum
1355 1948 1532 2003 enim:

651 2038 788 2099 οὐδὲν
827 2036 1143 2105 γλυκύτερόν
1179 2038 1284 2094 ἕςιν
1321 2036 1350 2099 ἢ
1387 2034 1544 2090 πάντ’
1586 2034 1788 2099 εἰδέναι.
2304 2105 2314 2116 .

423 2125 485 2178 In
515 2125 799 2180 sententiis
832 2124 1183 2180 monostichis
1218 2123 1387 2178 multa
1417 2130 1708 2196 supersunt
1747 2122 2089 2194 corrigenda,
2129 2123 2195 2179 de
2226 2124 2340 2196 qui-

348 2211 450 2272 bus
490 2211 596 2266 duo
635 2218 849 2267 tantum
891 2229 1036 2267 nunc
1077 2211 1334 2267 delibabo.
1415 2211 1476 2265 In
1517 2227 1595 2264 vs,
1634 2213 1760 2265 459.
1804 2209 2016 2267 editur:

654 2300 812 2360 οὐδεὶς
847 2305 946 2367 πῦρ
984 2302 1055 2361 εἷς
1095 2301 1357 2367 χρήματα
1401 2299 1561 2359 διδοὺς
1602 2298 1908 2362 ἐπαύσατο,

350 2385 514 2449 verba
549 2403 711 2443 sensu
743 2404 940 2446 vacua:
983 2386 1208 2461 emenda
1238 2387 1397 2448 οὐδεὶς
1435 2385 1697 2453 πυρέττων
1736 2388 1997 2454 χρήματα
2032 2386 2143 2448 δοὺς
2182 2386 2342 2443 ἐπαύ-
2415 2375 2429 2456 ᾗ

348 2495 515 2540 σατο,
555 2473 869 2530 violentiore
907 2474 1178 2530 medicina
1214 2475 1268 2528 in
1305 2473 1457 2537 foeda
1491 2473 1795 2545 corruptela
1825 2480 1942 2529 erat
1979 2490 2130 2545 opuS.
2211 2473 2340 2528 Con«,

349 2569 436 2627 tra
476 2579 580 2617 non
615 2568 695 2617 est
735 2561 914 2617 lenius
951 2561 1283 2626 remedium,
1325 2578 1486 2633 quam
1520 2577 1625 2632 quo
1664 2576 1741 2614 VS.
1765 2564 1893 2616 464.
1936 2561 2116 2620 sanari
2151 2567 2341 2634 potest.
2415 2552 2425 2566 ⁵

653 2650 776 2718 πρὸς
816 2648 873 2706 εὖ
912 2651 1168 2715 λέγοντας
1210 2650 1349 2705 οὐδὲν
1389 2651 1654 2704 άντειπεῖν
1694 2647 1819 2716 ἔχω.

351 2738 406 2801 in
446 2746 842 2792 ΛΕΓΟΝΤΑΣ
882 2738 1080 2792 latebat
1120 2738 1349 2804 λέγοντά
1391 2742 1456 2792 στ’.

430 2824 490 2886 In
523 2825 800 2893 Menandri
834 2824 1026 2897 fragm.
1065 2826 1207 2898 apud
1246 2825 1438 2887 Athen.
1469 2826 1558 2881 IX.
1604 2829 1728 2889 585.
1766 2825 1827 2879 E.

1087 2913 1434 2980 ἐπιθυμιάσας
1468 2915 1539 2982 τῷ
1579 2913 1734 2983 Βορέα
1771 2912 1890 2967 ἴδιον

809 3001 1017 3070 ὂψάριον
1056 3003 1192 3059 οὐδὲν
1229 3002 1458 3069 ἔλαβον,
1497 3003 1671 3068 ἑψήσω
1711 3006 1905 3069 φακῆν.

357 3087 527 3141 miror
565 3086 791 3143 Dobraei
842 3091 1141 3154 rationem,
1182 3091 1275 3161 qui
1315 3091 1386 3157 τῷ
1437 3089 1592 3158 Βορέα
1642 3089 1865 3158 κρεᾴδιον
1921 3087 2246 3142 rescribebat
2294 3096 2347 3149 et

358 3174 684 3228 Meinekium
725 3176 856 3231 baec
897 3178 972 3231 ita
1024 3177 1374 3249 probantem,
1414 3183 1476 3230 ut
1529 3175 1641 3230 ἐπεὶ
1690 3175 1938 3238 θυσιάσας
1994 3175 2345 3234 substitueret

360 3279 456 3334 pro
495 3262 877 3329 ἐπιθυμιάσας,
936 3266 1089 3336 quasi
1129 3282 1254 3320 vero
1301 3266 1526 3336 κρεᾴδιον
1565 3265 1839 3330 ἐπιθυμιάν
1894 3263 1999 3318 dici
2046 3265 2212 3336 possit
2251 3272 2346 3321 aut
2399 3310 2407 3318 .

360 3351 586 3419 κρεᾴδιον
640 3350 770 3406 θύειν
826 3352 908 3406 vel
957 3352 1225 3420 θυσιάζειν.
1306 3352 1481 3406 Verba
1522 3358 1650 3416 sunt
1697 3351 2010 3423 pauperculi
2060 3354 2345 3422 piscatoris

359 3438 450 3507 qui
490 3454 545 3491 se
583 3436 786 3492 frustra
826 3439 1022 3493 Boreae
1062 3439 1345 3502 adolevisse
1384 3439 1632 3510 queritur
1659 3470 1733 3478 —
1767 3437 1896 3508 quid
1932 3439 2129 3508 igitur?
2170 3439 2346 3498 thuris
2432 3442 2436 3494 l

358 3525 789 3595 aliquantulum,
826 3526 986 3597 idque
1021 3527 1196 3597 ipsum
1231 3526 1354 3588 olim
1387 3526 1659 3580 Bentleius
1680 3526 1880 3596 reperit
1901 3527 2246 3592 ἐπιθυμιάσας
2268 3561 2346 3585 -,
2430 3546 2436 3618 ³}

358 3613 673 3678 λιβανίδιον,
730 3614 782 3668 in
825 3630 929 3685 quo
983 3614 1182 3685 optime
1234 3614 1652 3687 acquiescemus.
1733 3613 1931 3690 Nempe
1982 3613 2078 3679 hos
2118 3615 2342 3671 honores

2430 3659 2436 3821 l
