2436 4068
1271 210 1381 259 570

359 354 682 424 scripturam
726 369 840 406 esse
897 351 1266 420 unusquisque
1318 351 1547 413 sentiet,
1601 360 1860 421 quaerant
1915 356 2083 425 igitur
2133 358 2333 409 acutio-

362 458 482 506 reS,
541 449 594 495 et
634 441 699 495 ab
741 439 1182 509 interpretatione
1225 435 1545 508 depravatae
1605 439 1848 494 lectionis
1907 443 2108 496 interea
2153 461 2340 498 omnes

362 530 744 583 abstineamus,
1139 571 1144 576 .

441 618 662 670 Rariore
701 612 954 667 vocabulo
995 629 1127 665 usus
1167 611 1458 682 Xenophon
1496 613 1679 669 V1.1v.
1716 619 1806 670 27.
1850 616 2041 671 scribis
2086 619 2339 689 peccandi

365 706 699 759 occasionem
755 701 933 756 dedit:
986 703 1041 754 οὐ
1082 704 1229 753 τοῦτο
1279 702 1598 767 φοβούμενος
1639 705 1850 768 μήτινες
1897 706 2339 772 ἀναπεπταμένης

364 794 561 854 ταύτης
597 799 690 854 τῆς
744 790 960 857 παρόδου
1011 787 1446 853 πορεύσοιντο
1490 790 1572 843 ἐπὶ
1613 792 1705 852 τῆν
1746 792 1931 844 ἐκείνου
1972 792 2202 859 δύναμιν.
2284 795 2341 849 Si

365 879 638 934 Dindortio
677 877 852 932 credis
896 876 1110 940 δύναμιν
1152 875 1420 944 significat
1462 878 1772 942 maionem,
1815 886 1874 932 ut
1915 880 2054 949 apud
2097 881 2339 954 Thucyd.

364 968 428 1021 ΙΙ.
474 973 523 1021 7.
568 967 724 1019 init.’'
805 964 906 1019 Sed
950 980 1119 1033 nequ-e
1159 963 1300 1033 apud
1344 964 1750 1037 Thucydidem,
1794 967 1970 1040 (euius
2011 967 2140 1022 haec
2182 969 2341 1023 verba

363 1062 523 1109 sunt:
579 1054 754 1113 πόλεις
795 1051 1143 1119 ξυμμαχίδας
1184 1051 1505 1115 ποιούμενοι,
1561 1052 1674 1107 ὅσαι
1715 1052 1845 1116 ἦσαν
1895 1055 2039 1115 ἐκτὸς
2086 1063 2180 1118 τῆς
2227 1059 2340 1110 ἑαυ-

361 1148 459 1196 τῶν
495 1140 797 1213 δυνάμεως.)
842 1156 975 1193 nova
1017 1139 1146 1192 haec
1186 1146 1237 1191 et
1281 1139 1520 1193 inaudita
1563 1141 1886 1210 significatio
1926 1142 2101 1196 locum
2147 1144 2341 1209 habet,

363 1231 507 1303 (quis
560 1231 700 1284 enim
746 1231 801 1283 in
841 1248 934 1283 sua
989 1230 1180 1282 ditione
1227 1245 1389 1281 novos
1445 1228 1546 1281 sibi
1599 1230 1770 1282 socios
1826 1231 2105 1304 quaerit?)
2168 1249 2340 1303 neque

362 1317 503 1389 apud
543 1316 965 1389 Xenophontem.
1046 1315 1431 1386 Corrigendnm
1486 1333 1600 1370 esse
1646 1316 1878 1370 arbitror
1917 1320 2214 1385 πορεύσειαν
2254 1322 2338 1375 ἐπὶ

362 1410 452 1468 τῆν
492 1407 677 1460 ἐκείνου
718 1406 964 1471 δύναμιν,
1005 1404 1054 1458 id
1096 1411 1178 1458 est.
1213 1404 1428 1470 ςρατιόον
1462 1405 1547 1457 ἐπὶ
1585 1407 1676 1467 τῆν
1711 1405 1898 1458 ἐκείνου
1941 1406 2156 1479 (χώραν)
2198 1408 2337 1472 οἰγοέ-

361 1514 518 1557 γοιεν.
598 1493 790 1546 Rarior
841 1501 1019 1547 autem
1076 1509 1205 1545 usus
1261 1491 1406 1544 verbi
1452 1494 1678 1559 πορεύειν
1717 1510 1812 1563 pro
1859 1492 2010 1557 ἄγειν
2063 1493 2239 1548 effecit
2281 1503 2338 1550 ut

360 1581 567 1634 librarii
611 1580 677 1633 ad
720 1581 1065 1634 tritissimum
1105 1580 1381 1646 πορεύομαι
1422 1580 1815 1635 delaberentur.

435 1668 547 1722 Non
590 1669 773 1722 minus
825 1668 1078 1721 abhorret
1131 1684 1160 1720 a
1216 1666 1426 1720 (licendi
1473 1685 1574 1721 usu
1628 1669 1767 1739 quod
1825 1669 2024 1739 legitur
2064 1669 2149 1723 VI.
2193 1687 2237 1723 v.
2281 1673 2334 1725 6.

357 1759 399 1812 οἱ
453 1757 563 1824 περὶ
619 1759 703 1812 τὸν
758 1758 1047 1823 Καλλίβιον
1102 1755 1188 1809 καὶ
1235 1753 1476 1821 Πρόξενον
1529 1764 1818 1821 συνῆγον
1871 1757 1955 1811 ἐπὶ
2011 1758 2068 1811 τὸ
2117 1758 2335 1812 συνιέναι

357 1849 463 1900 πᾶν
504 1846 561 1900 τὸ
615 1844 947 1913 Ἀρκαδικόν,
988 1860 1144 1896 1161116
1184 1844 1326 1897 enim
1383 1843 1526 1898 dicet
1567 1845 1694 1914 quid
1745 1845 1816 1898 sit
1858 1846 1910 1897 in
1961 1844 2053 1898 tali
2096 1862 2155 1899 re
2194 1855 2338 1909 συνῆ-

357 1955 486 1999 γον,
525 1940 572 1987 et
619 1941 835 1997 συνῆγον
875 1932 959 1986 ἐπὶ
1001 1934 1058 1986 τὸ
1112 1933 1330 1986 συνιέναι
1373 1931 1660 1985 ridiculum
1704 1939 1801 1985 est.
1883 1932 2082 1986 Verum
2125 1933 2340 1988 videtur

358 2022 498 2093 quod
539 2038 602 2075 ex
645 2038 750 2074 uno
789 2020 978 2074 Codice
1018 2018 1246 2073 affertur
1283 2021 1494 2085 ἐνῆγον,
1535 2026 1587 2073 et
1624 2019 1744 2090 quis
1783 2022 1955 2074 nescit
1995 2028 2252 2092 perpetuo
2285 2026 2336 2076 ἐν

359 2119 412 2163 et
451 2110 543 2164 σύν
583 2109 870 2173 conlundi,
919 2108 1235 2179 praesertim
1292 2109 1344 2160 in
1395 2107 1572 2161 verbis
1613 2109 1941 2178 compositis,
2022 2109 2214 2163 Notum
2259 2118 2339 2164 est

360 2215 466 2270 quo
523 2214 682 2251 sensu
734 2196 938 2262 ἐνάγειν
987 2196 1092 2249 dici
1147 2194 1328 2248 soleat.
1408 2194 1657 2248 Laudabo
1702 2213 1865 2249 unum
1910 2204 2120 2251 tantum
2161 2199 2335 2252 locum

362 2303 424 2339 ex
474 2284 787 2358 Thucydide
822 2286 863 2339 1.
913 2288 1033 2337 107.
1089 2284 1147 2336 τὸ
1188 2283 1240 2335 δέ
1290 2304 1339 2336 τι
1393 2283 1478 2336 καὶ
1528 2282 1702 2350 ἄνδρες
1737 2289 1833 2338 τῶν
1883 2285 2160 2346 Ἀθηναίων
2201 2288 2338 2349 ἐπῆ-

360 2396 474 2440 γον
515 2374 702 2434 αὖτοὺς
749 2373 958 2442 κρύφα,
1013 2370 1101 2423 ubi
1145 2370 1562 2424 Valckenaerius
1603 2372 1655 2423 in
1709 2379 1970 2425 annotatt.
2013 2373 2135 2427 Mss.
2189 2375 2337 2447 (qua-

361 2480 482 2517 rum
523 2461 655 2516 mihi
702 2462 908 2532 copiam
954 2458 1342 2512 humanissime
1372 2457 1499 2511 secit
1538 2459 1622 2510 vir
1660 2459 2024 2529 amplissimus
2066 2462 2122 2515 L.
2153 2463 2206 2516 C.
2236 2463 2339 2517 Lu-

363 2568 486 2616 zac,
543 2549 681 2622 apud
732 2566 890 2620 quem
950 2549 1138 2616 ingens
1193 2562 1323 2615 gaza
1380 2545 1863 2601 Valckenaerianae
1917 2548 2235 2604 eruditionis
2289 2558 2341 2605 et

365 2655 576 2693 summa
612 2636 870 2707 religione
909 2642 1156 2689 servatur
1190 2640 1243 2687 et
1284 2635 1362 2687 uti
1402 2633 1700 2687 volentibus
1751 2636 1982 2689 maxima
2021 2637 2339 2692 liberalitate

366 2725 723 2798 permittitur)
787 2724 1088 2778 rectissime
1146 2724 1384 2787 ἐνῆγον
1440 2722 1800 2792 reponendum
1858 2740 1975 2778 esse
2026 2724 2341 2785 admonuit,

366 2813 548 2868 eadem
593 2829 753 2884 opera
789 2812 963 2866 locum
1009 2810 1152 2863 hunc
1204 2810 1571 2882 Xenophontis
1611 2810 1919 2865 emendans,
2000 2812 2153 2866 Iuvat
2187 2831 2342 2885 appo-

367 2916 494 2955 nere
533 2917 668 2971 quae
708 2902 792 2953 vir
833 2899 1139 2971 praeclarus
1179 2899 1245 2952 ad
1282 2899 1420 2952 hanc
1454 2898 1881 2952 emendationem
1921 2900 2342 2955 confirmandam

367 2988 611 3059 collegit:
655 2988 1021 3057 »Corrigerem
1064 2989 1241 3051 ἐνῆγον
1285 2986 1520 3059 (inquit).
1602 2986 1843 3059 Thucyd.
1903 3005 1952 3058 p.
1988 2993 2089 3051 44,
2131 2993 2219 3041 58.
2281 2989 2340 3063 (Ι.

369 3077 481 3150 67.)
523 3076 698 3145 κρύφα
738 3076 789 3128 ’δὲ
829 3077 1006 3140 ἐνῆγον
1041 3077 1127 3129 τὸν
1166 3075 1427 3138 πόλεμον,
1471 3092 1521 3145 p.
1558 3079 1696 3138 112,
1739 3080 1827 3128 51.
1873 3075 1958 3147 (II.
1996 3075 2105 3148 21.)
2163 3077 2342 3141 ἐνῆγον

366 3166 458 3226 τῆν
495 3153 658 3226 ἔξοδον
697 3162 922 3227 μάλιςα.
966 3180 1014 3233 p.
1049 3167 1149 3215 251
1173 3205 1186 3226 ,
1228 3167 1315 3216 55.
1361 3161 1468 3234 (IV.
1502 3162 1594 3234 21)
1634 3162 1844 3227 μάλιςα
1883 3163 1935 3216 δὲ
1969 3165 2156 3223 αὐτοὺς
2190 3166 2342 3230 ἐνῆγε

368 3251 556 3305 Κλέων.
617 3267 667 3320 p.
703 3252 838 3313 252,
881 3254 931 3304 4.
992 3250 1100 3322 (IV.
1146 3250 1236 3321 24)
1292 3249 1499 3314 μαλιςα
1539 3251 1718 3314 ἐνῆγον
1766 3251 1809 3302 οἱ
1848 3250 2044 3316 Λοκροί.
2089 3254 2229 3313 587,
2271 3258 2342 3306 59

369 3337 482 3411 (vl.
530 3330 639 3409 13.)
680 3336 832 3401 ἐνῆγε
871 3338 923 3390 δὲ
962 3337 1328 3402 προθυμότατα
1368 3337 1459 3397 τῆν
1507 3338 1750 3402 ςρατείαν
1790 3338 2150 3403 Ἀλκιβιάδης.
2195 3345 2338 3405 416,

290 3413 297 3419 .
367 3430 455 3480 55.
501 3424 609 3498 (VI.
653 3423 764 3497 61.)
807 3424 1091 3489 ἐναγόντων
1130 3429 1227 3476 τῶν
1263 3425 1469 3490 ἐχθρῶν.
1513 3440 1561 3493 p.
1606 3428 1744 3486 455,
1787 3428 1874 3478 64.
1922 3425 2055 3498 (Vll.
2087 3428 2192 3500 18.)
2242 3435 2338 3482 τῶν

362 3513 682 3580 Συρακοσίων
720 3512 943 3566 καὶ-τῶν
983 3511 1237 3578 Κορινθίων
1283 3510 1583 3575 ἐναγόντων.
1628 3529 1676 3582 p.
1710 3515 1848 3575 3520,
1890 3517 1979 3566 66.
2026 3514 2184 3587 (VIII.
2225 3516 2334 3587 26.)

361 3601 735 3668 ’Ἑρμοκράτους
797 3600 1002 3670 μάλιςα
1063 3598 1348 3663 ἐνάγοντος.
1411 3616 1460 3673 p.
1506 3604 1649 3659 551,
1711 3603 1796 3653 79.
1861 3599 2018 3673 (vul.
2079 3603 2187 3674 78).
2249 3605 2335 3657 καὶ
