2436 4068
1032 231 1137 281 475

82 376 244 447 spuit.
325 373 599 429 Omittunt
652 380 706 428 et
737 381 847 428 tres
886 373 1075 445 optimi
1125 379 1323 438 testeS,
1363 371 1454 427 sed
1493 389 1582 428 res
1633 374 1750 445 ipsa
1802 380 1913 428 tam
1948 389 2066 446 per-

79 463 266 535 spicua
304 469 386 517 est
423 469 484 517 ut
533 461 669 516 nihil
714 460 941 515 testibus
982 462 1052 516 sit
1104 478 1254 533 opus.
1330 460 1463 516 Ἕνα
1503 463 1766 524 Ἀθηναῖον
1810 463 1888 516 sic
1934 460 2067 516 dici-

78 559 172 605 tur
211 552 366 622 quasi
410 552 592 604 minus
646 548 871 603 molesta
923 566 1011 604 res
1052 550 1237 604 sutura
1290 548 1516 615 suisset,
1575 550 1621 604 si
1666 549 1849 622 plures
1903 548 2067 604 Athe-

79 639 292 693 nienses
343 654 468 692 cum
503 639 729 710 imperio
769 644 966 691 essent.
1045 637 1159 692 Non
1211 638 1455 693 sentiunt
1494 637 1594 693 boc
1632 637 1908 702 Graeculi,
1946 637 2068 708 qui·

82 726 182 781 bus
223 722 294 786 εἷς
337 742 433 797 pro
472 746 551 786 τις
601 727 861 779 usitatum
905 730 1021 778 erat
1061 723 1258 779 dicere.

154 813 393 884 Turpius
439 814 605 868 etiam
655 814 846 867 vitium
899 812 955 865 in
1010 810 1195 867 eadem
1251 816 1404 885 §10.
1461 812 1730 870 delitescit
1779 815 1836 868 in
1892 812 2072 868 verbis

81 901 168 957 καὶ
203 903 321 962 τοὺς
354 902 450 966 μὲν
485 900 665 962 πόνους
705 903 851 970 σφᾶς
886 899 1058 968 ἔχειν,
1097 901 1171 954 τοὶ
1206 901 1259 954 δὲ
1300 900 1444 967 κέρδη
1483 900 1697 964 ἄλλους.
1779 901 2069 974 Xenophon

80 989 377 1061 scripserat
415 994 607 1059 σφεῖς
647 989 791 1058 ἔχειν
832 988 986 1060 quasi
1038 988 1407 1059 praemisisset
1462 990 1506 1043 οἱ
1555 989 1607 1043 δὲ
1648 988 1830 1055 ἔλεγον
1884 1007 1981 1062 pro
2030 992 2073 1045 οἱ

77 1078 133 1133 δὲ
168 1077 315 1143 λόγοι
360 1076 491 1141 ἦσαν
538 1079 754 1140 αὐτοῖς,
814 1077 892 1131 sic
947 1077 1092 1130 enim
1147 1077 1201 1129 in
1242 1075 1338 1130 tali
1380 1093 1439 1130 re
1498 1075 1919 1132 Atheniensibus
1958 1094 2075 1132 mos

82 1172 166 1221 est
213 1165 410 1220 dicere.
502 1164 687 1219 Mirari
731 1164 862 1220 haec
914 1163 1162 1220 Graeculi
1219 1162 1487 1229 assolent,
1542 1170 1597 1218 et
1655 1181 1760 1219 non
1818 1166 2077 1238 capiunt,

82 1252 225 1309 unde
273 1253 592 1308 temerariae
633 1260 934 1309 nascuntur
982 1252 1402 1321 παραδιορθώσεις
1425 1288 1439 1315 ,-
1494 1250 1560 1307 de
1614 1251 1812 1323 quibus
1866 1253 2079 1325 saepius

84 1340 342 1397 diximus,

160 1427 296 1483 Ibid.
340 1431 396 1482 in
438 1430 467 1498 §
512 1433 597 1483 15.
639 1445 746 1482 non
788 1434 984 1499 exputo
1024 1426 1154 1498 quid
1196 1429 1268 1482 sit
1323 1429 1552 1495 Ξενοφῶν
1608 1427 1661 1482 δὲ
1703 1427 1777 1484 ἔτι
1823 1430 1920 1495 μὲν
1955 1430 2080 1483 ἐπε·

83 1517 324 1585 χείρησεν
361 1517 710 1582 ἀπαλλαγεὶς
750 1523 845 1579 τῆς
898 1518 1116 1583 ςρατιοῖς
1175 1517 1497 1579 ἐκπλεῦσαι,
1550 1515 1684 1570 nihil
1727 1517 1871 1572 enim
1914 1516 2079 1588 signif·

86 1604 211 1660 fleat
244 1603 320 1658 ἔτι
361 1604 459 1670 μέν
498 1613 554 1659 et
592 1606 927 1673 ἐπεχείρησεν
986 1605 1275 1659 ἐκπλεῦσαι
1316 1620 1504 1658 verum
1557 1621 1664 1658 non
1711 1610 1809 1659 est.
1891 1603 2081 1676 Suspi-

86 1709 181 1748 cor
219 1693 499 1764 antiquam
538 1695 865 1766 scripturam
904 1691 1104 1747 fuisse:
1147 1698 1378 1762 Ξενοφῶν
1411 1692 1456 1747 δ’
1490 1693 1734 1759 ἐπεθύμει
1770 1693 1866 1758 μὲν
1903 1695 2080 1748 απαλ·

87 1782 278 1847 λαγεὶς
321 1814 394 1822 -
429 1781 756 1845 ἐκπλεῦσαι,
796 1780 989 1835 deinde
1036 1779 1228 1835 Codice
1274 1781 1452 1836 lacero
1505 1787 1600 1836 aut
1652 1797 1870 1853 perroso
1910 1797 2079 1853 quum

0 1933 2 1939 ‚
87 1878 280 1924 ΔΕΠΕ
324 1869 350 1893 ⁴
375 1869 400 1893 ⁴
426 1868 449 1895 ⁴
474 1876 636 1924 MEN
677 1875 983 1941 superesset
1011 1868 1179 1923 levem
1218 1875 1579 1924 correctorem
1623 1869 1897 1940 vulgatam
1936 1885 2079 1924 com-

0 1965 1 1969 ’
87 1965 334 2013 mentum
386 1974 503 2012 esse
542 1956 607 2012 de
658 1974 774 2013 suo.
854 1958 915 2011 In
952 1957 1019 2011 iis
1058 1972 1196 2028 quae
1246 1958 1429 2011 statim
1473 1964 1805 2029 sequuntur:
1862 1957 2079 2026 θυομένῳ

84 2046 140 2102 δὲ
174 2048 316 2114 αὐτῷ
356 2047 428 2113 τῷ
479 2045 695 2111 ἡγεμόνι
736 2051 990 2114 Ἡρακλεῖ
1036 2044 1147 2117 [καὶ
1202 2045 1518 2120 κοινουμένῳ]
1578 2045 1774 2114 πότερα
1826 2046 1954 2114 λῷον
1991 2045 2078 2100 καὶ

85 2133 294 2202 ἄμεινον
339 2134 415 2196 εἴη
464 2134 801 2201 ςρατεύεσθαι
840 2135 948 2188 κτέ.
991 2134 1084 2204 qui
1125 2132 1190 2187 de
1241 2150 1338 2187 suo
1383 2134 1614 2188 inseruit
1653 2134 1741 2188 καὶ
1785 2133 2080 2203 κοινουμένῳ

83 2222 284 2280 sciolus
322 2238 494 2294 neque
541 2222 759 2290 θυομένῳ
798 2222 930 2293 quid
967 2228 1110 2276 esset
1151 2228 1297 2276 recte
1337 2223 1480 2294 cepit
1520 2239 1693 2295 neque
1734 2239 1894 2294 quam
1932 2222 2077 2293 inep-

85 2318 206 2367 tum
245 2317 387 2366 esset
420 2311 475 2364 in
515 2309 609 2364 tali
651 2326 710 2364 re
746 2312 1025 2365 κοινοῦσθαι
1064 2311 1196 2364 satis
1233 2309 1512 2365 intellexit.

160 2400 221 2455 ln
264 2399 351 2454 vl.
395 2416 468 2453 ιιι.
512 2403 564 2454 2.
619 2405 896 2470 receptum
935 2399 1173 2470 oportuit
1213 2397 1339 2464 ἦγεν
1379 2396 1562 2459 ἕκαςος
1605 2400 1627 2452 o‘
1667 2399 1928 2467 ςρατηγὸς
1969 2399 2080 2453 τὸν

90 2489 274 2545 ἑαυτοῦ
329 2488 535 2556 λόχον
597 2503 690 2558 pro
729 2489 789 2541 τὸ
842 2488 1026 2543 ἑαυτοῦ
1078 2488 1275 2556 λάχος,
1335 2486 1494 2559 idque
1548 2503 1693 2541 nunc
1742 2486 2077 2542 Dindorfium

0 2637 1 2645 χ
88 2574 277 2633 fecisse
331 2575 500 2630 video.
594 2574 653 2629 ln
703 2580 732 2648 §
779 2578 862 2629 12.
918 2575 1209 2630 articulum
1270 2575 1495 2630 restitue
1542 2573 1670 2630 οὕτω
1726 2577 1821 2641 μὲν
1874 2579 2079 2629 πολλῶν

0 2721 3 2732 ,
87 2664 240 2721 ὄντων
282 2663 422 2738 (τῶν)
464 2664 751 2729 πολεμίων,
795 2662 921 2718 οὕτω
964 2666 1016 2719 δὲ
1064 2664 1453 2732 τεθαρρηκότων.
1535 2662 1737 2718 Eodem
1789 2662 1944 2717 modo
1983 2663 2079 2729 μέν

89 2752 290 2810 excidit
331 2756 360 2823 S
402 2756 487 2807 18.
528 2753 645 2813 τοὺς
689 2751 826 2825 (μὲν)
878 2754 1425 2820 μεγαληγορήσαντας
1468 2754 1532 2813 ὡς
1574 2751 1730 2806 πλέον
1766 2756 2079 2821 φρονοῦντας

88 2846 404 2897 ταπεινῶσαι
443 2840 731 2905 βούλεται,
775 2839 863 2894 ubi
901 2839 1042 2911 quod
1082 2840 1345 2894 fideliores
1382 2846 1543 2895 testes
1582 2839 1678 2898 ὥςε
1719 2846 1897 2895 πλεῖον
1934 2840 2079 2895 exhi·

92 2926 219 2984 bent
258 2929 534 2983 continere
574 2927 790 2983 videtur
830 2944 1010 2982 veram
1046 2927 1329 2983 lectionem
1365 2926 1427 2990 ὥς
1464 2950 1514 2984 τι
1556 2929 1712 2984 πλέον
1746 2932 2075 2999 φρονοῦντας.

92 3014 206 3071 Non
253 3023 537 3072 contemno
587 3017 637 3070 in
682 3021 710 3089 §
750 3019 835 3070 19.
877 3018 919 3070 οἱ
959 3017 1010 3070 δὲ
1052 3019 1230 3078 ἱππεῖς
1266 3017 1668 3085 διασπειρόμενοι
1709 3019 1797 3087 ἐφ’
1833 3016 1946 3072 ὅσον
1985 3038 2076 3072 κα·

91 3110 191 3166 λῶς
226 3103 371 3174 εἶχεν
413 3105 578 3159 ἔκαιον
619 3102 651 3172 ᾖ
689 3103 925 3172 ἐβάδιζον
973 3103 1235 3159 indicium
1278 3104 1707 3177 interpolationis
1748 3122 1813 3160 ex
1848 3105 1970 3159 Cod.
2015 3105 2077 3159 H.

93 3190 185 3247 ubi
225 3192 383 3248 verba
425 3191 456 3260 ᾗ
498 3192 736 3261 ἐβάδιζον
790 3193 987 3248 omissa
1036 3200 1199 3248 sunt:
1257 3194 1574 3252 rectissime.
1669 3194 1842 3262 Quam
1900 3194 2078 3263 inepte

93 3279 302 3352 equites
338 3279 596 3336 dicuntur
633 3282 883 3349 βαδίζειν.

175 3368 336 3423 Recte
388 3368 694 3424 Dindorlius
754 3370 809 3423 in
861 3374 890 3441 §
934 3372 1022 3423 22.
1074 3370 1295 3442 scripsit
1347 3370 1555 3440 γρᾴδια.
1636 3369 1781 3424 Libri
1835 3385 1900 3424 ex
1940 3369 2079 3424 anti-

98 3469 204 3526 qua
242 3455 512 3527 scriptura
546 3466 830 3513 ΓΡΑΙΔΙΑ
868 3465 963 3513 aut
997 3459 1206 3525 γραίδια
1243 3458 1499 3514 exhibent
1527 3465 1622 3513 aut
1666 3457 1897 3524 γραΐδια.
1979 3456 2077 3512 Ha·

97 3540 224 3596 bent
264 3543 441 3597 omnia
493 3545 819 3612 ὑποκοριςικά
861 3546 911 3600 in
954 3546 1075 3600 -διον
1133 3548 1384 3603 exeuntia
1427 3548 1480 3601 in
1526 3544 1863 3617 praecedenti
1916 3544 2075 3618 sylla-

96 3628 159 3684 ba
202 3629 258 3692 1,
312 3630 450 3702 quod
502 3648 625 3687 cum
669 3632 1008 3705 praecedenti
1051 3634 1217 3690 vocali
1273 3635 1522 3690 coalescit
1572 3635 1623 3688 in
1665 3649 1851 3689 unum.
1933 3633 2000 3688 Et
2042 3655 2074 3688 ιι

1610 3726 1694 3757 ³5⁹
