2436 4068
983 168 1084 219 641

59 316 206 380 brie,
254 323 401 388 poles
448 312 734 384 providere.
767 342 843 352 —
881 311 991 365 Fac
1030 311 1122 364 tibi
1154 318 1403 381 paternae
1457 308 1588 379 leq-is
1642 308 1887 382 [Aciliae]
1948 328 2031 364 ve·

52 405 165 458 niet
206 403 261 456 in
291 402 571 456 mentem.''
648 398 956 454 Ridiculum
1000 397 1262 453 emblema
1295 397 1459 451 vides,
1503 395 1627 450 Post
1667 413 1836 468 pauca
1880 399 2030 467 852.

57 491 153 544 »Si
209 489 554 564 [Glabrionis]
614 488 784 559 patris
835 487 942 540 vim
982 497 1029 541 el
1082 486 1422 541 acrimoniam
1476 484 1669 557 ceperis
1705 516 1815 550 —,
1865 485 1912 538 si
1949 486 2034 539 avi

61 576 396 654 [Scaevolae]
430 576 890 648 pruderzliam-‚
927 575 974 628 si
1011 574 1174 628 soceri
1218 573 1453 646 [Scauri]
1496 573 1835 626 constantiam
1852 574 1885 595 ’'
1927 581 2030 627 cet.

59 682 165 719 non
201 672 328 718 sunt
369 663 498 718 baec
541 662 766 716 sortasse
813 670 944 715 tam-
980 660 1246 724 ridicula,
1298 661 1389 714 sed
1432 678 1534 714 non
1575 660 1792 715 serenda
1835 669 2033 715 tamen.

56 752 191 807 Nota
230 759 314 806 est
348 750 597 805 omnibus
633 750 958 805 Graecorum
1015 748 1373 811 consuetudo,
1413 766 1519 819 qua
1559 749 1729 802 filium
1773 749 1904 803 clari
1946 766 2034 820 pa·

57 841 160 895 tris
201 839 371 893 solent
415 840 662 906 πατρόθεν
718 837 1110 904 προσαγορεύειν
1162 835 1379 889 honoris
1419 853 1581 890 causa
1617 843 1711 890 aut
1751 854 1874 891 cum
1912 854 2036 908 gra-

14 928 222 981 *vitate
276 926 506 998 quadam
550 925 821 980 interdum
863 934 916 979 et
967 927 1178 985 iocosa,
1232 922 1397 976 veluti
1451 922 1485 976 ὦ
1527 931 1632 977 παῖ
1681 927 1942 990 Κλεινίου,
1996 922 2032 979 ὦ

58 1022 165 1070 παῖ
199 1015 467 1079 Μένωνος,
506 1012 541 1068 ὦ
581 1021 688 1068 παῖ
717 1016 1020 1081 ’Λρίςωνος,
1071 1010 1106 1065 ὦ
1150 1018 1254 1066 ποεῖ
1296 1012 1682 1079 Σωφρονίσκου,
1722 1010 1757 1065 ὦ
1798 1021 1904 1068 παῖ
1949 1022 2035 1067 Φι-

60 1104 295 1167 λίππου,
350 1103 561 1174 aliaque
613 1119 774 1173 quam
828 1102 1076 1173 plurima.
1167 1098 1426 1152 Notabilis
1474 1099 1529 1152 in
1587 1098 1725 1153 hanc
1786 1117 1899 1154 rem
1954 1109 2036 1155 est

61 1190 300 1245 Platonis
337 1191 486 1246 locus
526 1192 579 1245 in
620 1190 811 1264 Lyside
848 1193 976 1245 204.
1019 1188 1080 1242 Ε.
1121 1190 1175 1242 οὐ
1208 1187 1314 1254 γὰρ
1354 1186 1492 1240 πάνυ
1525 1207 1576 1241 τι
1615 1189 1776 1240 αὐτοῦ
1810 1188 2037 1253 τοῦνομα

59 1279 299 1344 λέγουσιν
338 1281 464 1333 ἀλλ’
502 1279 577 1333 ἔτι
633 1278 882 1347 πατρόθεν
923 1267 1298 1343 ἐπονομάζεται
1340 1276 1424 1330 διὰ
1463 1276 1521 1329 τὸ
1562 1275 1763 1345 σφόδρα
1809 1278 1893 1331 τὸν
1935 1298 2036 1332 ποο-

61 1367 188 1434 τέρα
225 1368 604 1432 γιγνώᾶκεσθαι
661 1370 839 1421 αὐτοῦ.
919 1366 978 1419 In
1017 1365 1102 1418 his
1156 1365 1323 1434 igitur
1373 1363 1523 1417 scioli
1561 1363 1718 1434 genio
1760 1356 2041 1437 indulgent

61 1462 117 1509 et
156 1455 342 1510 sedulo
382 1456 594 1510 nomina
638 1456 738 1508 sibi
781 1461 904 1508 nota
935 1460 1246 1526 apponunt,
1289 1460 1347 1507 ut
1386 1451 1528 1524 apud
1562 1451 1888 1508 Herodotum
1931 1454 2040 1509 VII.

66 1546 153 1598 10.
206 1545 271 1598 σὺ
310 1545 395 1605 δὲ,
451 1541 488 1598 ὦ
529 1552 634 1598 παῖ
669 1545 915 1612 Γωβρύεω
969 1540 1313 1614 [Μαρδόνιε],
1370 1545 1572 1595 παῦσαι
1621 1542 1790 1607 λέγων
1848 1542 2038 1608 λόγους

59 1632 347 1697 ματαίους,
387 1639 440 1686 et
479 1633 620 1704 apud
662 1632 934 1686 Platonem
970 1632 1023 1684 in
1069 1628 1262 1702 Lyside
1302 1645 1350 1700 p.
1391 1632 1516 1683 204.
1558 1630 1614 1682 Β.
1671 1627 1707 1684 ὦ
1747 1638 1852 1685 παῖ
1885 1638 2043 1701 Ἱερω-

59 1718 220 1785 νύμου
266 1719 656 1792 [Ἱππόθαλες],
698 1721 787 1774 ubi
831 1722 1094 1787 intactum
1136 1718 1306 1771 evasit
1352 1734 1403 1788 p.
1439 1720 1566 1772 207.
1610 1719 1665 1772 Β.
1709 1718 1745 1773 ὦ
1786 1727 1892 1775 παῖ
1935 1731 2039 1786 An-

60 1814 359 1876 μοφῶντος,
399 1809 607 1875 πότερος
643 1812 781 1874 ἡμῶν
816 1807 1195 1875 πρεσβύτεροςε,
1237 1814 1289 1860 et
1332 1823 1380 1877 p.
1407 1809 1532 1860 209.
1581 1809 1640 1861 Α.
1681 1810 1756 1873 μὴ
1795 1811 1850 1863 οὐ
1885 1812 2040 1868 τοῦτο’

61 1916 152 1956 σε,
191 1894 227 1950 ὦ
268 1905 374 1952 παῖ
402 1899 803 1965 Δημοκράτους,
841 1897 1048 1965 κωλύῃ,
1089 1902 1141 1949 et
1179 1896 1232 1948 in
1269 1894 1491 1948 Menone
1532 1911 1583 1966 p.
1617 1898 1704 1950 76.
1741 1897 1804 1954 Ε.
1865 1897 1901 1953 ὦ
1936 1909 2044 1957 παῖ

61 1982 422 2051 Ἀλεξιδήμου.
503 1985 604 2041 Sed
646 1986 880 2041 recurrit
920 1985 1112 2038 vitium
1155 1984 1208 2036 in
1250 1982 1465 2056 Cratylo
1509 1999 1556 2053 p.
1589 1987 1715 2038 584.
1761 1988 1820 2039 A.
1860 1985 1896 2040 ὦ
1937 1997 2044 2044 παῖ

58 2071 348 2128 Ἰππονίκου
394 2073 771 2147 [Ἐρμόγενες].
855 2073 1122 2127 Tenemus
1174 2071 1608 2142 interpolatorem
1650 2074 1702 2125 in
1759 2075 2038 2133 Phaedone

60 2177 115 2231 p.
153 2164 244 2215 89.
283 2163 339 2215 C·
384 2168 672 2229 παρακαλῶ
731 2163 930 2225 τοίνυν,
990 2160 1091 2229 ἔφη
1119 2202 1133 2224 ,
1190 2163 1292 2228 οὐχ
1350 2162 1414 2220 ὡς
1467 2165 1726 2223 Ἡρακλῆς
1786 2164 1913 2219 ἀλλ’
1969 2169 2036 2230 ὡς

57 2249 256 2310 Ἰόλεως
316 2251 425 2324 [τὸν
464 2253 754 2322 Ἡρακλῆ],
800 2266 960 2314 nain,
1017 2259 1390 2321 praeterquam
1444 2248 1582 2319 quod
1625 2250 1900 2307 inficetum
1954 2265 2036 2311 est

58 2336 356 2403 emblema,
388 2339 684 2395 Graeculus
709 2340 882 2393 utitur
919 2340 1111 2392 vitiosa
1133 2338 1304 2392 forma
1326 2339 1631 2408 sequiorum
1663 2341 1748 2393 τὸν
1770 2345 2033 2408 Ἡρακλῆ,

57 2439 227 2496 quum
269 2426 489 2482 Veteres
524 2436 835 2483 constanter
873 2432 959 2482 τὸν
993 2426 1255 2494 Ἡρακλέα
1295 2426 1577 2480 dixissent.
1660 2427 1908 2485 ‚Vidimus
1944 2450 2034 2488 su-

23 2520 25 2523 ’
58 2529 157 2586 pra
232 2524 485 2583 Περικλῆς
563 2518 742 2589 inepte
811 2517 1076 2570 insertum
1153 2516 1206 2568 in
1274 2515 1594 2585 Protagorae
1665 2515 1813 2572 loco:
1888 2521 2032 2580 idem

57 2597 320 2658 emblema
360 2606 739 2660 removendum
781 2612 862 2660 est
909 2621 972 2658 ex
1019 2603 1290 2658 Alcibiade
1331 2605 1373 2659 1.
1432 2620 1481 2674 p.
1527 2606 1628 2657 124
1679 2606 1731 2658 C.
1775 2606 1798 2659 ὁ
1838 2609 2032 2678 ἐπίτρο-

60 2710 154 2753 πος
186 2692 211 2746 ὃ
250 2693 373 2759 ἐμὸς
406 2687 633 2760 βελτίων
666 2694 741 2751 ἐςὶ
783 2694 869 2748 καὶ
907 2695 1188 2761 σοφώτερος
1227 2693 1255 2756 ἢ
1294 2692 1589 2764 [Περικλῆς]
1624 2692 1646 2745 o‘
1676 2692 1779 2753 σός.
1860 2696 2033 2756 Affine

57 2795 230 2851 genus
280 2789 364 2836 est
420 2781 847 2854 interpolationis
901 2782 953 2834 in
1010 2780 1133 2836 lone
1187 2798 1238 2852 p.
1278 2784 1402 2834 531.
1449 2780 1507 2834 D.
1562 2778 1596 2834 ὦ
1645 2782 1777 2849 φίλη
1817 2790 2031 2855 κεφαλή

64 2865 263 2941 [Ἶων],
321 2877 375 2925 et
428 2870 480 2925 in
523 2869 737 2924 Critone
794 2887 845 2942 p.
891 2874 979 2924 54.
1036 2869 1094 2923 D.
1149 2867 1184 2923 ὦ
1232 2870 1359 2939 φίλε
1406 2866 1575 2937 ἕταιρε
1642 2870 1918 2947 [Κρίτων],
1978 2884 2034 2933 et

60 2971 113 3029 p.
148 2962 238 3012 44.
282 2958 335 3013 B.
390 2956 427 3013 ὦ
467 2958 694 3024 δαιμόνιε
740 2958 1056 3031 [Σώκρατες]
1103 2965 1155 3012 et
1197 2974 1246 3029 p.
1282 2961 1372 3011 44.
1414 2957 1470 3012 C.
1513 2955 1548 3012 ὦ
1589 2959 1851 3027 μακάριε,
1899 2963 2034 3036 [Κρί-

58 3046 180 3119 των]
207 3087 223 3109 ,
266 3054 319 3102 et
361 3048 413 3101 in
459 3047 646 3119 {lippia
686 3047 883 3101 Maiore
924 3063 974 3117 p.
1019 3049 1146 3100 295.
1188 3045 1252 3100 D.
1307 3043 1341 3100 ὦ
1383 3047 1646 3112 δαιμόνιε,
1690 3049 1857 3117 φησι,
1905 3051 2033 3124 [Σώ-

56 3137 268 3206 κρατες]
295 3178 308 3198 ,
350 3143 402 3190 et
438 3135 542 3190 alia
577 3134 837 3207 quaedam
878 3132 1286 3189 eiusdemmodi.
1371 3134 1543 3188 Unum
1588 3142 1798 3191 tantuin
1840 3140 2033 3197 addam

60 3237 126 3276 ex
176 3222 439 3278 Herodoto
478 3225 573 3280 IX.
618 3228 711 3279 91.
773 3222 808 3278 ὦ
856 3222 989 3286 ξεῖνε
1040 3223 1250 3289 Σάμιε,
1301 3223 1354 3277 τί
1401 3243 1476 3277 τοι
1528 3225 1586 3278 τὸ
1626 3225 1847 3290 οὔνομά;
1902 3229 1925 3281 ὁ
1978 3231 2031 3284 δὲ

58 3305 174 3363 εἶπε
235 3313 699 3381 »Ἥγησίςρατος.”
753 3315 778 3366 ὅ
817 3313 868 3367 δὲ
930 3311 1245 3379 ὑπαρπάσας
1301 3311 1387 3365 τὸν
1440 3312 1702 3365 ἐπίλοιπον
1762 3313 1916 3379 λόγον
1955 3348 2032 3363 -.

59 3393 211 3451 εἷπε·
270 3400 502 3466 Δὲκομαι
539 3402 626 3455 τὸν
681 3401 843 3454 οἰωνὸν
884 3403 1001 3471 [τὸν
1057 3401 1456 3472 Ἡγησίστρατον]
1485 3441 1499 3463 ,
1539 3397 1573 3453 ὦ
1627 3399 1758 3462 ξεῖνε
1822 3403 2027 3472 Σάμιε,

60 3499 198 3555 quae
237 3486 368 3540 satis
401 3494 482 3542 est
513 3487 771 3546 indicare.
852 3488 1004 3543 Nunc
1040 3489 1104 3542 ad
1148 3489 1488 3563 Symposion}
1538 3486 1711 3542 redeo.

138 3571 336 3644 Nempe
386 3591 524 3630 unns
570 3576 701 3631 mibi
753 3577 899 3632 locus
941 3577 1292 3649 corrigendus
1334 3584 1499 3631 restat
1544 3576 1594 3629 in
1639 3593 1751 3648 cap.
1794 3578 1926 3635 vm.
1973 3590 2025 3638 6.
