2436 4068
1340 193 1444 243 24⁶2

406 341 646 403 εἰσιέναι,
691 336 830 410 quod
877 352 1095 407 prorsus
1135 334 1370 389 alienum
1414 342 1531 399 est,
1581 352 1684 390 non
1738 337 1888 392 video
1927 338 2055 409 quid
2111 339 2256 393 aliud
2305 357 2385 395 re-

404 429 528 501 poni
569 427 735 499 possit
782 440 942 495 quam
997 423 1082 476 καὶ
1139 422 1348 490 πρόσθεν
1395 423 1494 477 αεὶ
1550 425 1628 491 τῷ
1684 424 1895 492 δεομένῳ
1950 447 1998 480 τι
2055 428 2198 491 ἐμοῦ.
2280 428 2382 492 At,

404 515 603 570 dixerit
641 514 862 583 aliquis,
905 509 1047 564 unde
1086 511 1213 563 sciri
1249 517 1302 564 et
1335 509 1692 566 demonstrari
1733 519 1903 583 potest
1941 512 2166 568 sormam
2214 518 2384 576 απὴλ·

401 603 667 668 λαξομαι,
709 615 868 671 quam
911 605 972 652 tu
1008 597 1092 651 his
1131 604 1379 669 quartam
1429 599 1653 663 adiiciS‚
1694 599 1911 655 Graecis
1950 600 2112 656 fuisse
2153 603 2205 655 in
2248 604 2383 657 usu?

401 690 742 746 Facillimum
780 693 862 740 est
896 687 945 740 ei
974 685 1331 756 respondere,
1375 704 1565 759 nempe
1599 705 1663 743 ex
1699 688 1963 761 Hesychio
1985 732 1999 752 ‚
2043 690 2183 761 apud
2224 708 2383 762 quem

399 779 600 849 legitur
636 793 779 830 nunc
827 774 1295 842 Ἀπὴλλοὶζειςε
1346 776 1759 841 ἀπηλλαγμένος
1800 776 1888 844 ἔσῃ
1948 777 2110 850 (inter
2148 781 2382 842 ’Λα-ἦκτο

401 874 454 920 et
502 862 922 935 ’An-naynxo'req)
979 862 1070 917 sed
1112 863 1394 934 legendum
1437 881 1552 918 esse
1606 864 1935 929 Ἀπὴλλαξει
1985 883 2050 920 ne
2089 866 2386 921 Carneades

401 953 616 1024 quidem
658 959 752 1006 aut
791 950 998 1024 Pyrrho
1038 950 1379 1006 dubitaverit.
1463 952 1642 1006 Attica
1685 955 1994 1008 terminatio
2032 975 2114 1008 -ει
2157 954 2286 1009 solet
2325 956 2379 1009 in

397 1072 420 1083 -
443 1062 514 1102 εις
549 1041 859 1112 depravari,
900 1047 957 1094 ut
1001 1042 1212 1111 saepius
1251 1039 1584 1095 ostendimus
1623 1048 1676 1096 et
1712 1043 1894 1096 statim
1938 1043 2089 1096 novis
2127 1043 2384 1114 exemplis

395 1129 672 1184 ostendam
695 1170 711 1193 ,
750 1135 804 1183 et
841 1144 926 1182 res
965 1135 1045 1183 est
1080 1135 1192 1182 tam
1226 1127 1442 1182 evidens
1483 1136 1544 1183 ut
1583 1129 1806 1184 verbum
1837 1147 1941 1184 non
1985 1130 2215 1202 amplius
2255 1130 2378 1186 addi

399 1219 470 1272 sit
503 1234 652 1289 opus,
712 1218 898 1288 Itaque
937 1215 1128 1270 addam
1162 1216 1339 1287 potius
1372 1216 1538 1270 alium
1579 1217 1953 1289 Aristophanis
1988 1218 2195 1280 locum,
2235 1236 2381 1291 pror-

397 1322 491 1359 sus
526 1305 710 1360 eadem
747 1304 1012 1360 medicina
1052 1305 1198 1375 turpi
1237 1310 1290 1358 et
1331 1304 1595 1377 flagitioso
1636 1322 1817 1360 errore
1860 1305 2194 1361 liberandum
2220 1349 2235 1371 ‚
2277 1324 2381 1378 quo

397 1411 504 1448 non
542 1393 699 1448 credo
739 1392 945 1447 foedius
986 1395 1038 1446 in
1076 1409 1272 1464 genere
1313 1393 1409 1448 hoc
1452 1394 1800 1448 commissum
1842 1410 1972 1448 esse.
2054 1395 2149 1449 Est
2193 1395 2244 1448 in
2282 1395 2379 1468 Ly-

398 1483 616 1536 sistrata
655 1482 804 1535 locus
843 1499 920 1536 vs.
955 1486 1084 1537 580.

622 1571 803 1636 σχήσω
843 1573 892 1623 σ’
932 1570 1034 1634 ἐγὼ
1074 1577 1166 1632 τῆς
1207 1575 1292 1624 νῦν
1331 1571 1484 1635 βοῆςῑ
1527 1572 1652 1624 ἀλλ’
1693 1569 1851 1624 οὐκέθ’
1893 1569 2139 1633 ἡλιαὲεις.

396 1674 533 1720 cur,
577 1673 808 1728 quaem,
850 1656 1094 1711 Datidem
1136 1657 1376 1712 ridemus
1423 1665 1476 1712 et
1508 1657 1717 1712 Datidis
1754 1659 2007 1726 χαίρομαι
2045 1674 2214 1729 quum
2251 1658 2378 1713 talia

395 1746 499 1817 ipsi
532 1746 716 1816 aequis
749 1745 947 1798 animis
986 1745 1399 1816 concoquimus?
1453 1745 1628 1812 Quid?
1670 1745 1948 1813 ἡλιαζομαι
1985 1746 2224 1800 Atticum
2261 1764 2376 1802 esse

393 1835 598 1889 scimus
643 1850 866 1898 omneS,
925 1850 1028 1887 non
1081 1834 1305 1901 ἡλιαζω,
1357 1839 1465 1886 tam
1517 1834 1648 1889 bene
1689 1842 1848 1905 atque
1898 1834 2064 1901 χαίρω
2113 1833 2218 1888 dici
2272 1851 2375 1888 non

390 1924 676 1990 χαίρομαι,
718 1929 772 1976 et
800 1920 1045 1976 futurum
1085 1921 1368 1988 ἡλιασομαι
1403 1921 1623 1986 habere,
1665 1923 1806 1976 utin
1843 1923 2032 1993 Vespis
2063 1925 2189 1986 772,
2233 1912 2383 1987 ἡλιαὲ

391 2032 468 2066 σει
508 2012 630 2078 πρὸς
673 2007 841 2074 ἥλιον,
882 2015 936 2063 et
969 2010 1228 2064 aoristum
1266 2009 1613 2073 ἡλιάσασθαι,
1658 2017 1718 2065 ut
1755 2011 1810 2063 in
1849 2009 2137 2081 Equitibus
2174 2014 2297 2065 797.

540 2103 606 2160 ὡς
639 2104 816 2153 τοῦτον
855 2098 936 2153 δεῖ
969 2100 1086 2152 ποτ’
1120 2098 1171 2150 ἐν
1210 2100 1460 2169 Ἀρκαδία
1497 2099 1821 2166 πεντώβολον
1861 2097 2194 2161 ἡλιάσασθαι.

388 2195 442 2242 et
478 2186 760 2241 credemus
812 2185 1222 2257 Aristophanem
1263 2186 1426 2241 semel
1467 2187 1658 2255 ἡλιαζω
1699 2187 1898 2240 dixisse
1939 2192 1990 2239 et
2039 2184 2222 2241 futuro
2270 2187 2373 2241 Do-

387 2276 496 2329 rico
535 2291 732 2339 usum,
786 2275 831 2326 si
878 2275 1043 2328 Musis
1084 2273 1290 2345 placet,
1335 2274 1561 2339 ἡλιαξω,
1618 2273 1831 2349 (ἡλιαξῶ
1874 2274 2043 2343 igitur
2079 2273 2373 2328 debuerant

387 2363 687 2435 scribere)?
750 2361 852 2416 Sed
891 2363 1012 2433 quis
1052 2361 1256 2415 audivit
1298 2378 1553 2433 umquam
1593 2361 1966 2417 mulierculam
2007 2361 2239 2416 Atticam
2278 2379 2374 2433 pro

387 2451 571 2506 futuro
610 2451 817 2514 Attico,
858 2467 963 2520 quo
993 2449 1218 2512 solebat,
1259 2450 1450 2504 Dorico
1484 2467 1600 2505 esse
1630 2467 1813 2513 usam,
1858 2449 2016 2520 idque
2053 2466 2157 2504 non
2194 2451 2371 2505 iocan-

386 2546 498 2594 tem
530 2545 625 2593 aut
653 2539 1011 2607 παρῳδοῦσαν,
1047 2537 1139 2592 sed
1180 2539 1233 2592 in
1273 2538 1449 2609 iurgio
1489 2539 1569 2593 ira
1603 2537 1961 2592 concitatam?
2004 2537 2185 2608 Apage
2225 2538 2371 2609 inep-

384 2628 506 2683 tias,
586 2629 867 2682 Praeterea
913 2627 1180 2682 sententia
1219 2627 1334 2697 ipsa
1381 2643 1485 2680 non
1525 2628 1707 2681 minus
1749 2625 1953 2680 laborat
1997 2631 2156 2696 atque
2197 2625 2369 2681 forma

384 2714 628 2770 vocabuli
657 2715 848 2769 vitiosa
891 2722 986 2769 est.
1067 2715 1170 2769 Sed
1214 2715 1344 2786 quid
1379 2723 1528 2770 cesso
1568 2732 1748 2770 veram
1792 2714 2075 2769 lectionem
2107 2712 2365 2785 pateface-

385 2803 478 2858 re?
561 2802 1020 2870 Quemadmodum
1056 2803 1226 2874 igitur
1260 2805 1313 2857 in
1349 2804 1538 2875 Vespis
1577 2803 1784 2858 dixerat
1824 2820 1900 2856 VS.
1943 2805 2067 2856 164.

763 2890 1101 2960 διατρώξομαι
1137 2892 1299 2945 τοίνυν
1338 2891 1465 2955 ὀδὰξ
1495 2893 1553 2946 τὸ
1593 2892 1808 2947 δίκτυον.

630 2990 687 3033 Β.
765 2982 892 3033 ἀλλ’
930 2983 1018 3035 οὐκ
1058 2980 1198 3047 ἔχεις
1238 2979 1462 3040 ὀδόντας.

384 3071 462 3125 sic
502 3071 558 3123 in
590 3074 772 3122 nostro
805 3067 918 3122 loco
957 3069 1302 3140 perspicuum
1342 3076 1422 3122 est
1465 3067 1691 3122 dixisse:

583 3158 794 3224 ’σχήσω
831 3159 878 3210 σ’
911 3158 1013 3222 ἐγὼ
1053 3164 1146 3219 τῆς
1181 3161 1265 3211 νῦν
1298 3158 1441 3222 βοῆς.
1483 3167 1539 3210 Β.
1582 3158 1709 3211 ἀλλ’
1745 3157 1902 3211 οὐκέθ’
1946 3154 2178 3221 ἡλιάζει,

384 3245 518 3301 nihil
554 3261 746 3299 nocere
785 3247 983 3316 poteris
1015 3245 1180 3309 mihi,
1223 3245 1434 3316 inquit,
1477 3251 1530 3298 et
1566 3245 1741 3298 minas
1786 3244 1917 3298 iacis
1957 3244 2172 3304 inaneS‚
2212 3258 2360 3296 nam·

383 3351 487 3406 que
545 3338 783 3405 (propter
832 3333 1079 3406 aetatem)
1133 3352 1232 3387 non
1287 3333 1486 3386 iudicas
1533 3333 1774 3404 amplius,
1867 3331 2042 3385 Etiam
2098 3329 2198 3384 hoc
2246 3337 2359 3384 tam

320 3408 346 3481 J
383 3429 630 3494 apertum
671 3427 752 3476 est
788 3427 848 3474 ut
885 3420 1149 3476 indicasse
1189 3422 1259 3475 sit
1298 3421 1446 3477 satis,
1528 3418 1710 3474 Obiter
1744 3421 1799 3472 in
1831 3420 2089 3490 Equitum
2126 3418 2239 3472 loco
2267 3434 2361 3489 pro

372 3513 707 3576 πεντώβολον
768 3507 1080 3573 ἡλιάσασθαι
1130 3526 1318 3564 revoca
1364 3511 1620 3581 optimam
1668 3508 1886 3562 Kusteri
1939 3507 2355 3567 correctionem,

385 3617 544 3671 quam
580 3600 838 3670 Bergkius
878 3598 1106 3669 expulit,
1151 3599 1475 3665 πεντωβόλου
1519 3595 1860 3660 ἡλιάσασθαι,
1907 3604 1964 3653 ut
2008 3595 2146 3668 apud
2189 3595 2360 3665 Phry-
