2436 4068
1276 254 1377 303 1232

419 398 476 452 In
522 398 811 453 Philonidis
848 398 962 452 loco
1001 395 1140 468 apud
1180 394 1306 448 Poll.
1348 395 1436 447 IX.
1482 397 1569 450 29:

459 495 717 553 παναγεῖς
746 485 962 551 γενεάν,
999 488 1388 550 πορνοτελῶναι,
1422 487 1700 549 Μεγαρῆς,
1741 485 1883 539 δεινοὶ
1919 494 2268 554 πατραλοῖαι,

348 581 409 629 ut
449 592 603 628 nemo
643 573 886 644 expediat
927 571 1054 641 quid
1101 572 1171 624 sit
1205 579 1465 634 παναγεῖς
1505 570 1719 634 γενεάν,
1775 573 1851 626 sic
1890 590 2045 627 nemo
2086 575 2324 637 dubitet,

349 663 476 734 quin
518 663 759 726 παναγης
796 659 954 724 γενεα
996 660 1063 711 sit
1104 657 1484 730 reponendum.

425 750 744 803 criticorum
775 763 935 801 curae
965 746 1195 800 multum
1228 752 1529 800 nocuerunt
1556 746 1832 817 Eupolidis
1859 747 2158 820 fragmento
2188 750 2327 822 apud

353 837 823 908 Harpocrationem
863 852 912 887 v.
957 841 1146 897 Μεῖον,
1187 833 1327 904 quod
1367 835 1420 888 in
1465 834 1616 888 libris
1663 835 1737 888 ita
1777 836 2066 891 scribitur:

650 926 916 989 τοιγαροῦν
951 922 1207 989 ςρατηγὸς
1251 921 1305 984 ἐξ
1345 922 1531 975 ἐκείνου
1573 927 1662 975 τοῦ
1702 923 1882 990 χρόνου

651 1011 808 1071 οὐδεὶς
845 1011 1059 1064 δύναται
1093 1008 1258 1077 ὥσπερ
1294 1012 1596 1075 μειαγωγὸς
1638 1012 1777 1067 ἐςιῶν

656 1105 748 1161 τῆς
781 1101 927 1152 τοῦδε
965 1099 1101 1160 νίκης
1137 1099 1328 1152 πλείον’
1370 1099 1584 1153 ἑλκύσαι
1627 1099 1850 1164 ςαθμόν,

351 1187 445 1242 ubi
485 1186 687 1241 urendo
723 1195 775 1240 et
811 1187 1038 1240 secando
1075 1185 1216 1238 docti
1258 1185 1499 1240 homines
1540 1193 1738 1256 augent
1773 1186 1991 1242 malum.
2074 1188 2337 1259 Transpo-

355 1277 439 1333 nit
483 1276 640 1335 οὐδείς
692 1281 808 1345 post
843 1279 1108 1341 τοιγαροῦν
1151 1273 1477 1337 Gronovius,
1530 1280 1650 1345 post
1700 1275 1956 1340 ςρατηγός
2006 1275 2340 1329 Dindorfius:

355 1363 546 1419 deinde
581 1362 795 1416 δύναται
823 1367 1066 1414 mutatur
1092 1362 1146 1414 in
1178 1362 1390 1424 ἐδύναθ’,
1432 1367 1492 1414 ut
1521 1360 1915 1416 trochaicorum
1944 1363 2199 1435 reliquiae
2227 1379 2343 1418 esse

356 1452 666 1514 videantur,
706 1466 837 1520 quos
859 1448 1031 1502 Iacobi
1068 1448 1208 1519 apud
1238 1449 1557 1503 Meinekium
1590 1451 1663 1503 ita
1698 1449 1962 1521 explebat:
1997 1450 2162 1519 ὥσπερ
2197 1472 2345 1517 μεια-

359 1542 533 1607 γωγὸς
560 1538 742 1597 ἱςοένων
775 1537 846 1591 τα
873 1536 1176 1604 πράγματα
1211 1536 1219 1610 l
1253 1538 1322 1604 τῷ
1359 1536 1496 1604 ζυγῷ
1530 1545 1622 1600 τῆς
1652 1539 1798 1591 τοῦδε
1827 1539 1990 1603 νίκης,
2032 1556 2166 1610 quae
2198 1538 2347 1594 valde

360 1629 530 1683 miror
578 1624 850 1681 Dindorfio
903 1624 1110 1695 placere
1157 1625 1421 1695 potuisse,
1475 1626 1601 1696 quia
1654 1641 1872 1696 prorsus
1926 1625 2211 1680 barbarum
2265 1633 2346 1681 est

360 1717 545 1776 ἱς-ανων
590 1732 685 1786 pro
728 1712 846 1773 ἱςας
888 1712 1137 1782 positum.
1219 1712 1501 1783 Sequiores
1541 1712 1788 1767 Graeculi
1824 1714 1899 1767 ita
1936 1714 2215 1779 errabant,
2257 1714 2349 1786 qui

363 1804 563 1858 formas
603 1802 933 1872 antiquiores
972 1799 1024 1852 in
1065 1820 1147 1864 ·μι
1189 1807 1445 1854 exeuntes
1484 1799 1814 1871 expellebant
1853 1808 1906 1855 et
1946 1819 2040 1872 pro
2076 1801 2220 1867 ἵςημι
2257 1808 2350 1855 aut

366 1895 455 1950 ἱςῶ
491 1890 738 1945 dicebant
775 1895 870 1943 aut
902 1887 1087 1950 ἱςανω,
1130 1904 1261 1957 quos
1287 1887 1479 1942 leniter
1512 1889 1734 1959 corripit
1770 1888 2014 1943 Socrates
2045 1889 2262 1960 quidam
2297 1891 2350 1943 in

368 1979 594 2035 Luciani
627 1975 1069 2047 Pseudosophisla
1102 1975 1334 2030 LXXVI.
1371 1980 1418 2030 7.
1459 1978 1707 2045 αφιςοῖν
1747 1977 1799 2031 δέ
1835 1998 1965 2039 τινος
1998 1977 2225 2039 εἰπόντος
2264 1978 2350 2032 καὶ

369 2069 534 2136 ἑτέρου
567 2064 955 2135 αφιςοένειν,
981 2066 1186 2133 ’Ἄμφω
1207 2065 1327 2130 μέν,
1356 2064 1487 2134 ἔφη,
1519 2068 1606 2120 οὐκ
1628 2061 1761 2118 οἶδα.
1813 2065 2149 2138 Quamquam
2172 2073 2353 2120 autem

369 2159 475 2211 ista
514 2155 645 2209 satis
697 2158 903 2207 constet
943 2169 1058 2206 esse
1097 2154 1471 2220 παρεφθορυίας
1510 2152 1696 2216 λέξεως
1731 2160 1911 2208 tamen
1954 2171 2354 2226 nonnumquam

374 2245 432 2298 in
470 2242 769 2297 Atticorum
813 2241 1010 2311 scripta
1050 2240 1406 2311 irrepserunt,
1445 2247 1504 2295 ut
1537 2241 1660 2295 olim
1698 2242 1750 2294 in
1786 2242 1974 2314 Vespis
2003 2259 2078 2296 vs,
2116 2246 2182 2296 41
2222 2242 2356 2313 lege-

374 2332 555 2386 batur:

679 2418 764 2471 τὸν
803 2418 959 2482 δῆμον
1001 2419 1137 2482 η’μῶν
1176 2417 1427 2482 βούλεται
1467 2416 1704 2474 διϊςοένειν
1728 2460 1741 2480 ,

380 2507 469 2562 cui
506 2503 717 2559 tandem
761 2504 1039 2559 Ravennas
1075 2521 1231 2558 suum
1272 2505 1493 2563 διϊςαναι
1533 2505 1782 2559 reddidit.
1860 2505 2121 2577 Equidem
2162 2507 2217 2559 in
2256 2505 2362 2559 Eu·

379 2593 602 2667 polideis
643 2591 885 2646 versibus
925 2591 1058 2645 nibil
1105 2592 1313 2657 deesse,
1364 2593 1455 2648 sed
1496 2601 1680 2648 contra
1722 2593 1964 2647 nonnihil
2004 2593 2141 2647 male
2180 2593 2360 2664 agglu-

381 2685 614 2737 tinatum
665 2697 779 2734 esse
827 2682 1080 2751 suspicor.
1173 2681 1406 2734 Primam
1467 2681 1594 2735 mali
1642 2681 1814 2736 labem
1868 2689 1996 2753 puto
2046 2683 2098 2734 in
2149 2682 2362 2735 ἑλκύσαι
2434 2678 2436 2690 ⁵

387 2769 582 2836 ςαθμόν
636 2770 835 2823 inesse:
891 2785 1054 2840 quum
1108 2766 1311 2823 εἵλκυσε
1364 2769 1559 2835 ςαθμόν
1606 2777 1762 2841 poeta
1821 2769 2050 2824 dedisset
2102 2769 2367 2822 tralaticio

387 2859 519 2912 vitio
551 2855 814 2920 εἷ’λκυσαι,
867 2857 1055 2911 deinde
1101 2858 1314 2912 ἑλκύσαι
1355 2866 1541 2913 natum
1583 2866 1694 2922 est,
1742 2876 1846 2930 quo
1885 2857 2024 2911 facto
2059 2857 2367 2928 supervenit
2427 2840 2436 2927 {⁴³

389 2948 482 3019 qui
519 2947 732 3002 δύναται
771 2946 835 3000 de
875 2963 971 2999 suo
1007 2946 1261 3000 adiecerit
1299 2955 1543 3001 ruentem
1578 2948 1899 3002 sententiam
1926 2951 2232 2999 sustentans
2268 2943 2364 2998 sci·

387 3035 529 3090 licet.
610 3035 795 3104 Itaque
835 3034 964 3087 haec
999 3041 1183 3105 sponte
1212 3036 1453 3088 nascitur
1489 3034 1814 3090 emendatio:

692 3123 873 3189 τοιγὰρ
913 3124 1170 3188 ςρατηγὸς
1210 3121 1268 3185 ἐξ
1306 3123 1491 3177 ἐκείνου
1531 3128 1618 3176 τοῦ
1659 3122 1839 3190 χρόνου

693 3210 849 3269 οὐδείς
886 3212 1014 3274 ποθ’,
1051 3209 1216 3277 ὥσπερ
1252 3213 1552 3275 μειαγωγὸς
1594 3212 1757 3274 ἐςιῶν,

695 3305 786 3360 τῆς
825 3299 968 3351 τοῦδε
1002 3300 1137 3361 νίκης
1177 3299 1368 3352 πλείον’
1413 3296 1615 3352 εἵλκυσε
1655 3297 1880 3362 ςαθμόν,

396 3404 531 3460 quae
572 3386 636 3440 de
677 3385 1047 3439 Themistoclis
1087 3388 1309 3441 victoria
1347 3386 1636 3441 Salaminia
1675 3385 1781 3438 dici
1821 3390 2062 3454 apertum
2107 3389 2203 3437 est.
2284 3382 2369 3436 lna

399 3476 625 3529 duxerat
676 3475 815 3528 enim
867 3474 1083 3544 Eupolis
1119 3475 1172 3527 in
1215 3492 1275 3529 ea
1327 3475 1502 3528 sabula
1554 3471 1790 3547 (Δήμοις)
1841 3479 2046 3525 veteres
2090 3471 2369 3525 Athenien-

399 3563 538 3616 sium
593 3563 879 3631 ςρατηγοὺς
920 3562 1005 3615 καὶ
1047 3562 1392 3628 δημαγωγοὺς
1448 3562 1505 3626 ἐξ
1555 3561 1676 3631 ᾅδου
1725 3559 2128 3625 ἀναβεβηκότας
2179 3564 2258 3622 et,
2312 3562 2372 3610 ut

399 3651 622 3730 quisque
664 3649 932 3721 prodibat,
975 3651 1150 3703 nescio
1187 3651 1306 3719 quis
1342 3653 1455 3706 eius
1491 3668 1582 3707 ‚res
1620 3654 1794 3720 gestas
1836 3656 1886 3703 et
1927 3648 2091 3702 vitam
2138 3653 2188 3700 et
2231 3647 2372 3713 inge-¹
