2436 4068
1024 216 1127 267 481

74 366 203 414 runt
241 375 436 413 novum
483 359 703 413 verbum
740 361 968 428 τροφεύω
992 402 1006 424 ,
1063 359 1152 414 ubi
1194 360 1416 429 antiqua
1455 357 1625 412 forma
1664 360 1836 429 τρέφω
1877 359 2050 416 suerat

74 447 368 510 utendum,
423 449 500 501 sic
551 448 749 503 διοδεύω
797 456 850 502 et
900 448 1157 515 παροδεύω
1199 455 1252 502 et
1293 446 1534 501 συνοδεύω
1591 452 1645 501 et
1696 449 1959 515 περιοδεύω
2002 457 2057 505 et

70 535 278 598 ἐξοδεύω
318 544 610 606 coeperunt
650 536 832 590 dicere
872 553 967 607 pro
1002 537 1182 598 δίοδον,
1238 535 1483 602 παροδον,
1523 535 1757 601 σύνοδον,
1795 538 2054 604 περίοδον,

70 621 231 686 ἔξοδον
270 628 546 688 ποιοῦμαι,
589 640 756 694 quum
798 623 1108 678 debuissent
1149 624 1228 676 uti
1266 622 1452 676 formis
1492 623 1888 694 antiquioribus
1929 624 2050 692 διέρ-

66 730 267 777 χομαι,
309 711 675 779 παρέρχομαι,
716 710 1067 779 συνέρχομαι,
1107 710 1441 778 περιέρχομαι
1483 718 1535 765 et
1575 710 1873 780 ἐξέρχομαι.
1914 712 2052 767 Hinc

19 786 22 790 Δ
64 798 229 852 etiam
270 798 500 869 simplici
543 797 711 852 forma
752 800 902 853 ὁδεύω
942 798 1130 852 crebro
1177 798 1468 852 utebantur
1507 798 1754 854 Graeculi
1795 817 1891 872 pro
1942 801 2050 855 ὁδὸν

65 891 345 951 ποιοῦμαι,
385 886 605 953 ἔρχομαι
653 887 766 940 sive
820 886 1035 954 βαδίζω.
1115 885 1315 940 Eadem
1358 887 1495 940 ratio
1537 887 1590 939 in
1642 886 1763 940 aliis
1807 890 2050 944 cernitur

62 988 222 1045 quam
261 973 528 1044 plurimis.
612 974 895 1045 Sequiores
936 991 999 1028 ex
1037 973 1241 1042 ἄροτρον
1280 973 1647 1045 procuderant
1683 975 1906 1030 verbum
1959 994 2049 1030 no·

64 1078 190 1115 vum
242 1065 478 1129 ἀροτριᾶν
535 1079 630 1133 pro
670 1065 855 1130 ἀροῦν,
915 1079 1018 1133 quo
1074 1061 1182 1115 solo
1239 1062 1529 1116 utebantur
1569 1063 1935 1133 antiquiore8‚
1994 1073 2047 1120 et

64 1166 259 1220 magna
299 1157 379 1204 est
419 1149 607 1203 talium
648 1151 817 1222 copia.
900 1151 1036 1204 Hinc
1076 1150 1359 1221 sequitur,
1399 1149 1446 1202 si
1489 1150 1610 1220 quis
1648 1152 1877 1218 τροφεύω
1916 1151 2051 1207 dicit

60 1245 156 1292 aut
209 1239 415 1306 αροτριῶ
470 1245 563 1291 aut
615 1238 907 1310 quidquam
963 1237 1307 1300 huiusmodi,
1366 1237 1549 1290 statim
1605 1253 1862 1309 apparere
1920 1256 2045 1294 eum

60 1326 322 1398 sequioris
361 1326 552 1380 aetatis
591 1343 707 1380 esse
755 1333 804 1380 et
862 1327 1051 1380 vitiose
1105 1326 1251 1401 loq-ui
1308 1325 1452 1379 κατα
1504 1326 1596 1387 τὴν
1647 1331 1746 1379 τῶν
1801 1327 2044 1394 νεωτέρων

58 1417 338 1478 συνήθειαν.
430 1413 676 1468 Ezechiel
736 1414 997 1483 Tragicus
1059 1414 1125 1488 (si
1185 1414 1352 1468 Musis
1416 1412 1616 1486 placet)
1679 1413 1820 1485 apud
1879 1414 2051 1471 (Hem.-

58 1501 342 1557 Alexandr.
387 1502 582 1557 Strom.
620 1503 660 1556 1.
705 1519 752 1574 p.
794 1506 901 1556 544
944 1520 1022 1574 sq.
1066 1502 1274 1557 inducit
1313 1502 1489 1556 Mosen
1536 1503 1608 1555 ita
1650 1501 1947 1559 dicentem:

360 1589 501 1646 εἷπεν
541 1592 593 1645 δὲ
634 1590 863 1658 θυγάτηρ
903 1590 1198 1656 βασιλέως·
1238 1595 1451 1652 τοῦτον,
1490 1589 1677 1655 γύναι,

361 1680 615 1748 τρόφευε,
657 1680 804 1744 κοέγὼ
844 1681 1022 1746 μισθὸν
1061 1680 1305 1734 ἀποδώσω
1346 1679 1505 1733 σέθεν.

55 1783 248 1839 nempe
306 1768 383 1821 sic
438 1766 783 1822 Alexandrini
826 1769 1028 1822 Graece
1079 1767 1450 1839 loquebantur.
1536 1766 1735 1821 Eodem
1795 1767 1948 1822 modo
1997 1771 2041 1822 si

55 1856 179 1928 quis
216 1856 414 1910 διοδεύειν
442 1854 576 1909 dicit
614 1862 708 1909 aul.
743 1856 1001 1923 παροδεύω
1055 1863 1149 1910 aut
1186 1855 1395 1919 ἐξοδεύω
1451 1855 1635 1910 statim
1689 1855 2044 1927 intelligimus

54 1961 179 1999 eum
219 1945 554 2016 scriptitasse
593 1953 875 2016 postquam
918 1943 1141 1999 Graecia
1180 1942 1369 1998 effoeta
1418 1945 1805 1998 consenuisset.
1886 1945 2040 1999 Eius-

52 2031 172 2088 dem
217 2034 386 2104 igitur
425 2040 668 2088 monetae
720 2039 848 2087 sunt
902 2032 1119 2087 nomina
1169 2049 1231 2086 ex
1279 2033 1430 2086 novis
1486 2031 1660 2086 verbis
1713 2040 2041 2105 propagata,

50 2120 213 2175 veluti
255 2122 507 2188 περιοδεία
542 2139 638 2192 pro
673 2122 911 2189 περίοδος.
991 2121 1134 2192 Ergo
1172 2137 1332 2191 quam
1387 2120 1457 2174 sit
1498 2118 1691 2183 ἕξοδεία
1731 2138 1827 2192 pro
1867 2119 2034 2185 ἔξοδος

47 2226 80 2265 a
127 2208 493 2281 Xenophontis
542 2210 784 2263 oratione
842 2209 1076 2264 alienum
1131 2208 1424 2280 unicuique
1464 2209 1648 2262 statim
1690 2210 1794 2263 erit
1834 2211 2034 2282 perspi·

47 2313 240 2354 cuum:
293 2299 412 2352 vivo
452 2297 801 2369 Xenophonte
853 2305 1067 2370 praeter
1115 2295 1396 2365 ἐξέρχομαι
1448 2303 1500 2351 et
1551 2295 1715 2360 ἔξοδος
1767 2305 1822 2353 et
1869 2297 2030 2363 ἔξοδον

47 2390 288 2452 ποιοῦμαι
332 2385 464 2440 nibil
506 2394 623 2440 erat
676 2387 730 2440 in
773 2403 893 2440 usu.
984 2385 1163 2440 Facile
1211 2386 1314 2440 erit
1365 2386 1468 2439 iam
1520 2385 1693 2439 cuivis
1745 2385 1811 2440 ad
1857 2386 2030 2459 explo-

0 2501 6 2516 ·
48 2474 276 2531 randum
317 2474 524 2538 ἔξοδεύω
565 2481 619 2529 et
657 2475 854 2530 διοδεύω
901 2480 955 2528 et
994 2481 1206 2529 caetera
1244 2474 1538 2545 composita
1580 2489 1844 2545 nusquam
1887 2475 2029 2546 apud

47 2571 255 2618 veteres
293 2571 345 2617 et
402 2561 650 2634 probatos
695 2564 983 2635 scriptores
1026 2570 1273 2628 exstare,
1328 2561 1420 2616 sed
1474 2559 1752 2635 Polybium
1811 2561 2032 2618 demum.

30 2659 102 2707 et
151 2651 458 2707 Diodorum·
505 2649 748 2705 Siculum
801 2658 855 2705 et
909 2651 1226 2724 Dionysium
1283 2648 1450 2704 Halic.
1508 2656 1560 2703 et
1602 2648 1918 2705 Strabonem
1977 2657 2032 2706 et

45 2738 396 2796 Plutarchum
440 2746 787 2810 caeterosque
842 2738 926 2793 his
977 2738 1180 2793 similes
1224 2736 1627 2809 perfrequenter
1679 2737 1798 2793 istis
1851 2739 2031 2795 verbis

45 2829 269 2884 noviciis
326 2828 403 2882 uti
458 2826 644 2882 solere.
737 2826 902 2881 lidem
960 2826 1056 2881 soli
1106 2833 1335 2881 utuntur
1387 2826 1601 2879 nomine
1648 2825 1844 2891 ἕξοδεία
1899 2826 2027 2882 hinc

43 2922 204 2982 nato,
260 2915 399 2971 unde
442 2917 604 2970 ctiam
656 2915 721 2970 de
765 2914 934 2970 forma
989 2918 1196 2969 constat
1241 2913 1315 2987 (in
1374 2912 1528 2967 libris
1569 2915 1712 2969 enim
1765 2914 1830 2970 de
1879 2932 2027 2971 more

43 3005 239 3079 passim
279 3003 447 3068 ἐξοδία
487 3003 801 3076 scribitur),
841 3011 894 3058 ct
938 3002 1228 3057 ridiculum
1281 3009 1363 3057 est
1405 3001 1563 3055 istam
1605 2999 1830 3058 sormam
1874 3002 2026 3059 Vete-

41 3091 194 3149 ribus
231 3091 546 3155 obtrudere,
601 3092 945 3164 quamobrem
1010 3090 1168 3146 redde
1220 3088 1484 3145 llerodoto
1527 3090 1613 3144 VI.
1659 3094 1746 3145 56.
1808 3093 1859 3146 ἐν
1906 3101 2025 3162 τῇσι

43 3178 249 3244 emotas
274 3223 287 3243 ,
328 3179 381 3234 id
421 3187 502 3234 est
538 3179 692 3234 ὃπότε
731 3178 893 3243 ἔξοδον
939 3187 1155 3235 ποιοῖντο
1178 3220 1190 3242 ,
1245 3195 1340 3250 pro
1380 3176 1593 3247 ἐξοδίῃσι
1640 3178 1719 3234 vel
1764 3179 1926 3252 (quod
1966 3180 2020 3233 in

39 3265 161 3322 eliis
199 3269 300 3342 est)
342 3270 392 3322 ἐν
435 3275 564 3322 τοῖσι
596 3267 841 3332 ἐξοδίοισι.

129 3354 300 3410 Unum
358 3358 666 3429 excepimus
722 3356 942 3412 verbum
998 3356 1256 3426 ἑφοδεύω,
1318 3355 1457 3428 quod
1510 3356 1736 3427 probum
1780 3362 1831 3409 et
1885 3355 2019 3409 auti-

40 3460 205 3514 quum
246 3450 328 3497 est
367 3443 432 3497 de
471 3445 889 3509 circuitoribus,
931 3446 1023 3517 qui
1062 3446 1113 3499 iu
1156 3443 1290 3498 bello
1325 3451 1417 3498 aut
1457 3443 1728 3498 obsidione
1769 3442 2020 3521 excubias

40 3529 330 3601 vigilesque
377 3532 589 3588 obeunt.
671 3534 869 3607 Nempe
923 3537 944 3587 ὁ
999 3536 1095 3594 τας
1146 3532 1397 3603 φυλακὰς
1451 3534 1599 3588 ἐπιών
1652 3530 2018 3603 appellabatur

38 3619 61 3671 5
98 3618 306 3682 ἕΦεδος,
362 3622 453 3691 qui
499 3625 708 3693 proprie
747 3625 1004 3692 ἐφοδεύων
1059 3622 1287 3685 «licitur,
1342 3628 1393 3674 et
1430 3622 1504 3673 sic
1548 3619 1682 3674 ‹luac
1727 3636 1809 3674 rcs
1845 3618 2017 3673 diver-
