2436 4068
1325 222 1428 272 434

393 372 534 425 enim
577 374 778 423 certam
818 367 1078 420 librorum
1118 366 1495 418 auctoritatem
1539 366 1695 420 habet
1729 367 1884 422 lectio
1921 371 2110 435 λαβεῖν
2151 369 2241 434 ἄν,
2283 387 2369 424 ne-

394 475 500 531 que
535 464 683 511 recte
713 454 953 526 procedit
986 454 1154 507 oratio
1190 454 1351 506 etiam
1389 454 1432 506 si
1471 452 1546 508 ὅτι
1589 458 1897 510 removeris,
1975 458 2086 511 Non
2119 464 2200 511 est
2227 459 2369 512 enim

393 548 660 602 Graecum
715 543 854 607 λέγω
904 563 977 596 σοι
1032 543 1264 607 λαβεῖν
1317 541 1420 603 ἄν,
1463 545 1505 596 εἰ
1561 543 1763 608 βούλοιο
1804 546 2088 613 ἐνεδρεῦσαι
2149 562 2246 616 pro
2294 545 2371 600 ὅτι

396 634 582 700 λάβοις
625 632 687 686 ἂν
727 632 769 684 εἰ
811 631 1097 696 ἐνεδρεῦσαι
1138 628 1378 694 βούλοιο,
1419 628 1558 700 quod
1605 633 1974 703 unusquisque
2019 635 2203 688 statim
2248 649 2372 687 sen-

397 723 512 775 tiet.
592 719 705 774 Non
760 717 880 789 plns
934 716 1187 788 praesidii
1240 724 1322 770 est
1369 718 1421 770 in
1472 718 1707 772 Platonis
1747 719 2030 775 Charmide
2071 740 2120 792 p.
2164 726 2268 775 164
2309 722 2375 778 D.

398 809 485 863 καὶ
523 811 612 862 οὐκ
653 806 718 862 ἂν
756 807 1084 874 αἰσχυνθείην
1135 802 1211 859 ὅτι
1250 805 1324 870 μὴ
1364 805 1481 871 οὐχὶ
1525 807 1668 872 ὀρθῶς
1722 806 1888 875 φάναι
1946 809 2192 877 εἰρηκέναι
2233 812 2374 875 aaa·

395 911 482 951 λον
522 898 550 960 ἤ
592 898 700 950 κτέ.
743 911 869 948 nam
911 900 963 947 et
1018 893 1120 947 loci
1176 894 1445 946 sententia
1498 892 1695 947 clamat
1737 911 1833 966 pro
1881 893 1959 950 ὅτι
2007 897 2373 968 reponendum

392 1001 510 1038 esse
547 985 708 1038 ὁτιοῦν
750 989 802 1036 et
846 989 1062 1036 certum.
1098 989 1180 1036 est
1221 982 1551 1049 αἰσχυνθείην
1591 981 1656 1035 ἂν
1707 979 1783 1036 ὅτι
1834 982 2065 1052 ἔφασκον
2117 985 2226 1039 dici
2266 1002 2374 1039 non
2431 999 2436 1013 ²

393 1089 546 1144 posse
586 1089 682 1144 pro
720 1071 1048 1139 αἰσχυνθείην
1084 1068 1150 1124 ἂν
1184 1069 1370 1139 φάναι.
2112 1120 2113 1123 ,

466 1160 607 1214 Haec
646 1167 800 1214 erant
838 1160 1006 1229 igitur
1044 1157 1429 1222 fundamenta,
1470 1157 1668 1228 quibus
1708 1158 2080 1234 Val·c}<enaerii
2121 1167 2173 1215 et
2214 1160 2372 1215 Hein-

383 1248 544 1302 ‹lorfii
579 1249 757 1319 opinio
791 1246 1100 1311 nitebatur,
1142 1245 1338 1317 quihus
1378 1247 1579 1299 eversis
1634 1254 1867 1301 corruet.
1946 1248 2137 1318 Magna
2174 1255 2254 1303 est
2301 1249 2371 1302 lo-

384 1354 578 1392 corum
619 1336 768 1406 copia
809 1334 950 1406 apud
988 1335 1263 1404 sequiores
1303 1333 1626 1399 GraeculOS,
1668 1334 1758 1388 ubi
1796 1351 1856 1390 ea
1897 1336 2165 1390 scribendi
2211 1336 2374 1407 negli-

387 1426 571 1493 gentia
612 1424 971 1478 certissimam
1014 1421 1172 1476 habet
1210 1421 1402 1476 fidem:
1445 1421 1565 1476 vide
1599 1423 1757 1476 modo
1797 1440 1933 1494 quae
1972 1423 2038 1477 ad
2078 1424 2371 1479 Diodorum

389 1513 632 1568 Siculum
676 1511 715 1565 Ι.
757 1529 811 1582 p.
852 1513 978 1563 272.
1039 1509 1343 1581 Stephanus
1397 1517 1448 1564 et
1502 1510 1898 1581 Wesselingius
1952 1520 2372 1584 congesserunt:

390 1601 481 1655 sed
524 1602 576 1653 in
616 1599 910 1654 >Diodorum
953 1605 1300 1669 caeterosque
1356 1598 1664 1652 istiusmodi
1714 1600 2003 1671 scriptores
2054 1616 2240 1655 omnes
2277 1601 2372 1654 Co-

390 1690 517 1743 mici
563 1687 736 1742 verbis
774 1693 1018 1740 utemur:

617 1775 733 1840 ἕξῆν
774 1773 803 1828 ὃ]
832 1796 881 1828 τι
922 1775 1210 1839 βούλοιντ’,
1252 1771 1287 1827 ὦ
1328 1773 1558 1840 upokwc',
1598 1777 1775 1836 αὐτοῖς
1815 1776 2022 1840 λέγειν,

615 1865 764 1919 ἄλλα
804 1864 858 1916 ’τί
895 1863 1017 1929 πρὸς
1058 1864 1198 1926 ἡμᾶς
1239 1865 1420 1926 τοῦτο,
1460 1865 1581 1930 πρὸς
1622 1869 1714 1923 τῆς
1755 1864 1963 1924 Ἑςίας;

462 1953 696 2007 Istorum
737 1951 881 2006 enim
918 1951 1089 2003 oratio
1125 1956 1202 2003 tot
1242 1950 1390 2003 vitiis
1418 1949 1799 2022 erroribusque
1832 1952 2112 2022 inquinata
2153 1958 2267 2015 est,
2309 1959 2371 2005 ut

389 2042 522 2096 nihil
566 2042 639 2095 sit
679 2040 851 2110 magis
886 2037 1236 2092 temerarium
1283 2053 1446 2108 quam
1484 2037 1694 2092 Veteris
1733 2038 1948 2110 linguae
1989 2040 2278 2111 puritatem
2318 2046 2372 2093 et
2435 2031 2436 2034 '

389 2130 754 2184 sinceritatem
780 2171 794 2192 ‚
851 2126 1023 2180 sicubi
1065 2125 1237 2179 lahem
1280 2141 1436 2195 passa
1475 2126 1583 2189 sit,
1623 2143 1794 2197 aequo
1845 2129 2025 2182 animo
2064 2135 2374 2199 corruptam
2432 2114 2436 2178 ,Ϊ

391 2218 529 2272 ferre
582 2225 636 2270 et
677 2232 886 2270 errores
936 2213 1235 2267 scribarum
1299 2212 1654 2283 scriptoribus
1704 2214 1835 2284 ipsis
1889 2215 2192 2286 imputare,
2249 2233 2375 2287 quo·
2430 2221 2432 2225 “

391 2308 535 2360 niam
578 2304 868 2359 Diodorum
906 2302 1146 2356 Siculum
1190 2301 1427 2371 aliosque
1457 2299 1513 2352 id
1550 2317 1720 2370 genus
1757 2303 1813 2354 in
1848 2303 2044 2358 talibus
2077 2305 2377 2375 impingere

393 2395 563 2448 solere
603 2398 830 2446 constat.
910 2390 1100 2444 Melius
1139 2390 1446 2460 sequiorum
1490 2389 1582 2450 τὴν
1619 2391 1998 2458 παρεφθορυῖαν
2051 2390 2190 2455 λέξιν
2232 2399 2378 2445 nota·
2429 2432 2436 2463 4

393 2483 573 2536 bimus
614 2479 680 2534 ad
733 2478 1248 2540 demonstrandum,
1290 2479 1383 2547 qui
1429 2475 1632 2530 sactum
1687 2479 1757 2531 sit
1807 2486 1864 2531 ut
1907 2486 2258 2534 monumenta
2293 2496 2375 2534 ca·
2432 2541 2436 2545 ¹

392 2569 642 2641 pitalium
690 2568 1030 2637 ingeniorum
1075 2572 1153 2620 tot
1207 2564 1434 2619 maculis
1474 2571 1988 2635 conspergerentur,
2039 2584 2197 2638 quam
2233 2568 2375 2622 colo-

394 2675 509 2711 rem
551 2655 836 2727 quemdam
878 2672 943 2709 ex
985 2656 1212 2708 istorum
1255 2653 1653 2723 comparatione
1693 2653 2038 2709 librariorum
2079 2655 2378 2710 hallucina-
2431 2678 2436 2683 ·

395 2744 633 2798 tionibus
691 2760 1030 2815 quaeremus,
1124 2742 1310 2813 Itaque
1368 2739 1706 2812 Xenophonti
1773 2742 2094 2797 reddemus:
2153 2741 2267 2798 εἷπε
2326 2746 2378 2798 δὲ
2430 2767 2436 2821 J:

394 2832 471 2888 ἔτι
496 2875 508 2897 ,
544 2833 752 2887 ἐπειδὰν
792 2831 1000 2900 ‘mixte-oc
1042 2834 1070 2894 ἡ
1109 2830 1325 2898 epam-sla
1365 2829 1526 2895 λήξῃ,
1565 2830 1945 2898 ἀποπέμψει
1990 2831 2163 2886 αὐτόν.
2420 2891 2422 2896 ,

472 2922 550 2974 Ex
590 2920 675 2973 his
716 2921 849 2973 satis
882 2925 1100 2990 apparet
1136 2917 1265 2989 quid
1301 2919 1528 2972 sentiam
1567 2917 1632 2972 de
1671 2917 1933 2972 Dindorfii
1971 2920 2279 2974 coniectura
2322 2921 2377 2974 in
2420 2960 2434 2990 a

399 3009 564 3063 Anah.
599 3007 712 3060 VII.
763 3025 811 3060 v.
854 3011 906 3060 8.
965 3007 1307 3077 reponentis:
1361 3007 1447 3060 καὶ
1493 3006 1618 3067 τέως
1657 3007 1765 3071 μὲν
1815 3006 1899 3060 oie)
1961 3006 2216 3072 ἐμέμνητο
2268 3010 2371 3070 ὥς,
2409 3018 2436 3083 ,ςξ

397 3097 604 3151 ἐπειδὰν
665 3095 748 3148 ἐπὶ
805 3095 1077 3148 θάλατταν
1145 3094 1384 3163 οἶπέλθη,
1447 3096 1840 3162 παραδώσειν
1897 3096 2037 3162 αὐτῷ
2097 3082 2436 3166 Βισανθηνπξ

398 3202 589 3256 nempe
641 3183 912 3249 μέμνημαι
954 3183 1272 3249 παραδώσειν
1320 3182 1504 3237 eodem
1557 3182 1742 3236 morbo
1780 3181 1983 3236 laborat
2026 3189 2187 3253 atque
2237 3185 2374 3245 εἰδὼς
2408 3165 2436 3254 ἶ

395 3275 636 3337 ἔσεσθαι,
677 3278 730 3326 et
774 3270 992 3324 omnino
1028 3269 1289 3323 Graecum
1333 3286 1436 3323 non
1482 3276 1597 3323 est:
1638 3269 2092 3340 quemadmodum
2133 3271 2277 3325 enim
2309 3272 2375 3325 εἰ·
2408 3269 2431 3346 ,ξ

395 3364 516 3426 δώς,
549 3361 630 3415 sic
678 3359 950 3425 μέμνημαι
988 3373 1202 3427 quoque
1243 3357 1571 3410 infinitivum
1604 3373 1720 3410 ¹non
1751 3356 2039 3423 'admittit3‘
2068 3357 2172 3412 nisi
2207 3360 2375 3430 quum

393 3451 610 3504 memini
656 3445 976 3519 significat,
1037 3444 1203 3498 veluti
1245 3444 1336 3498 ΙΙΙ.
1379 3462 1463 3498 111.·
1498 3447 1584 3498 59⁴.
1637 3442 1751 3504 ὄις-ις
1792 3442 1944 3509 ’ὑμῶν
2001 3447 2118 3507 τοὺς
2147 3443 2374 3510 'eius-iouh
2408 3447 2429 3518 ’ᾗ

382 3539 638 3603 ἐπιθυμεῖ
669 3538 790 3590 ἰδεῖν
829 3534 1186 3600 μεμῖνήσθω
1229 3534 1351 3598 οἰνηρ
1395 3532 1593 3597 ἀγαθὸς
1631 3530 1816 3587 εἶναι.
2237 3539 2239 3542 ’

478 3623 843 3681 latim-0111.
887 3639 919 3675 1.
968 3623 1051 3677 11.
1114 3618 1276 3683 ἔδοξεν
1336 3622 1476 3689 αὐτῷ
1529 3621 1743 3689 βροντῆς
1803 3622 2079 3689 γενομένης
2139 3624 2371 3685 σκηπτὸς
