2436 4068
1298 232 1403 282 422

363 382 607 453 quissimi
664 385 848 451 poetae
900 377 996 431 soli
1053 383 1315 447 usurpant
1367 374 1567 428 formas
1615 374 1922 445 simplices,
1978 376 2176 429 caeteri
2217 393 2337 429 con-

364 477 571 524 stanter
604 465 913 537 compositis
949 470 1216 528 utuntur,
1257 480 1393 534 quae
1432 463 1571 516 ratio
1609 462 1854 515 cernitur
1888 463 1944 515 in
1983 461 2215 529 ἄγνυμι,
2255 463 2340 517 ὅλ-

363 571 491 622 λυμι
517 599 529 618 ,
584 555 801 622 φθείρω,
847 552 1003 616 aliis‚
1059 568 1225 622 quum
1269 558 1450 622 postea
1490 549 1831 615 κατάγνυμι,
1871 549 2181 616 οὶπόλλυμι,
2233 553 2340 605 δια-

364 646 547 714 φθείρω
590 642 832 695 dicerent
868 657 1068 694 omnes.
1122 639 1253 706 Quis
1292 639 1401 704 ἵημι
1445 638 1584 691 dixit
1624 652 1882 708 umquam
1921 645 2134 708 praeter
2167 645 2341 693 vetus-

361 734 599 788 tissimos
638 728 860 801 poetas?
915 735 969 782 et
1007 726 1275 798 permulta
1316 731 1444 780 sunt
1495 725 1820 780 huiusmodi.
1903 726 2006 782 Sed
2046 729 2111 782 ad
2165 730 2337 784 Xeno-

360 820 613 894 phontem
682 816 857 870 redeo.
965 816 1136 882 Quam
1188 815 1260 868 sit
1318 814 1579 869 absonum
1646 813 1869 868 verbum
1935 817 2236 885 αἰποφυγεῖν
2285 818 2340 870 in

361 908 510 970 loco,
569 905 634 959 de
684 922 789 975 quo
839 904 1112 966 diximuS,
1171 903 1335 957 etiam
1384 903 1460 956 sic
1531 903 1766 966 senties,
1819 903 1865 956 si
1917 905 2229 958 memineris
2280 907 2341 958 τὸ

361 994 583 1063 φεύγειν
625 994 740 1045 viro
780 991 904 1046 sorti
942 999 1099 1063 turpe
1137 1007 1284 1055 esse,
1322 1007 1426 1043 non
1466 992 1525 1044 τὸ
1569 991 1914 1058 ἀποφεύγειν.
1994 990 2140 1045 Cous.
2182 991 2248 1045 11.
2283 1009 2339 1045 ιι.

371 1087 454 1137 16.
507 1083 561 1135 οὐ
601 1080 774 1146 μέντοι
814 1080 924 1134 οὐδὲ
963 1079 1250 1143 (ἐπέκλινε,
1288 1076 1687 1147 φυλαττόμενος
1726 1080 1800 1143 μη
1842 1079 2003 1141 δοκοίη
2045 1080 2340 1149 φεύγειν.

363 1168 731 1225 Callicratidas
772 1169 827 1220 in
866 1166 1067 1221 Hellen.
1102 1168 1142 1221 I.
1186 1184 1273 1220 vn.
1321 1169 1405 1219 12.
1461 1166 1756 1233 φεύγειν
1795 1168 2010 1234 αἰσχρὸν
2042 1163 2170 1221 εἶναι
2208 1167 2340 1236 ἔφη,

361 1265 414 1313 et
458 1258 654 1328 passim
697 1255 859 1320 alibi,
899 1256 992 1309 ubi
1029 1258 1354 1324 οέποφεύγειν
1394 1253 1688 1308 absurdum
1731 1262 1887 1309 esset.
1969 1253 2072 1308 Sed
2122 1271 2343 1325 prorsus

361 1346 546 1400 eadem
589 1345 759 1398 nostri
795 1343 896 1396 loci
941 1344 1080 1397 ratio
1118 1351 1236 1408 est,
1279 1343 1370 1396 ubi
1410 1341 1702 1413 Xenophon
1746 1344 1823 1396 rei
1876 1342 2255 1413 indignitatem
2290 1350 2344 1398 et

361 1433 668 1489 foeditatem
717 1440 909 1485 notans
961 1431 1192 1502 simplici
1243 1431 1404 1485 verbo
1462 1431 1542 1484 uti
1593 1429 1832 1484 debebat.

439 1520 673 1575 Evidens
702 1519 956 1574 mendum
993 1518 1084 1573 sed
1111 1518 1364 1590 perfacile
1397 1518 1463 1572 ad
1498 1517 1894 1572 emendandum
1925 1517 2346 1590 deprehenditur

364 1609 430 1663 ΙΙ.
466 1627 519 1662 11.
554 1612 639 1662 15.
682 1607 770 1661 καὶ
806 1609 948 1668 εὐθὺς
982 1607 1214 1672 ἔγνωσαν
1247 1607 1443 1667 πάντες
1484 1603 1558 1660 ὅτι
1591 1606 1758 1670 ἐγγύς
1788 1627 1885 1661 που
1916 1608 2342 1674 ε’ςρατοπεδεύετο

360 1696 645 1766 βασιλεύς,
687 1694 1081 1749 emendandum
1121 1702 1203 1748 est
1236 1696 1379 1748 enim
1417 1711 1523 1748 una
1553 1694 1792 1748 litterula
1823 1701 2035 1748 exemia
2071 1695 2344 1762 ἐςρατοπέ-

361 1787 535 1847 δευτο,
576 1791 744 1838 castra
777 1783 1030 1847 habebat,
1072 1781 1212 1854 quod
1250 1798 1395 1836 nunc
1434 1782 1636 1852 legitur
1676 1782 1946 1852 significat
1984 1792 2157 1836 castra
2191 1801 2346 1853 pone·

366 1874 468 1928 bat.
549 1872 653 1925 Res
693 1878 775 1925 est
827 1871 1144 1942 perspicua,
1197 1869 1289 1924 sed
1341 1871 1554 1941 saepius
1605 1871 1660 1923 in
1711 1870 1863 1924 libris
1910 1870 2041 1925 haec
2095 1873 2238 1926 inter
2290 1889 2347 1926 se

363 1958 585 2013 confusa
619 1958 841 2013 videbis,
923 1959 1087 2012 Recte
1127 1958 1391 2028 scriptum
1432 1964 1514 2012 est
1549 1958 1614 2012 ΙΙ,
1657 1976 1725 2012 1v.
1775 1965 1822 2011 1.
1876 1960 2044 2024 ἐγγὺς
2098 1961 2343 2023 ἀλλήλων

361 2048 843 2115 ἐςρατοπεδευμένοι
879 2047 1070 2114 ἡμέρας
1110 2046 1318 2106 πλείους
1372 2046 1400 2108 ἢ
1442 2045 1655 2111 εἴκοσιν,
1708 2047 1879 2101 vicina
1930 2055 2101 2101 castra
2155 2047 2343 2101 haben-

360 2147 450 2190 tes,
543 2135 689 2190 Idem
744 2135 938 2188 vitium
984 2133 1182 2188 insidet
1223 2134 1310 2188 VI.
1354 2151 1429 2187 111.
1473 2138 1525 2188 6.
1587 2135 1699 2202 περὶ
1741 2136 1828 2189 τὸν
1883 2135 2078 2205 λόφον,
2133 2134 2251 2189 ἔνθα
2297 2138 2341 2190 οἱ

352 2224 608 2286 “Ἐλληνες
665 2223 1154 2290 ἐςρατοπεδεύοντο,
1207 2222 1521 2286 ἐτάττοντο,
1581 2222 1672 2275 ubi
1734 2223 1860 2276 item
1916 2223 2341 2291 ἐςρατοπὲδευντο

356 2312 767 2383 corrigendum,
808 2311 1025 2381 vulgata
1068 2312 1210 2364 enim
1253 2310 1552 2379 significat:
1606 2310 1696 2363 ubi
1748 2310 1930 2364 Graeci
1968 2319 2139 2365 castra
2179 2319 2337 2366 meta-

360 2402 561 2454 bantur.
643 2400 867 2470 Saepius
912 2400 1215 2453 notavimus
1256 2414 1415 2468 quam
1459 2398 1712 2469 proclivis
1753 2399 1824 2452 sit
1876 2400 1931 2452 in
1971 2398 2170 2453 talibus
2209 2400 2339 2453 scri-

357 2488 547 2543 barum
586 2504 765 2551 error,
819 2488 913 2558 qui
950 2488 1151 2559 passim
1213 2484 1752 2557 plusquamperfectis
1810 2503 1934 2541 cum
1978 2487 2178 2557 insigni
2218 2504 2338 2542 sen-

358 2577 557 2631 tentiae
605 2574 929 2629 detrimento
969 2575 1308 2629 substituunt
1348 2572 1678 2645 imperfecta.
1759 2573 1934 2629 Lubet
1980 2591 2124 2628 nunc
2170 2592 2338 2629 unum

357 2665 518 2718 huius
553 2664 765 2734 generis
805 2663 1061 2717 mendum
1103 2662 1343 2716 indicare
1380 2679 1485 2732 quo
1526 2662 1690 2716 semel
1725 2661 2011 2733 diligenter
2063 2669 2340 2734 perspecto

355 2752 512 2806 multi
564 2752 817 2806 Veterum
857 2751 959 2805 loci
1007 2757 1258 2822 poterunt
1311 2749 1605 2805 emendari.
1690 2749 1832 2805 Solet
1870 2753 2106 2816 ἤγγελτο
2144 2752 2199 2804 in
2247 2753 2338 2815 ἠγ-

353 2840 578 2909 γέλλετο
631 2839 910 2911 depravari
952 2847 1007 2893 et
1053 2840 1106 2892 in
1164 2838 1398 2909 simplici
1444 2837 1606 2892 verbo
1654 2845 1706 2892 et
1759 2839 1815 2893 in
1868 2838 2195 2910 compositis,
2274 2838 2335 2892 In

353 2927 591 2981 Anabasi
625 2927 717 2982 111.
760 2945 827 2980 1v.
872 2933 923 2982 5.
978 2926 1181 2981 videbis
1234 2943 1472 2981 errorem
1526 2932 1871 2989 nascentem,
1913 2932 2242 2981 crescentem
2285 2933 2338 2980 et

347 3014 652 3089 *perfectum
701 3015 757 3067 in
798 3015 999 3069 verbis:
1051 3016 1501 3081 παρήγγελτο
1558 3014 1608 3066 δὲ
1661 3019 1758 3067 τῶν
1811 3035 1869 3067 τε
1924 3019 2199 3071 πελταςῶν
2254 3011 2339 3074 οὓς

356 3104 453 3162 ἔδει
492 3104 681 3158 διώκειν
723 3135 793 3143 -
836 3104 921 3158 καὶ
964 3110 1068 3163 τοῖς
1120 3105 1364 3156 ἱππεῦσιν
1403 3101 1631 3169 εἴρητο
1673 3103 1899 3169 θαρροῦσι
1934 3102 2143 3156 διώκειν.
2225 3101 2339 3155 Ste-

353 3191 517 3263 phani
554 3189 979 3245 emendationem
1018 3190 1198 3243 vides:
1243 3191 1295 3242 in
1335 3189 1584 3243 omnibus
1615 3188 1765 3242 libris
1804 3195 1886 3243 est
1927 3189 2338 3254 παρηγγέλλετο

355 3285 566 3350 praeter
608 3295 774 3332 unum
812 3278 904 3331 sed
949 3277 1104 3348 longe
1156 3278 1423 3347 optimum
1475 3277 1794 3330 Vaticanum
1850 3276 1944 3339 Η.,
1987 3277 2040 3329 in
2097 3293 2201 3347 quo
2255 3281 2345 3331 est‘

356 3366 746 3434 παρηγγέλετο.
827 3365 1025 3419 Eadem
1069 3381 1226 3417 verae
1261 3363 1504 3417 lectionis
1557 3363 1783 3433 vestigia
1829 3371 2118 3434 supersunt
2157 3365 2243 3418 VI.
2286 3382 2333 3418 v.

359 3459 446 3511 25.
501 3447 908 3522 παρηγγέλλετο
948 3453 998 3506 δὲ
1039 3453 1111 3506 τα
1145 3452 1336 3519 δόρατα
1390 3451 1472 3505 ἐπὶ
1515 3451 1600 3504 τὸν
1641 3449 1797 3513 δεξιὸν
1844 3449 1975 3516 ὦμον
2027 3452 2203 3519 ἔχειν,
2249 3451 2338 3505 ubi

356 3542 514 3596 Codd.
558 3543 618 3595 H.
653 3550 704 3595 et
747 3543 789 3596 Ι.
831 3540 1202 3610 παρηγγέλετο
1240 3539 1519 3603 exhibent,
1562 3540 1615 3591 in
1660 3555 1764 3608 quo
1804 3538 1932 3592 latet
1973 3543 2332 3607 παρήγγελτο.

357 3630 496 3688 Nihil
535 3629 785 3705 praesidii
844 3631 895 3683 in
952 3627 1104 3682 libris
1141 3635 1221 3682 est
1281 3627 1530 3684 Aeschini
1576 3628 1625 3680 in
1669 3626 1899 3697 Ctesipli.
1944 3628 2090 3693 §622
2135 3649 2334 3696 παρηγ-
