2436 4068
1065 226 1134 278 79

94 376 295 430 Graeca
327 388 443 428 esse
478 379 632 444 putat
667 371 953 437 λιποταξία
994 379 1046 426 et
1080 371 1424 438 λιπυςρατία,
1465 376 1518 425 et
1557 376 1637 424 est
1677 385 1739 425 ea
1767 372 2087 428 communis

99 462 339 516 omnium
381 461 576 532 opinio.
657 462 725 515 At
768 461 812 514 si
854 459 983 531 quid
1026 458 1179 514 video
1218 458 1438 513 vitiosae
1472 464 1524 513 et
1553 457 1812 512 barbarae
1853 458 1952 513 hae
1987 460 2088 514 sor-

92 564 211 604 mae
251 555 410 611 sunt,
456 565 592 620 quas
632 547 1017 604 Graeculorum
1059 544 1300 600 socordia
1343 546 1568 609 invexit,
1600 547 1839 610 ,sanioris
1875 539 2085 602 Graeci-

96 637 222 691 tatis
272 634 515 706 analogia
566 636 807 707 respuit,
855 650 994 705 quae
1036 634 1270 705 postulat
1315 634 1540 688 sormam
1581 634 1882 699 λιποτάξιον
1922 644 1975 690 et
2013 649 2090 691 λι-

90 723 362 792 ποςροέτιον
383 766 396 784 ,
435 730 498 777 ut
534 723 768 789 ἀγάμων
789 765 802 786 ,
838 721 1176 789 §arpos-datast,
1217 721 1551 790 αναυμοᾶχιον
1592 730 1645 778 et
1686 723 1857 777 'multa
1891 723 1995 778 alia
2033 725 2087 777 in

94 813 212 866 iure
253 812 434 865 Attico
477 810 728 864 omnihus
767 817 908 864 nota.
989 809 1102 863 Non
1141 816 1222 864 est
1257 809 1585 864 credendum
1621 810 1905 866 Codicihus
1951 811 2091 866 Thu-

91 897 340 972 cydidem
391 898 673 969 scripsisse
722 891 813 953 Vl.
861 901 953 951 76.
1012 903 1119 957 τοῖς
1163 898 1259 961 μὲν
1300 899 1707 965 λειποςρατίαν,
1756 906 1863 961 τοῖς
1908 901 1960 955 δὲ
2009 901 2093 954 ἐπ’

89 988 356 1050 ἀλλήλους
395 985 693 1053 ςρατεύειν,
732 993 840 1046 τοῖς
871 985 924 1040 δὲ
959 988 1024 1046 ὡς
1068 984 1270 1045 {sede-occ
1310 984 1429 1037 τινα
1459 982 1602 1053 εἶχον
1643 984 1819 1041 αἰτίαν
1860 990 2094 1056 εὐπρεπῆ

89 1072 458 1140 ἐπενεγκόντες
493 1073 917 1143 κατεςρέψαντο,
958 1072 1051 1128 sed
1089 1070 1230 1143 quod
1264 1071 1403 1125 ratio
1435 1070 1589 1127 docet
1620 1079 1674 1128 et
1707 1074 1924 1146 linguae
1959 1090 2090 1130 usus

85 1169 193 1224 τοῖς
226 1163 324 1228 μὲν
360 1161 692 1230 λιποςριέτιον
725 1168 833 1223 τοῖς
865 1162 919 1216 δέ
949 1162 1059 1215 κτέ.
1105 1166 1167 1214 ut
1201 1166 1348 1214 reete
1377 1159 1519 1231 apud
1554 1161 1785 1216 eundem
1823 1164 2090 1234 scriptum

86 1257 169 1307 est
206 1250 250 1308 I.
293 1253 383 1305 99.
433 1251 522 1304 καὶ
564 1249 894 1318 amos-parton
933 1249 983 1304 εἴ
1012 1268 1084 1317 τῳ
1128 1248 1366 1313 ἐγένετο,
1407 1247 1513 1301 nisi
1547 1247 1690 1320 quod
1731 1249 2088 1318 λειποςροὶτιον

90 1346 348 1411 perpetuo
404 1339 535 1392 vitio
576 1346 658 1392 est
707 1338 762 1391 in
803 1336 974 1392 libris.
1069 1335 1326 1391 Eiusdem
1368 1342 1613 1392 monetae
1648 1345 1731 1392 est
1768 1337 2086 1405 λιποταξία,

84 1426 225 1500 quod
265 1442 434 1480 unum
470 1432 664 1480 testem
699 1432 768 1480 et‘
801 1432 1077 1480 auctorem
1117 1423 1276 1478 habet
1312 1423 1726 1479 Demosthenem
1762 1426 1818 1479 in
1854 1425 2089 1481 Midiana

83 1531 134 1588 p.
172 1518 280 1570 568
303 1556 318 1579 ‚
362 1518 396 1569 8
445 1513 654 1581 πότερον
699 1511 1014 1578 λιποταξίαν·
1061 1513 1149 1568 καὶ
1199 1508 1445 1581 &pom-elac
1493 1512 1776 1581 ἀπόδρασιν
1831 1513 2084 1581 οὶρμόττει

82 1610 262 1658 καλεῖν
300 1602 329 1666 ἦ
372 1603 718 1672 φιλοτιμίαν;
768 1595 959 1656 Melius
1003 1608 1057 1656 et
1106 1601 1219 1673 ipse
1268 1599 1395 1654 alibi
1446 1607 1500 1655 et
1549 1602 1748 1656 caeteri
1795 1618 1982 1656 omnes
2031 1603 2087 1657 id
2141 1615 2143 1617 ’

79 1690 381 1756 λιποτάξιον
414 1690 714 1763 appellant:
746 1688 1036 1754 λιποταξία
1068 1694 1184 1744 tum
1218 1689 1484 1744 Graecum
1507 1699 1625 1744 esse
1659 1690 1881 1762 incipiet
1915 1705 2086 1762 quum

79 1780 396 1840 λιπότακτος
435 1779 490 1833 in
535 1794 636 1833 usu
677 1779 781 1834 erit
820 1794 916 1850 pro
955 1779 1117 1833 λιπὼν
1157 1779 1250 1841 τὴν
1288 1775 1462 1841 τάξιν.
1541 1777 1732 1849 Itaque
1768 1777 1899 1832 fides
1932 1778 2082 1834 dero-

30 1888 51 1903 ·
81 1866 257 1939 ganda
297 1868 404 1923 erit
435 1864 590 1921 libris
628 1865 918 1930 Herodoti,
959 1865 1053 1937 qui
1080 1860 1142 1919 V.
1181 1868 1251 1919 27
1292 1870 1539 1920 servant:
1573 1859 1928 1935 κατεςρέφετο
1963 1868 2081 1928 τοὺς

78 1956 175 2021 μὲν
207 1954 543 2022 λιποςρατίης
583 1954 668 2009 ἐπὶ
709 1954 915 2014 Σκύθας
959 1954 1260 2018 αἰτιώμενος
1300 1954 1430 2017 ποτὲ,
1476 1953 1567 2007 cui
1606 1959 1660 2007 et
1696 1954 1800 2026 ipsi
1834 1963 2081 2023 λιποςρα-

82 2045 194 2099 τίου
228 2040 560 2098 reddendum
601 2043 731 2105 erit,
770 2039 1227 2114 quemadmodum
1263 2039 1595 2108 λιποςροὶτιον
1627 2038 1932 2116 Thucydidi
1963 2042 2078 2098 red-

83 2130 340 2187 didimus,
1912 2149 1916 2152 ·

156 2217 530 2274 Demosthenis
554 2218 705 2274 locus
739 2235 865 2274 cum
895 2216 1219 2274 Menandreo
1252 2223 1597 2288 comparatus
1629 2217 1684 2271 in
1718 2233 1916 2290 magna
1954 2217 2079 2273 cali-

78 2308 203 2379 gine
232 2306 468 2379 aliquam
506 2305 684 2362 lucem
737 2301 903 2361 dabit.
983 2306 1209 2378 Legitur
1239 2297 1394 2376 xapud
1431 2303 1622 2360 Athen.
1659 2298 1798 2361 VIIl.
1848 2310 1974 2362 364.
2017 2307 2076 2362 E.

86 2395 152 2450 Ue
203 2412 352 2449 sacra
398 2394 518 2450 Diis
576 2388 840 2467 jacimur,
893 2392 1108 2467 inquit,
1159 2394 1234 2448 ica
1285 2402 1362 2448 esc
1414 2397 1659 2466 fortuna,
1715 2411 1819 2466 qua
1863 2381 2076 2450 utimur.

81 2482 351 2538 oviculam
398 2483 516 2538 Diis
546 2484 713 2555 affero
749 2490 942 2538 emtam
981 2481 1253 2536 drachmis
1291 2481 1381 2535 vim
1418 2481 1624 2547 decem,
1673 2483 1764 2538 secl
1803 2483 2041 2540 tibicinas
2062 2527 2076 2549 ,

76 2579 335 2643 unquenta
356 2613 371 2636 ‚
405 2570 691 2642 psaltrias,
727 2571 880 2635 vina,
921 2570 1190 2642 cumdius,

373 2661 555 2727 μικροῦ
590 2656 855 2714 τάλαντον
893 2660 1100 2725 γίνεται
1137 2651 1197 2713 τὸ
1239 2659 1384 2713 κατὰ
1416 2658 1575 2724 λόγον
1600 2701 1614 2713 .

374 2749 624 2815 δραχμῶν
659 2748 756 2813 μὲν
788 2747 987 2813 ἀγαθὸν
1027 2745 1171 2811 ἄξιον
1204 2749 1398 2814 λαβεῖν
1430 2745 1558 2803 δέκα

377 2837 553 2901 ἡμᾶς,
594 2835 686 2889 ἔδον
722 2835 809 2890 καὶ
847 2836 1158 2903 καλλιερηθῇ
1199 2841 1307 2896 τοῖς
1345 2836 1500 2900 θεοῖς,

372 2923 565 2978 τούτων
597 2925 651 2979 δὲ
685 2924 806 2991 πρὸς
842 2927 999 2978 ταῦτ’
1032 2925 1237 2979 ἀνελεῖν
1270 2924 1363 2986 τὴν
1404 2921 1629 2992 ζημίαν.

72 3011 126 3065 in
166 3010 251 3065 his
289 3011 537 3077 γίγνεται
570 3013 631 3067 τὸ
670 3011 815 3066 κατα
854 3012 1012 3077 λόγον
1053 3026 1158 3066 non
1198 3026 1323 3066 cum
1361 3011 1807 3084 praecedentibus
1847 3014 2069 3068 coniun-

71 3098 243 3170 genda
283 3106 444 3163 sunt,
485 3098 578 3155 sed
615 3095 895 3167 referenda
930 3099 997 3155 ad
1037 3116 1134 3166 ea,
1175 3116 1313 3172 quae
1351 3106 1689 3173 sequuntur:
1731 3101 1778 3155 si
1817 3108 1924 3156 tam
1962 3116 2069 3156 ma-

74 3186 214 3259 lique
249 3206 398 3243 sacra
437 3188 697 3261 facimus,
743 3188 949 3260 inquit,
991 3197 1038 3243 et
1073 3187 1319 3243 luxuriae
1352 3188 1697 3244 instrumenta
1733 3198 1841 3244 tam
1880 3203 2068 3260 maqno

73 3276 291 3330 emimus
323 3276 571 3342 γίγνεται
608 3277 668 3330 τὸ
700 3275 844 3331 κατα
872 3276 1030 3342 λόγον
1058 3277 1306 3345 δραχμῶν
1339 3278 1436 3343 μὲν
1469 3278 1668 3343 οὶγαθὸν
1703 3275 1846 3341 ἄξιον
1875 3278 2066 3342 λαβεῖν

71 3362 195 3418 δέκα
233 3365 374 3430 ἡμᾶς
411 3366 518 3419 κτὲ.
601 3363 680 3419 Ad
733 3365 1014 3437 sequentia
1062 3364 1253 3419 adhibe
1307 3364 1438 3420 haec
1481 3364 1641 3421 verba
1692 3363 2066 3420 Demosthenis

74 3449 139 3506 de
176 3453 380 3508 Corona
402 3495 416 3517 ,
454 3469 507 3525 p.
531 3455 670 3516 304,
717 3457 803 3508 18.
844 3450 947 3519 ἄρα
988 3473 1064 3508 σοι
1099 3454 1297 3522 ψήφοις
1337 3450 1501 3519 ὅμοιος
1536 3454 1560 3508 ὁ
1601 3458 1698 3509 τῶν
1728 3453 1884 3519 ἔργων
1920 3464 2062 3516 λογι-

43 3542 202 3603 ’σμὸς
234 3541 517 3610 φαίνεται,
560 3542 587 3604 ἢ
623 3541 726 3596 δεῖν
762 3544 1065 3597 ἀντανελεῖν
1086 3545 1286 3602 ταῦτα;
1322 3542 1429 3596 κτὲ.
1473 3547 1525 3596 et
1557 3540 1759 3594 videbis
1802 3540 1854 3592 in
1884 3538 2062 3594 verbis

71 3635 794 3688 ΠΡΟΣΤΛΤΤΛΝΕΛΕΙΝ
833 3629 1000 3686 latere
1033 3630 1153 3698 πρὸς
1189 3632 1343 3686 ταῦτ’
1378 3631 1715 3688 ἀντανελεῖν,
1760 3640 1866 3696 quo
1903 3625 2063 3682 verbo
