<?xml version="1.0" encoding="UTF-8"?>
<!DOCTYPE html PUBLIC "-//W3C//DTD XHTML 1.0 Transitional//EN"
    "http://www.w3.org/TR/xhtml1/DTD/xhtml1-transitional.dtd">
<html xmlns="http://www.w3.org/1999/xhtml" xml:lang="en" lang="en">
 <head>
  <title>
</title>
<meta http-equiv="Content-Type" content="text/html;charset=utf-8" />
  <meta name='ocr-system' content='tesseract 3.04.00' />
  <meta name='ocr-capabilities' content='ocr_page ocr_carea ocr_par ocr_line ocrx_word'/>
</head>
<body>
  <div class='ocr_page' id='page_1' title='image "./novaelectionesqu00cobeuoft/novaelectionesqu00cobeuoft_0763.png"; bbox 0 0 2436 4068; ppageno 0'>
   <div class='ocr_carea' id='block_1_1' title="bbox 1013 181 1117 234">
    <p class='ocr_par' dir='ltr' id='par_1_1' title="bbox 1013 181 1117 234">
     <span class='ocr_line' id='line_1_1' title="bbox 1013 181 1117 234; baseline 0.01 -1"><span class='ocrx_word' id='word_1_1' title='bbox 1013 181 1117 234; x_wconf 63' lang='lat'>7029</span> 
     </span>
    </p>
   </div>
   <div class='ocr_carea' id='block_1_2' title="bbox 94 321 2059 394">
    <p class='ocr_par' dir='ltr' id='par_1_2' title="bbox 94 321 2059 394">
     <span class='ocr_line' id='line_1_2' title="bbox 94 321 2059 394; baseline -0.005 -8"><span class='ocrx_word' id='word_1_2' title='bbox 94 336 182 387; x_wconf 80' lang='grc' dir='ltr'>τοῦ</span> <span class='ocrx_word' id='word_1_3' title='bbox 222 339 273 384; x_wconf 93' lang='grc' dir='ltr'>Λ</span> <span class='ocrx_word' id='word_1_4' title='bbox 312 331 371 385; x_wconf 78' lang='grc' dir='ltr'>τὸ</span> <span class='ocrx_word' id='word_1_5' title='bbox 411 337 458 382; x_wconf 92' lang='grc' dir='ltr'>Δ</span> <span class='ocrx_word' id='word_1_6' title='bbox 498 327 906 394; x_wconf 83' lang='grc' dir='ltr'><em>λαμβάνοντας,</em></span> <span class='ocrx_word' id='word_1_7' title='bbox 950 334 1008 381; x_wconf 86' lang='lat' dir='ltr'>ut</span> <span class='ocrx_word' id='word_1_8' title='bbox 1052 323 1370 380; x_wconf 74' lang='lat' dir='ltr'>Plutarchus</span> <span class='ocrx_word' id='word_1_9' title='bbox 1409 321 1681 394; x_wconf 82' lang='lat' dir='ltr'>loquitur,</span> <span class='ocrx_word' id='word_1_10' title='bbox 1722 322 1860 394; x_wconf 92' lang='lat' dir='ltr'>apud</span> <span class='ocrx_word' id='word_1_11' title='bbox 1902 340 2059 394; x_wconf 85' lang='lat' dir='ltr'>quem</span> 
     </span>
    </p>
   </div>
   <div class='ocr_carea' id='block_1_3' title="bbox 9 409 2059 487">
    <p class='ocr_par' dir='ltr' id='par_1_3' title="bbox 9 409 2059 487">
     <span class='ocr_line' id='line_1_3' title="bbox 9 409 2059 487; baseline -0.002 -15"><span class='ocrx_word' id='word_1_12' title='bbox 9 455 13 474; x_wconf 45' lang='lat' dir='ltr'>f</span> <span class='ocrx_word' id='word_1_13' title='bbox 97 419 305 487; x_wconf 82' lang='lat' dir='ltr'>corrige</span> <span class='ocrx_word' id='word_1_14' title='bbox 354 419 559 484; x_wconf 64' lang='grc' dir='ltr'><em>ἀνδρεῖα</em></span> <span class='ocrx_word' id='word_1_15' title='bbox 600 433 694 486; x_wconf 91' lang='lat' dir='ltr'>pro</span> <span class='ocrx_word' id='word_1_16' title='bbox 745 414 954 483; x_wconf 75' lang='grc' dir='ltr'><em>ἄνδρια,</em></span> <span class='ocrx_word' id='word_1_17' title='bbox 1008 421 1060 467; x_wconf 85' lang='lat' dir='ltr'>et</span> <span class='ocrx_word' id='word_1_18' title='bbox 1104 412 1284 467; x_wconf 87' lang='lat' dir='ltr'>eodem</span> <span class='ocrx_word' id='word_1_19' title='bbox 1329 409 1483 463; x_wconf 86' lang='lat' dir='ltr'>modo</span> <span class='ocrx_word' id='word_1_20' title='bbox 1536 410 1674 480; x_wconf 88' lang='lat' dir='ltr'>apud</span> <span class='ocrx_word' id='word_1_21' title='bbox 1722 411 2059 467; x_wconf 79' lang='lat' dir='ltr'><strong>Aristotelem</strong></span> 
     </span>
    </p>
   </div>
   <div class='ocr_carea' id='block_1_4' title="bbox 94 500 2064 661">
    <p class='ocr_par' dir='ltr' id='par_1_4' title="bbox 94 500 2064 661">
     <span class='ocr_line' id='line_1_4' title="bbox 96 500 2062 565; baseline -0.002 -6"><span class='ocrx_word' id='word_1_22' title='bbox 96 507 151 559; x_wconf 91' lang='lat' dir='ltr'>in</span> <span class='ocrx_word' id='word_1_23' title='bbox 207 506 490 558; x_wconf 82' lang='lat' dir='ltr'>utilissimo</span> <span class='ocrx_word' id='word_1_24' title='bbox 545 503 656 556; x_wconf 90' lang='lat' dir='ltr'>loco</span> <span class='ocrx_word' id='word_1_25' title='bbox 711 504 862 556; x_wconf 86' lang='lat' dir='ltr'>Polit.</span> <span class='ocrx_word' id='word_1_26' title='bbox 900 503 964 556; x_wconf 84' lang='lat'>11.</span> <span class='ocrx_word' id='word_1_27' title='bbox 1016 507 1063 555; x_wconf 90' lang='grc'>7.</span> <span class='ocrx_word' id='word_1_28' title='bbox 1117 500 1203 554; x_wconf 75' lang='grc' dir='ltr'>καὶ</span> <span class='ocrx_word' id='word_1_29' title='bbox 1256 500 1316 554; x_wconf 83' lang='grc' dir='ltr'>τό</span> <span class='ocrx_word' id='word_1_30' title='bbox 1371 520 1436 563; x_wconf 71' lang='grc' dir='ltr'><em>γε</em></span> <span class='ocrx_word' id='word_1_31' title='bbox 1491 500 1708 565; x_wconf 70' lang='grc' dir='ltr'><em>ἀρχαῖον</em></span> <span class='ocrx_word' id='word_1_32' title='bbox 1762 500 1974 553; x_wconf 82' lang='grc' dir='ltr'><em>ἐκάλουν</em></span> <span class='ocrx_word' id='word_1_33' title='bbox 2018 503 2062 555; x_wconf 86' lang='grc' dir='ltr'>οἱ</span> 
     </span>
     <span class='ocr_line' id='line_1_5' title="bbox 94 586 2064 661; baseline -0.003 -12"><span class='ocrx_word' id='word_1_34' title='bbox 94 592 337 653; x_wconf 84' lang='grc' dir='ltr'><em>Λάκωνες</em></span> <span class='ocrx_word' id='word_1_35' title='bbox 373 595 427 646; x_wconf 85' lang='grc' dir='ltr'>οὐ</span> <span class='ocrx_word' id='word_1_36' title='bbox 470 591 719 659; x_wconf 75' lang='grc' dir='ltr'><em>φιδίτια</em></span> <span class='ocrx_word' id='word_1_37' title='bbox 760 593 885 643; x_wconf 68' lang='grc' dir='ltr'>ἀλλ’</span> <span class='ocrx_word' id='word_1_38' title='bbox 925 591 1196 656; x_wconf 71' lang='grc' dir='ltr'><em>ἀνδρεῖα</em></span> <span class='ocrx_word' id='word_1_39' title='bbox 1242 589 1441 661; x_wconf 80' lang='lat' dir='ltr'>(editur</span> <span class='ocrx_word' id='word_1_40' title='bbox 1480 586 1713 658; x_wconf 79' lang='grc' dir='ltr'><em>άνδρια),</em></span> <span class='ocrx_word' id='word_1_41' title='bbox 1756 588 1986 656; x_wconf 78' lang='grc' dir='ltr'><em>καθάπερ</em></span> <span class='ocrx_word' id='word_1_42' title='bbox 2020 591 2064 643; x_wconf 82' lang='grc' dir='ltr'>οἱ</span> 
     </span>
    </p>
   </div>
   <div class='ocr_carea' id='block_1_5' title="bbox 9 675 2066 840">
    <p class='ocr_par' dir='ltr' id='par_1_5' title="bbox 9 675 2066 840">
     <span class='ocr_line' id='line_1_6' title="bbox 9 675 2066 749; baseline -0.002 -13"><span class='ocrx_word' id='word_1_43' title='bbox 9 695 13 711; x_wconf 67' lang='lat'>²</span> <span class='ocrx_word' id='word_1_44' title='bbox 96 689 319 749; x_wconf 80' lang='grc' dir='ltr'><em>Κρῆτες,</em></span> <span class='ocrx_word' id='word_1_45' title='bbox 360 679 391 748; x_wconf 75' lang='grc' dir='ltr'><em>ᾗ</em></span> <span class='ocrx_word' id='word_1_46' title='bbox 426 681 512 734; x_wconf 77' lang='grc' dir='ltr'>καὶ</span> <span class='ocrx_word' id='word_1_47' title='bbox 555 680 702 740; x_wconf 77' lang='grc' dir='ltr'><em>δῆλον</em></span> <span class='ocrx_word' id='word_1_48' title='bbox 740 676 817 731; x_wconf 73' lang='grc' dir='ltr'><em>ἔτι</em></span> <span class='ocrx_word' id='word_1_49' title='bbox 854 679 1039 731; x_wconf 82' lang='grc' dir='ltr'><em>ἐκεῖθεν</em></span> <span class='ocrx_word' id='word_1_50' title='bbox 1075 678 1332 739; x_wconf 75' lang='grc' dir='ltr'><em>ἐλήλυθεν.</em></span> <span class='ocrx_word' id='word_1_51' title='bbox 1412 675 1471 728; x_wconf 85' lang='lat' dir='ltr'>In</span> <span class='ocrx_word' id='word_1_52' title='bbox 1510 675 1729 729; x_wconf 84' lang='lat' dir='ltr'>eandem</span> <span class='ocrx_word' id='word_1_53' title='bbox 1770 693 1881 730; x_wconf 83' lang='lat' dir='ltr'>rem</span> <span class='ocrx_word' id='word_1_54' title='bbox 1921 694 2066 747; x_wconf 80' lang='lat' dir='ltr'>egre-</span> 
     </span>
     <span class='ocr_line' id='line_1_7' title="bbox 10 762 2062 840; baseline -0.002 -17"><span class='ocrx_word' id='word_1_55' title='bbox 10 780 11 786; x_wconf 75' lang='grc'>’</span> <span class='ocrx_word' id='word_1_56' title='bbox 96 770 245 840; x_wconf 87' lang='lat' dir='ltr'>gium</span> <span class='ocrx_word' id='word_1_57' title='bbox 287 769 485 839; x_wconf 82' lang='lat' dir='ltr'>Ephori</span> <span class='ocrx_word' id='word_1_58' title='bbox 539 767 907 820; x_wconf 87' lang='lat' dir='ltr'>testimonium</span> <span class='ocrx_word' id='word_1_59' title='bbox 946 772 1117 818; x_wconf 85' lang='lat' dir='ltr'>exstat</span> <span class='ocrx_word' id='word_1_60' title='bbox 1174 762 1315 833; x_wconf 85' lang='lat' dir='ltr'>apud</span> <span class='ocrx_word' id='word_1_61' title='bbox 1373 762 1683 816; x_wconf 78' lang='lat' dir='ltr'>Strabonem</span> <span class='ocrx_word' id='word_1_62' title='bbox 1732 765 1790 818; x_wconf 70' lang='grc' dir='ltr'>Χ.</span> <span class='ocrx_word' id='word_1_63' title='bbox 1834 782 1883 835; x_wconf 90' lang='lat' dir='ltr'>p.</span> <span class='ocrx_word' id='word_1_64' title='bbox 1921 769 2062 820; x_wconf 80' lang='lat'>482:</span> 
     </span>
    </p>
   </div>
   <div class='ocr_carea' id='block_1_6' title="bbox 0 0 18 4063">
    <p class='ocr_par' dir='ltr' id='par_1_6' title="bbox 0 0 18 4063">
     <span class='ocr_line' id='line_1_8' title="bbox 0 0 18 4063; baseline 0 0"><span class='ocrx_word' id='word_1_65' title='bbox 0 0 18 4063; x_wconf 95' lang='lat' dir='ltr'> </span> 
     </span>
    </p>
   </div>
   <div class='ocr_carea' id='block_1_7' title="bbox 9 851 2070 3675">
    <p class='ocr_par' dir='ltr' id='par_1_7' title="bbox 9 851 2067 1627">
     <span class='ocr_line' id='line_1_9' title="bbox 39 851 2063 930; baseline -0 -24"><span class='ocrx_word' id='word_1_66' title='bbox 39 900 42 906; x_wconf 92' lang='lat'><strong>.</strong></span> <span class='ocrx_word' id='word_1_67' title='bbox 99 857 143 930; x_wconf 82' lang='grc' dir='ltr'>(ὅ</span> <span class='ocrx_word' id='word_1_68' title='bbox 184 860 407 925; x_wconf 74' lang='grc' dir='ltr'><em>’Ἔφορος</em></span> <span class='ocrx_word' id='word_1_69' title='bbox 445 855 616 919; x_wconf 71' lang='grc' dir='ltr'><em>λέγει)</em></span> <span class='ocrx_word' id='word_1_70' title='bbox 659 855 731 908; x_wconf 74' lang='grc' dir='ltr'>τοὶ</span> <span class='ocrx_word' id='word_1_71' title='bbox 771 854 1011 907; x_wconf 88' lang='grc' dir='ltr'><em>συσσίτια</em></span> <span class='ocrx_word' id='word_1_72' title='bbox 1046 853 1250 918; x_wconf 70' lang='grc' dir='ltr'><em>ἀνδρεῖα</em></span> <span class='ocrx_word' id='word_1_73' title='bbox 1300 851 1444 917; x_wconf 71' lang='grc' dir='ltr'>παρὰ</span> <span class='ocrx_word' id='word_1_74' title='bbox 1481 851 1574 915; x_wconf 80' lang='grc' dir='ltr'>μὲν</span> <span class='ocrx_word' id='word_1_75' title='bbox 1623 859 1728 911; x_wconf 82' lang='grc' dir='ltr'><em>τοῖς</em></span> <span class='ocrx_word' id='word_1_76' title='bbox 1781 854 1934 920; x_wconf 79' lang='grc' dir='ltr'><em>Κρησὶ</em></span> <span class='ocrx_word' id='word_1_77' title='bbox 1975 854 2063 908; x_wconf 84' lang='grc' dir='ltr'>καὶ</span> 
     </span>
     <span class='ocr_line' id='line_1_10' title="bbox 9 939 2065 1008; baseline 0 -13"><span class='ocrx_word' id='word_1_78' title='bbox 9 990 12 995; x_wconf 93' lang='grc'>.</span> <span class='ocrx_word' id='word_1_79' title='bbox 94 949 179 999; x_wconf 83' lang='grc' dir='ltr'>νῦν</span> <span class='ocrx_word' id='word_1_80' title='bbox 220 944 294 998; x_wconf 86' lang='grc' dir='ltr'><em>ἔτι</em></span> <span class='ocrx_word' id='word_1_81' title='bbox 334 944 643 1005; x_wconf 84' lang='grc' dir='ltr'><em>καλεῖσθαι,</em></span> <span class='ocrx_word' id='word_1_82' title='bbox 686 942 830 1008; x_wconf 70' lang='grc' dir='ltr'>παρὰ</span> <span class='ocrx_word' id='word_1_83' title='bbox 884 942 936 995; x_wconf 76' lang='grc' dir='ltr'>δὲ</span> <span class='ocrx_word' id='word_1_84' title='bbox 974 947 1079 1002; x_wconf 82' lang='grc' dir='ltr'><em>τοῖς</em></span> <span class='ocrx_word' id='word_1_85' title='bbox 1120 939 1484 1006; x_wconf 70' lang='grc' dir='ltr'><strong><em>Σπαρτιάταις</em></strong></span> <span class='ocrx_word' id='word_1_86' title='bbox 1543 940 1616 1002; x_wconf 77' lang='grc' dir='ltr'><em>μη</em></span> <span class='ocrx_word' id='word_1_87' title='bbox 1663 939 1921 1004; x_wconf 76' lang='grc' dir='ltr'><em>διαμεῖναι</em></span> <span class='ocrx_word' id='word_1_88' title='bbox 1970 962 2065 995; x_wconf 87' lang='grc' dir='ltr'>κα-</span> 
     </span>
     <span class='ocr_line' id='line_1_11' title="bbox 36 1014 2066 1103; baseline -0.001 -16"><span class='ocrx_word' id='word_1_89' title='bbox 36 1014 43 1026; x_wconf 38' lang='lat'><em>*</em></span> <span class='ocrx_word' id='word_1_90' title='bbox 93 1033 324 1098; x_wconf 74' lang='grc' dir='ltr'>λούμενοι</span> <span class='ocrx_word' id='word_1_91' title='bbox 361 1033 539 1098; x_wconf 81' lang='grc' dir='ltr'><em>ὁμοίως</em></span> <span class='ocrx_word' id='word_1_92' title='bbox 591 1030 674 1103; x_wconf 77' lang='grc' dir='ltr'>(ὡς</span> <span class='ocrx_word' id='word_1_93' title='bbox 717 1028 1043 1094; x_wconf 84' lang='lat' dir='ltr'>addendum)</span> <span class='ocrx_word' id='word_1_94' title='bbox 1085 1026 1336 1094; x_wconf 78' lang='grc' dir='ltr'><em>πρότερον.</em></span> <span class='ocrx_word' id='word_1_95' title='bbox 1418 1029 1703 1080; x_wconf 80' lang='lat' dir='ltr'><strong>Auctorem</strong></span> <span class='ocrx_word' id='word_1_96' title='bbox 1758 1045 1818 1081; x_wconf 84' lang='lat' dir='ltr'>ac</span> <span class='ocrx_word' id='word_1_97' title='bbox 1875 1037 2066 1084; x_wconf 83' lang='lat' dir='ltr'>testem</span> 
     </span>
     <span class='ocr_line' id='line_1_12' title="bbox 32 1113 2064 1192; baseline -0 -19"><span class='ocrx_word' id='word_1_98' title='bbox 32 1128 34 1131; x_wconf 81' lang='grc'>’</span> <span class='ocrx_word' id='word_1_99' title='bbox 92 1119 340 1192; x_wconf 83' lang='lat' dir='ltr'><strong>Ephorus</strong></span> <span class='ocrx_word' id='word_1_100' title='bbox 362 1119 679 1191; x_wconf 73' lang='lat' dir='ltr'>locupletem</span> <span class='ocrx_word' id='word_1_101' title='bbox 716 1117 1068 1190; x_wconf 85' lang='lat' dir='ltr'>produxerat:</span> <span class='ocrx_word' id='word_1_102' title='bbox 1100 1117 1222 1181; x_wconf 82' lang='grc' dir='ltr'>παρ’</span> <span class='ocrx_word' id='word_1_103' title='bbox 1243 1118 1506 1179; x_wconf 69' lang='grc' dir='ltr'><em>Ἀλκμᾶνι</em></span> <span class='ocrx_word' id='word_1_104' title='bbox 1528 1118 1651 1179; x_wconf 73' lang='grc' dir='ltr'><em>γοῦν</em></span> <span class='ocrx_word' id='word_1_105' title='bbox 1685 1113 1810 1169; x_wconf 82' lang='grc' dir='ltr'><em>οὕτω</em></span> <span class='ocrx_word' id='word_1_106' title='bbox 1840 1118 2064 1173; x_wconf 83' lang='grc' dir='ltr'><em>κεῖσθαι·</em></span> 
     </span>
     <span class='ocr_line' id='line_1_13' title="bbox 1120 1203 1905 1272; baseline 0.001 -16"><span class='ocrx_word' id='word_1_107' title='bbox 1120 1203 1321 1272; x_wconf 80' lang='grc' dir='ltr'><em>φοίναις</em></span> <span class='ocrx_word' id='word_1_108' title='bbox 1363 1204 1414 1257; x_wconf 78' lang='grc' dir='ltr'>δὲ</span> <span class='ocrx_word' id='word_1_109' title='bbox 1455 1203 1542 1256; x_wconf 76' lang='grc' dir='ltr'>καὶ</span> <span class='ocrx_word' id='word_1_110' title='bbox 1576 1204 1627 1256; x_wconf 83' lang='grc' dir='ltr'><em>ἐν</em></span> <span class='ocrx_word' id='word_1_111' title='bbox 1665 1203 1905 1258; x_wconf 82' lang='grc' dir='ltr'><em>θιάσοισιν</em></span> 
     </span>
     <span class='ocr_line' id='line_1_14' title="bbox 206 1291 1917 1363; baseline -0.002 -13"><span class='ocrx_word' id='word_1_112' title='bbox 206 1296 442 1363; x_wconf 78' lang='grc' dir='ltr'><em>άνδρεί</em></span> <span class='ocrx_word' id='word_1_113' title='bbox 453 1316 531 1349; x_wconf 86' lang='grc' dir='ltr'><em>ων</em></span> <span class='ocrx_word' id='word_1_114' title='bbox 573 1296 718 1362; x_wconf 72' lang='grc' dir='ltr'>παρὰ</span> <span class='ocrx_word' id='word_1_115' title='bbox 758 1293 1116 1358; x_wconf 74' lang='grc' dir='ltr'>δαιτυμόνεσσι</span> <span class='ocrx_word' id='word_1_116' title='bbox 1157 1292 1337 1359; x_wconf 75' lang='grc' dir='ltr'><em>πρέπει</em></span> <span class='ocrx_word' id='word_1_117' title='bbox 1380 1296 1579 1346; x_wconf 68' lang='grc' dir='ltr'><em>παιᾶνα</em></span> <span class='ocrx_word' id='word_1_118' title='bbox 1614 1291 1917 1360; x_wconf 76' lang='grc' dir='ltr'><em>κατάρχειν.</em></span> 
     </span>
     <span class='ocr_line' id='line_1_15' title="bbox 35 1374 2067 1451; baseline 0 -16"><span class='ocrx_word' id='word_1_119' title='bbox 35 1374 42 1418; x_wconf 61' lang='lat'>&#39;²</span> <span class='ocrx_word' id='word_1_120' title='bbox 94 1381 187 1436; x_wconf 90' lang='lat' dir='ltr'>ubi</span> <span class='ocrx_word' id='word_1_121' title='bbox 234 1384 341 1450; x_wconf 71' lang='grc' dir='ltr'>πάρ</span> <span class='ocrx_word' id='word_1_122' title='bbox 397 1384 758 1449; x_wconf 75' lang='grc' dir='ltr'><em>δαιτυμόνεσσι</em></span> <span class='ocrx_word' id='word_1_123' title='bbox 814 1381 1068 1451; x_wconf 84' lang='lat' dir='ltr'>legerim,</span> <span class='ocrx_word' id='word_1_124' title='bbox 1123 1379 1572 1451; x_wconf 82' lang='lat' dir='ltr'>quemadmodum</span> <span class='ocrx_word' id='word_1_125' title='bbox 1623 1388 1675 1435; x_wconf 84' lang='lat' dir='ltr'>et</span> <span class='ocrx_word' id='word_1_126' title='bbox 1725 1381 1779 1434; x_wconf 91' lang='lat' dir='ltr'>in</span> <span class='ocrx_word' id='word_1_127' title='bbox 1830 1380 2067 1436; x_wconf 91' lang='lat' dir='ltr'>eiusdem</span> 
     </span>
     <span class='ocr_line' id='line_1_16' title="bbox 32 1454 1292 1543; baseline -0.004 -18"><span class='ocrx_word' id='word_1_128' title='bbox 32 1454 41 1477; x_wconf 42' lang='lat'>&#39;⁵</span> <span class='ocrx_word' id='word_1_129' title='bbox 94 1469 394 1543; x_wconf 82' lang='lat' dir='ltr'>fragmento</span> <span class='ocrx_word' id='word_1_130' title='bbox 435 1471 575 1543; x_wconf 90' lang='lat' dir='ltr'>apud</span> <span class='ocrx_word' id='word_1_131' title='bbox 617 1470 790 1525; x_wconf 80' lang='lat' dir='ltr'>Schol.</span> <span class='ocrx_word' id='word_1_132' title='bbox 838 1467 1024 1541; x_wconf 75' lang='lat' dir='ltr'>odyss,</span> <span class='ocrx_word' id='word_1_133' title='bbox 1066 1490 1125 1534; x_wconf 74' lang='grc' dir='ltr'>γ.</span> <span class='ocrx_word' id='word_1_134' title='bbox 1169 1473 1292 1522; x_wconf 86' lang='grc'><strong>171.</strong></span> 
     </span>
     <span class='ocr_line' id='line_1_17' title="bbox 472 1555 1608 1627; baseline -0.004 -13"><span class='ocrx_word' id='word_1_135' title='bbox 472 1559 578 1627; x_wconf 78' lang='grc' dir='ltr'>πάρ</span> <span class='ocrx_word' id='word_1_136' title='bbox 617 1561 659 1613; x_wconf 82' lang='grc' dir='ltr'>θ’</span> <span class='ocrx_word' id='word_1_137' title='bbox 698 1561 823 1627; x_wconf 82' lang='grc' dir='ltr'><em>ἱερὸν</em></span> <span class='ocrx_word' id='word_1_138' title='bbox 863 1557 1113 1611; x_wconf 82' lang='grc' dir='ltr'><em>σκόπελον</em></span> <span class='ocrx_word' id='word_1_139' title='bbox 1155 1555 1284 1623; x_wconf 81' lang='grc' dir='ltr'>πάρ</span> <span class='ocrx_word' id='word_1_140' title='bbox 1324 1578 1384 1610; x_wconf 90' lang='grc' dir='ltr'><em>τε</em></span> <span class='ocrx_word' id='word_1_141' title='bbox 1424 1557 1608 1625; x_wconf 80' lang='grc' dir='ltr'><em>Ψύρα,</em></span> 
     </span>
    </p>

    <p class='ocr_par' dir='ltr' id='par_1_8' title="bbox 93 1645 2068 1790">
     <span class='ocr_line' id='line_1_18' title="bbox 93 1645 2068 1720; baseline 0.002 -19"><span class='ocrx_word' id='word_1_142' title='bbox 93 1663 191 1720; x_wconf 91' lang='lat' dir='ltr'>pro</span> <span class='ocrx_word' id='word_1_143' title='bbox 229 1647 376 1717; x_wconf 81' lang='grc' dir='ltr'><em>παρά</em></span> <span class='ocrx_word' id='word_1_144' title='bbox 416 1669 512 1713; x_wconf 79' lang='grc' dir='ltr'><em>τε,</em></span> <span class='ocrx_word' id='word_1_145' title='bbox 567 1649 714 1702; x_wconf 91' lang='lat' dir='ltr'>etin</span> <span class='ocrx_word' id='word_1_146' title='bbox 771 1646 1101 1719; x_wconf 86' lang='lat' dir='ltr'>lepidissimo</span> <span class='ocrx_word' id='word_1_147' title='bbox 1154 1646 1379 1716; x_wconf 84' lang='lat' dir='ltr'>parasiti</span> <span class='ocrx_word' id='word_1_148' title='bbox 1417 1645 1559 1700; x_wconf 88' lang='lat' dir='ltr'>dicto</span> <span class='ocrx_word' id='word_1_149' title='bbox 1613 1646 1753 1718; x_wconf 86' lang='lat' dir='ltr'>apud</span> <span class='ocrx_word' id='word_1_150' title='bbox 1807 1647 2068 1720; x_wconf 84' lang='lat' dir='ltr'>Epichar-</span> 
     </span>
     <span class='ocr_line' id='line_1_19' title="bbox 94 1751 1945 1790; baseline 0 0"><span class='ocrx_word' id='word_1_151' title='bbox 94 1751 276 1790; x_wconf 86' lang='lat' dir='ltr'>mum:</span> <span class='ocrx_word' id='word_1_152' title='bbox 1942 1757 1945 1760; x_wconf 58' lang='grc'>’</span> 
     </span>
    </p>

    <p class='ocr_par' dir='ltr' id='par_1_9' title="bbox 91 1820 2067 2075">
     <span class='ocr_line' id='line_1_20' title="bbox 244 1820 1919 1892; baseline 0.001 -13"><span class='ocrx_word' id='word_1_153' title='bbox 244 1826 376 1880; x_wconf 85' lang='grc' dir='ltr'><em>τόκα</em></span> <span class='ocrx_word' id='word_1_154' title='bbox 414 1827 511 1892; x_wconf 80' lang='grc' dir='ltr'>μὲν</span> <span class='ocrx_word' id='word_1_155' title='bbox 543 1827 594 1879; x_wconf 83' lang='grc' dir='ltr'><em>ἐν</em></span> <span class='ocrx_word' id='word_1_156' title='bbox 635 1827 799 1888; x_wconf 79' lang='grc' dir='ltr'><em>τήνοις</em></span> <span class='ocrx_word' id='word_1_157' title='bbox 833 1826 961 1890; x_wconf 74' lang='grc' dir='ltr'><em>ἐγὼν</em></span> <span class='ocrx_word' id='word_1_158' title='bbox 998 1820 1085 1888; x_wconf 75' lang='grc' dir='ltr'><em>ἦν,</em></span> <span class='ocrx_word' id='word_1_159' title='bbox 1125 1824 1256 1877; x_wconf 88' lang='grc' dir='ltr'><em>τόκα</em></span> <span class='ocrx_word' id='word_1_160' title='bbox 1298 1823 1348 1877; x_wconf 76' lang='grc' dir='ltr'>δὲ</span> <span class='ocrx_word' id='word_1_161' title='bbox 1389 1823 1517 1891; x_wconf 76' lang='grc' dir='ltr'>πάρ</span> <span class='ocrx_word' id='word_1_162' title='bbox 1557 1826 1718 1887; x_wconf 83' lang='grc' dir='ltr'><em>τη’νοις</em></span> <span class='ocrx_word' id='word_1_163' title='bbox 1759 1826 1919 1891; x_wconf 72' lang='grc' dir='ltr'><em>ἐγών,</em></span> 
     </span>
     <span class='ocr_line' id='line_1_21' title="bbox 91 1912 2067 1985; baseline 0.003 -19"><span class='ocrx_word' id='word_1_164' title='bbox 91 1929 189 1985; x_wconf 89' lang='lat' dir='ltr'>pro</span> <span class='ocrx_word' id='word_1_165' title='bbox 227 1914 372 1982; x_wconf 72' lang='grc' dir='ltr'>παρὰ</span> <span class='ocrx_word' id='word_1_166' title='bbox 409 1916 571 1978; x_wconf 78' lang='grc' dir='ltr'><em>τήνοις</em></span> <span class='ocrx_word' id='word_1_167' title='bbox 613 1916 745 1980; x_wconf 71' lang='grc' dir='ltr'><strong><em>ἐγώ,</em></strong></span> <span class='ocrx_word' id='word_1_168' title='bbox 802 1919 860 1966; x_wconf 86' lang='lat' dir='ltr'>ut</span> <span class='ocrx_word' id='word_1_169' title='bbox 900 1913 1078 1968; x_wconf 85' lang='lat' dir='ltr'>editur</span> <span class='ocrx_word' id='word_1_170' title='bbox 1128 1914 1183 1965; x_wconf 91' lang='lat' dir='ltr'>in</span> <span class='ocrx_word' id='word_1_171' title='bbox 1233 1912 1533 1966; x_wconf 83' lang='lat' dir='ltr'>Aristotelis</span> <span class='ocrx_word' id='word_1_172' title='bbox 1588 1913 1742 1968; x_wconf 87' lang='lat' dir='ltr'>Rhet.</span> <span class='ocrx_word' id='word_1_173' title='bbox 1782 1915 1871 1969; x_wconf 94' lang='lat' dir='ltr'>Ill.</span> <span class='ocrx_word' id='word_1_174' title='bbox 1916 1920 1966 1971; x_wconf 92' lang='lat'>9.</span> <span class='ocrx_word' id='word_1_175' title='bbox 2012 1919 2067 1972; x_wconf 92' lang='lat' dir='ltr'>in</span> 
     </span>
     <span class='ocr_line' id='line_1_22' title="bbox 93 2001 1165 2075; baseline 0.001 -20"><span class='ocrx_word' id='word_1_176' title='bbox 93 2001 218 2057; x_wconf 85' lang='lat' dir='ltr'>fine.</span> <span class='ocrx_word' id='word_1_177' title='bbox 298 2002 399 2057; x_wconf 89' lang='lat' dir='ltr'>Sed</span> <span class='ocrx_word' id='word_1_178' title='bbox 436 2002 594 2058; x_wconf 87' lang='lat' dir='ltr'>redeo</span> <span class='ocrx_word' id='word_1_179' title='bbox 634 2003 698 2057; x_wconf 83' lang='lat' dir='ltr'>ad</span> <span class='ocrx_word' id='word_1_180' title='bbox 743 2003 1165 2075; x_wconf 79' lang='lat' dir='ltr'>Xenophontem.</span> 
     </span>
    </p>

    <p class='ocr_par' dir='ltr' id='par_1_10' title="bbox 167 2090 2070 2163">
     <span class='ocr_line' id='line_1_23' title="bbox 167 2090 2070 2163; baseline 0.005 -19"><span class='ocrx_word' id='word_1_181' title='bbox 167 2090 226 2144; x_wconf 88' lang='lat' dir='ltr'>In</span> <span class='ocrx_word' id='word_1_182' title='bbox 266 2107 380 2163; x_wconf 88' lang='lat' dir='ltr'>cap.</span> <span class='ocrx_word' id='word_1_183' title='bbox 417 2092 506 2146; x_wconf 89' lang='lat' dir='ltr'>IV.</span> <span class='ocrx_word' id='word_1_184' title='bbox 549 2095 599 2144; x_wconf 70' lang='lat'>2.</span> <span class='ocrx_word' id='word_1_185' title='bbox 654 2108 738 2146; x_wconf 90' lang='lat' dir='ltr'>res</span> <span class='ocrx_word' id='word_1_186' title='bbox 792 2097 907 2163; x_wconf 88' lang='lat' dir='ltr'>ipsa</span> <span class='ocrx_word' id='word_1_187' title='bbox 947 2092 1142 2147; x_wconf 82' lang='lat' dir='ltr'>clamat</span> <span class='ocrx_word' id='word_1_188' title='bbox 1181 2091 1445 2159; x_wconf 74' lang='grc' dir='ltr'><em>φιλονικίαι</em></span> <span class='ocrx_word' id='word_1_189' title='bbox 1489 2108 1582 2162; x_wconf 86' lang='lat' dir='ltr'>pro</span> <span class='ocrx_word' id='word_1_190' title='bbox 1621 2095 1911 2161; x_wconf 75' lang='grc' dir='ltr'><em>φιλονεικίαι</em></span> <span class='ocrx_word' id='word_1_191' title='bbox 1952 2113 2070 2154; x_wconf 90' lang='lat' dir='ltr'>esse</span> 
     </span>
    </p>

    <p class='ocr_par' dir='ltr' id='par_1_11' title="bbox 31 2178 2067 2855">
     <span class='ocr_line' id='line_1_24' title="bbox 94 2178 2067 2254; baseline 0.004 -20"><span class='ocrx_word' id='word_1_192' title='bbox 94 2178 457 2234; x_wconf 87' lang='lat' dir='ltr'>scribendum.</span> <span class='ocrx_word' id='word_1_193' title='bbox 539 2179 739 2234; x_wconf 86' lang='lat' dir='ltr'>Deinde</span> <span class='ocrx_word' id='word_1_194' title='bbox 782 2181 948 2234; x_wconf 85' lang='lat' dir='ltr'>miror</span> <span class='ocrx_word' id='word_1_195' title='bbox 983 2180 1247 2252; x_wconf 88' lang='lat' dir='ltr'>quomodo</span> <span class='ocrx_word' id='word_1_196' title='bbox 1288 2181 1390 2232; x_wconf 83' lang='lat' dir='ltr'>viri</span> <span class='ocrx_word' id='word_1_197' title='bbox 1437 2179 1576 2233; x_wconf 85' lang='lat' dir='ltr'>docti</span> <span class='ocrx_word' id='word_1_198' title='bbox 1621 2181 1759 2236; x_wconf 83' lang='lat' dir='ltr'>serre</span> <span class='ocrx_word' id='word_1_199' title='bbox 1796 2187 2067 2254; x_wconf 83' lang='lat' dir='ltr'>potuerint</span> 
     </span>
     <span class='ocr_line' id='line_1_25' title="bbox 32 2252 2065 2347; baseline 0.003 -26"><span class='ocrx_word' id='word_1_200' title='bbox 32 2252 38 2258; x_wconf 41' lang='lat'><strong>⁴</strong></span> <span class='ocrx_word' id='word_1_201' title='bbox 92 2268 390 2334; x_wconf 74' lang='grc' dir='ltr'><em>μεγαλείως</em></span> <span class='ocrx_word' id='word_1_202' title='bbox 433 2269 486 2321; x_wconf 88' lang='lat' dir='ltr'>in</span> <span class='ocrx_word' id='word_1_203' title='bbox 531 2270 560 2339; x_wconf 82' lang='lat'>§</span> <span class='ocrx_word' id='word_1_204' title='bbox 598 2272 650 2323; x_wconf 89' lang='lat'>6.</span> <span class='ocrx_word' id='word_1_205' title='bbox 708 2270 751 2323; x_wconf 85' lang='grc' dir='ltr'>οἱ</span> <span class='ocrx_word' id='word_1_206' title='bbox 786 2271 837 2323; x_wconf 79' lang='grc' dir='ltr'>δὲ</span> <span class='ocrx_word' id='word_1_207' title='bbox 876 2269 1110 2336; x_wconf 78' lang='grc' dir='ltr'><em>ζημιοῦσι</em></span> <span class='ocrx_word' id='word_1_208' title='bbox 1142 2269 1459 2334; x_wconf 73' lang='grc' dir='ltr'><em>μεγαλείως.</em></span> <span class='ocrx_word' id='word_1_209' title='bbox 1548 2270 1730 2324; x_wconf 74' lang='lat' dir='ltr'>Gravis</span> <span class='ocrx_word' id='word_1_210' title='bbox 1769 2289 1935 2343; x_wconf 88' lang='lat' dir='ltr'>poena</span> <span class='ocrx_word' id='word_1_211' title='bbox 1978 2292 2065 2347; x_wconf 87' lang='lat' dir='ltr'>ap-</span> 
     </span>
     <span class='ocr_line' id='line_1_26' title="bbox 90 2355 2066 2429; baseline 0.005 -20"><span class='ocrx_word' id='word_1_212' title='bbox 90 2355 324 2427; x_wconf 83' lang='lat' dir='ltr'>pellatur</span> <span class='ocrx_word' id='word_1_213' title='bbox 361 2356 525 2424; x_wconf 90' lang='grc' dir='ltr'><em>ζημία</em></span> <span class='ocrx_word' id='word_1_214' title='bbox 565 2357 815 2423; x_wconf 74' lang='grc' dir='ltr'><em>μεγάλη,</em></span> <span class='ocrx_word' id='word_1_215' title='bbox 873 2357 1216 2429; x_wconf 87' lang='lat' dir='ltr'>quamobrem</span> <span class='ocrx_word' id='word_1_216' title='bbox 1260 2359 1468 2425; x_wconf 77' lang='grc' dir='ltr'><em>ζημιοῦν</em></span> <span class='ocrx_word' id='word_1_217' title='bbox 1524 2358 1775 2424; x_wconf 72' lang='grc' dir='ltr'><em>μεγάλως</em></span> <span class='ocrx_word' id='word_1_218' title='bbox 1830 2361 2066 2419; x_wconf 87' lang='lat' dir='ltr'>solebant</span> 
     </span>
     <span class='ocr_line' id='line_1_27' title="bbox 31 2442 2062 2519; baseline 0.004 -21"><span class='ocrx_word' id='word_1_219' title='bbox 31 2467 36 2471; x_wconf 88' lang='lat'><strong>·</strong></span> <span class='ocrx_word' id='word_1_220' title='bbox 91 2442 286 2499; x_wconf 84' lang='lat' dir='ltr'>dicere.</span> <span class='ocrx_word' id='word_1_221' title='bbox 365 2445 645 2517; x_wconf 76' lang='lat' dir='ltr'>Maynisice</span> <span class='ocrx_word' id='word_1_222' title='bbox 687 2447 875 2519; x_wconf 80' lang='lat' dir='ltr'>punire</span> <span class='ocrx_word' id='word_1_223' title='bbox 929 2464 1029 2499; x_wconf 93' lang='lat' dir='ltr'>non</span> <span class='ocrx_word' id='word_1_224' title='bbox 1076 2452 1156 2500; x_wconf 86' lang='lat' dir='ltr'>est</span> <span class='ocrx_word' id='word_1_225' title='bbox 1198 2449 1368 2516; x_wconf 77' lang='lat' dir='ltr'>nnagis</span> <span class='ocrx_word' id='word_1_226' title='bbox 1410 2445 1700 2501; x_wconf 80' lang='lat' dir='ltr'>absurdum</span> <span class='ocrx_word' id='word_1_227' title='bbox 1761 2466 1918 2519; x_wconf 87' lang='lat' dir='ltr'>quam</span> <span class='ocrx_word' id='word_1_228' title='bbox 1971 2474 2062 2519; x_wconf 83' lang='grc' dir='ltr'>με·</span> 
     </span>
     <span class='ocr_line' id='line_1_28' title="bbox 93 2534 2065 2608; baseline 0.001 -22"><span class='ocrx_word' id='word_1_229' title='bbox 93 2534 321 2598; x_wconf 72' lang='grc' dir='ltr'><em>γαλείως</em></span> <span class='ocrx_word' id='word_1_230' title='bbox 375 2534 602 2602; x_wconf 80' lang='grc' dir='ltr'><em>ζημιοῦν.</em></span> <span class='ocrx_word' id='word_1_231' title='bbox 684 2536 886 2590; x_wconf 87' lang='lat' dir='ltr'>Iniuria</span> <span class='ocrx_word' id='word_1_232' title='bbox 943 2542 1129 2589; x_wconf 82' lang='lat' dir='ltr'>contra</span> <span class='ocrx_word' id='word_1_233' title='bbox 1183 2534 1579 2606; x_wconf 80' lang='lat' dir='ltr'>reprehendunt</span> <span class='ocrx_word' id='word_1_234' title='bbox 1622 2537 1723 2590; x_wconf 87' lang='lat' dir='ltr'>viri</span> <span class='ocrx_word' id='word_1_235' title='bbox 1776 2538 1916 2593; x_wconf 86' lang='lat' dir='ltr'>docti</span> <span class='ocrx_word' id='word_1_236' title='bbox 1970 2564 2065 2608; x_wconf 72' lang='grc' dir='ltr'>με-</span> 
     </span>
     <span class='ocr_line' id='line_1_29' title="bbox 92 2622 2063 2690; baseline 0.005 -14"><span class='ocrx_word' id='word_1_237' title='bbox 92 2630 308 2687; x_wconf 73' lang='grc' dir='ltr'><em>γαλεῖον</em></span> <span class='ocrx_word' id='word_1_238' title='bbox 364 2624 416 2676; x_wconf 83' lang='lat' dir='ltr'>in</span> <span class='ocrx_word' id='word_1_239' title='bbox 458 2622 569 2678; x_wconf 83' lang='lat'>15.</span> <span class='ocrx_word' id='word_1_240' title='bbox 629 2631 915 2690; x_wconf 76' lang='grc' dir='ltr'><em>μεγαλεῖον</em></span> <span class='ocrx_word' id='word_1_241' title='bbox 970 2623 1034 2678; x_wconf 81' lang='grc' dir='ltr'><em>άν</em></span> <span class='ocrx_word' id='word_1_242' title='bbox 1085 2645 1134 2678; x_wconf 92' lang='grc' dir='ltr'><em>τι</em></span> <span class='ocrx_word' id='word_1_243' title='bbox 1189 2631 1450 2689; x_wconf 72' lang='grc' dir='ltr'><em>γεννῆσαι.</em></span> <span class='ocrx_word' id='word_1_244' title='bbox 1546 2623 1726 2679; x_wconf 83' lang='lat' dir='ltr'>Solent</span> <span class='ocrx_word' id='word_1_245' title='bbox 1786 2629 1948 2684; x_wconf 80' lang='lat' dir='ltr'>Attici</span> <span class='ocrx_word' id='word_1_246' title='bbox 2011 2634 2063 2688; x_wconf 90' lang='lat' dir='ltr'>in</span> 
     </span>
     <span class='ocr_line' id='line_1_30' title="bbox 91 2709 2065 2787; baseline 0.005 -24"><span class='ocrx_word' id='word_1_247' title='bbox 91 2709 292 2764; x_wconf 84' lang='lat' dir='ltr'>talibus</span> <span class='ocrx_word' id='word_1_248' title='bbox 331 2712 565 2776; x_wconf 74' lang='grc' dir='ltr'><em>γενναῖόν</em></span> <span class='ocrx_word' id='word_1_249' title='bbox 602 2735 651 2767; x_wconf 84' lang='grc' dir='ltr'><em>τι</em></span> <span class='ocrx_word' id='word_1_250' title='bbox 694 2713 906 2778; x_wconf 87' lang='lat' dir='ltr'>dicere,</span> <span class='ocrx_word' id='word_1_251' title='bbox 942 2731 1046 2785; x_wconf 91' lang='lat' dir='ltr'>quo</span> <span class='ocrx_word' id='word_1_252' title='bbox 1085 2712 1420 2784; x_wconf 82' lang='lat' dir='ltr'>Xenophonti</span> <span class='ocrx_word' id='word_1_253' title='bbox 1456 2720 1673 2785; x_wconf 83' lang='lat' dir='ltr'>propter</span> <span class='ocrx_word' id='word_1_254' title='bbox 1702 2732 1778 2787; x_wconf 85' lang='lat' dir='ltr'>sq.</span> <span class='ocrx_word' id='word_1_255' title='bbox 1820 2726 2065 2783; x_wconf 62' lang='grc' dir='ltr'><em>γεννῆσαι</em></span> 
     </span>
     <span class='ocr_line' id='line_1_31' title="bbox 93 2799 638 2855; baseline 0.006 -3"><span class='ocrx_word' id='word_1_256' title='bbox 93 2806 210 2853; x_wconf 87' lang='lat' dir='ltr'>erat</span> <span class='ocrx_word' id='word_1_257' title='bbox 243 2799 638 2855; x_wconf 85' lang='lat' dir='ltr'>abstinendum.</span> 
     </span>
    </p>

    <p class='ocr_par' dir='ltr' id='par_1_12' title="bbox 90 2886 2064 3127">
     <span class='ocr_line' id='line_1_32' title="bbox 171 2886 2064 2971; baseline 0.008 -32"><span class='ocrx_word' id='word_1_258' title='bbox 171 2886 228 2940; x_wconf 88' lang='lat' dir='ltr'>ln</span> <span class='ocrx_word' id='word_1_259' title='bbox 282 2903 398 2959; x_wconf 86' lang='lat' dir='ltr'>cap.</span> <span class='ocrx_word' id='word_1_260' title='bbox 435 2889 497 2943; x_wconf 88' lang='lat' dir='ltr'>V.</span> <span class='ocrx_word' id='word_1_261' title='bbox 540 2893 590 2943; x_wconf 71' lang='lat'>2.</span> <span class='ocrx_word' id='word_1_262' title='bbox 645 2890 1022 2961; x_wconf 85' lang='lat' dir='ltr'>corrigendum</span> <span class='ocrx_word' id='word_1_263' title='bbox 1067 2898 1144 2945; x_wconf 86' lang='lat' dir='ltr'>est</span> <span class='ocrx_word' id='word_1_264' title='bbox 1193 2891 1345 2957; x_wconf 70' lang='grc' dir='ltr'><em>γνοὺς</em></span> <span class='ocrx_word' id='word_1_265' title='bbox 1385 2892 1435 2945; x_wconf 84' lang='grc' dir='ltr'><em>ἐν</em></span> <span class='ocrx_word' id='word_1_266' title='bbox 1487 2893 1698 2963; x_wconf 80' lang='grc' dir='ltr'><em>τούτῳ</em></span> <span class='ocrx_word' id='word_1_267' title='bbox 1741 2905 1938 2955; x_wconf 77' lang='grc' dir='ltr'><em>πλεῖς-οι</em></span> <span class='ocrx_word' id='word_1_268' title='bbox 1978 2905 2064 2971; x_wconf 67' lang='grc' dir='ltr'><em>ῥοι-</em></span> 
     </span>
     <span class='ocr_line' id='line_1_33' title="bbox 90 2974 2064 3047; baseline 0.009 -19"><span class='ocrx_word' id='word_1_269' title='bbox 90 2974 464 3043; x_wconf 70' lang='grc' dir='ltr'><em>διουργεῑσθαι,</em></span> <span class='ocrx_word' id='word_1_270' title='bbox 520 2977 570 3032; x_wconf 84' lang='lat' dir='ltr'>id</span> <span class='ocrx_word' id='word_1_271' title='bbox 612 2984 693 3033; x_wconf 81' lang='lat' dir='ltr'>est</span> <span class='ocrx_word' id='word_1_272' title='bbox 743 2980 793 3032; x_wconf 83' lang='grc' dir='ltr'><em>ἕν</em></span> <span class='ocrx_word' id='word_1_273' title='bbox 832 2981 902 3047; x_wconf 78' lang='grc' dir='ltr'>τῷ</span> <span class='ocrx_word' id='word_1_274' title='bbox 945 2979 1062 3034; x_wconf 79' lang='grc' dir='ltr'><em>οἴκοι</em></span> <span class='ocrx_word' id='word_1_275' title='bbox 1113 2983 1350 3042; x_wconf 82' lang='grc' dir='ltr'><em>σκηνοῦν;</em></span> <span class='ocrx_word' id='word_1_276' title='bbox 1393 2981 1581 3036; x_wconf 82' lang='lat' dir='ltr'>vitiose</span> <span class='ocrx_word' id='word_1_277' title='bbox 1623 2983 1800 3038; x_wconf 82' lang='lat' dir='ltr'>editur</span> <span class='ocrx_word' id='word_1_278' title='bbox 1836 2987 1886 3040; x_wconf 86' lang='grc' dir='ltr'><em>ἐν</em></span> <span class='ocrx_word' id='word_1_279' title='bbox 1926 3009 1994 3043; x_wconf 89' lang='grc' dir='ltr'>το</span> <span class='ocrx_word' id='word_1_280' title='bbox 2013 2990 2064 3044; x_wconf 81' lang='grc' dir='ltr'>ύ-</span> 
     </span>
     <span class='ocr_line' id='line_1_34' title="bbox 90 3083 248 3127; baseline -0.006 -9"><span class='ocrx_word' id='word_1_281' title='bbox 90 3083 248 3127; x_wconf 81' lang='grc' dir='ltr'><em>τοις.</em></span> 
     </span>
    </p>

    <p class='ocr_par' dir='ltr' id='par_1_13' title="bbox 91 3153 2062 3405">
     <span class='ocr_line' id='line_1_35' title="bbox 168 3153 2062 3230; baseline 0.007 -24"><span class='ocrx_word' id='word_1_282' title='bbox 168 3153 334 3207; x_wconf 78' lang='lat' dir='ltr'>Periit</span> <span class='ocrx_word' id='word_1_283' title='bbox 393 3153 703 3209; x_wconf 85' lang='lat' dir='ltr'>vocabulum</span> <span class='ocrx_word' id='word_1_284' title='bbox 762 3157 814 3211; x_wconf 89' lang='lat' dir='ltr'>in</span> <span class='ocrx_word' id='word_1_285' title='bbox 859 3156 918 3211; x_wconf 86' lang='lat' dir='ltr'>V.</span> <span class='ocrx_word' id='word_1_286' title='bbox 963 3162 1013 3213; x_wconf 86' lang='lat'>5.</span> <span class='ocrx_word' id='word_1_287' title='bbox 1072 3166 1208 3213; x_wconf 85' lang='grc' dir='ltr'><em>σῖτον</em></span> <span class='ocrx_word' id='word_1_288' title='bbox 1249 3158 1300 3213; x_wconf 77' lang='grc' dir='ltr'>δὲ</span> <span class='ocrx_word' id='word_1_289' title='bbox 1350 3157 1535 3222; x_wconf 75' lang='grc' dir='ltr'><em>ἔταξεν</em></span> <span class='ocrx_word' id='word_1_290' title='bbox 1588 3162 1761 3222; x_wconf 79' lang='grc' dir='ltr'><em>αὐτοῖς</em></span> <span class='ocrx_word' id='word_1_291' title='bbox 1810 3165 1874 3223; x_wconf 76' lang='grc' dir='ltr'>ὥς</span> <span class='ocrx_word' id='word_1_292' title='bbox 1926 3166 2062 3230; x_wconf 77' lang='grc' dir='ltr'><em>μήτε</em></span> 
     </span>
     <span class='ocr_line' id='line_1_36' title="bbox 91 3241 2062 3320; baseline 0.007 -25"><span class='ocrx_word' id='word_1_293' title='bbox 91 3241 529 3310; x_wconf 78' lang='grc' dir='ltr'><em>ὖπερπληροῦσθαι</em></span> <span class='ocrx_word' id='word_1_294' title='bbox 586 3246 721 3309; x_wconf 78' lang='grc' dir='ltr'><em>μήτε</em></span> <span class='ocrx_word' id='word_1_295' title='bbox 783 3246 963 3308; x_wconf 81' lang='grc' dir='ltr'><em>ἐνδεεῖς</em></span> <span class='ocrx_word' id='word_1_296' title='bbox 1025 3249 1313 3312; x_wconf 71' lang='grc' dir='ltr'><em>γίγνεσθαι.</em></span> <span class='ocrx_word' id='word_1_297' title='bbox 1419 3249 1819 3320; x_wconf 85' lang='lat' dir='ltr'>Suppleudum:</span> <span class='ocrx_word' id='word_1_298' title='bbox 1880 3251 2062 3317; x_wconf 78' lang='grc' dir='ltr'><em>ἔταξεν</em></span> 
     </span>
     <span class='ocr_line' id='line_1_37' title="bbox 91 3330 1635 3405; baseline 0.004 -22"><span class='ocrx_word' id='word_1_299' title='bbox 91 3331 265 3391; x_wconf 75' lang='grc' dir='ltr'><em>αὐτοῖς</em></span> <span class='ocrx_word' id='word_1_300' title='bbox 309 3330 586 3405; x_wconf 84' lang='grc' dir='ltr'><em>(τοσοῦτον)</em></span> <span class='ocrx_word' id='word_1_301' title='bbox 628 3331 723 3391; x_wconf 64' lang='grc' dir='ltr'><em>ὅτε</em></span> <span class='ocrx_word' id='word_1_302' title='bbox 762 3336 868 3389; x_wconf 82' lang='grc' dir='ltr'>κτὲ.</span> <span class='ocrx_word' id='word_1_303' title='bbox 949 3335 1092 3389; x_wconf 75' lang='lat' dir='ltr'>Conl&#39;.</span> <span class='ocrx_word' id='word_1_304' title='bbox 1137 3337 1199 3390; x_wconf 86' lang='lat' dir='ltr'>ll.</span> <span class='ocrx_word' id='word_1_305' title='bbox 1244 3342 1274 3391; x_wconf 80' lang='lat'>5</span> <span class='ocrx_word' id='word_1_306' title='bbox 1331 3345 1383 3391; x_wconf 89' lang='lat' dir='ltr'>et</span> <span class='ocrx_word' id='word_1_307' title='bbox 1433 3337 1541 3390; x_wconf 92' lang='lat' dir='ltr'>XV.</span> <span class='ocrx_word' id='word_1_308' title='bbox 1588 3341 1635 3390; x_wconf 83' lang='lat'>5.</span> 
     </span>
    </p>

    <p class='ocr_par' dir='ltr' id='par_1_14' title="bbox 90 3417 2062 3675">
     <span class='ocr_line' id='line_1_38' title="bbox 166 3417 2057 3496; baseline 0.007 -24"><span class='ocrx_word' id='word_1_309' title='bbox 166 3417 224 3472; x_wconf 89' lang='lat' dir='ltr'>ln</span> <span class='ocrx_word' id='word_1_310' title='bbox 270 3422 298 3490; x_wconf 87' lang='lat'>§</span> <span class='ocrx_word' id='word_1_311' title='bbox 346 3426 394 3474; x_wconf 78' lang='lat'>5.</span> <span class='ocrx_word' id='word_1_312' title='bbox 454 3421 595 3475; x_wconf 89' lang='lat' dir='ltr'>inter</span> <span class='ocrx_word' id='word_1_313' title='bbox 633 3422 873 3488; x_wconf 70' lang='grc' dir='ltr'><em>ἀνέμιξεν</em></span> <span class='ocrx_word' id='word_1_314' title='bbox 915 3432 965 3479; x_wconf 87' lang='lat' dir='ltr'>et</span> <span class='ocrx_word' id='word_1_315' title='bbox 1017 3427 1347 3480; x_wconf 78' lang='grc' dir='ltr'><em>παιδεύεσθαι</em></span> <span class='ocrx_word' id='word_1_316' title='bbox 1391 3424 1663 3496; x_wconf 87' lang='lat' dir='ltr'>complura</span> <span class='ocrx_word' id='word_1_317' title='bbox 1704 3427 2057 3495; x_wconf 85' lang='lat' dir='ltr'>exciderunt,</span> 
     </span>
     <span class='ocr_line' id='line_1_39' title="bbox 90 3507 2061 3591; baseline 0.009 -33"><span class='ocrx_word' id='word_1_318' title='bbox 90 3511 151 3559; x_wconf 88' lang='lat' dir='ltr'>ut</span> <span class='ocrx_word' id='word_1_319' title='bbox 191 3509 387 3578; x_wconf 82' lang='lat' dir='ltr'>passim</span> <span class='ocrx_word' id='word_1_320' title='bbox 433 3507 596 3574; x_wconf 85' lang='lat' dir='ltr'>alibi,</span> <span class='ocrx_word' id='word_1_321' title='bbox 657 3512 709 3565; x_wconf 90' lang='lat' dir='ltr'>in</span> <span class='ocrx_word' id='word_1_322' title='bbox 759 3512 953 3583; x_wconf 88' lang='lat' dir='ltr'>quibus</span> <span class='ocrx_word' id='word_1_323' title='bbox 1012 3514 1340 3586; x_wconf 80' lang='lat' dir='ltr'>explicandis</span> <span class='ocrx_word' id='word_1_324' title='bbox 1381 3521 1471 3567; x_wconf 90' lang='lat' dir='ltr'>aut</span> <span class='ocrx_word' id='word_1_325' title='bbox 1516 3515 1846 3585; x_wconf 82' lang='lat' dir='ltr'>corrigendis</span> <span class='ocrx_word' id='word_1_326' title='bbox 1903 3536 2061 3591; x_wconf 85' lang='lat' dir='ltr'>opera</span> 
     </span>
     <span class='ocr_line' id='line_1_40' title="bbox 92 3590 2062 3675; baseline 0.009 -28"><span class='ocrx_word' id='word_1_327' title='bbox 92 3590 315 3653; x_wconf 82' lang='lat' dir='ltr'>luditur.</span> <span class='ocrx_word' id='word_1_328' title='bbox 400 3597 456 3652; x_wconf 90' lang='lat' dir='ltr'>ln</span> <span class='ocrx_word' id='word_1_329' title='bbox 504 3601 530 3667; x_wconf 54' lang='grc' dir='ltr'>ᾗ</span> <span class='ocrx_word' id='word_1_330' title='bbox 574 3602 623 3653; x_wconf 85' lang='grc'>8.</span> <span class='ocrx_word' id='word_1_331' title='bbox 679 3598 922 3656; x_wconf 84' lang='lat' dir='ltr'>lacunam</span> <span class='ocrx_word' id='word_1_332' title='bbox 973 3620 1087 3657; x_wconf 81' lang='lat' dir='ltr'>esse</span> <span class='ocrx_word' id='word_1_333' title='bbox 1129 3603 1376 3658; x_wconf 80' lang='lat' dir='ltr'>viderunt</span> <span class='ocrx_word' id='word_1_334' title='bbox 1417 3620 1633 3668; x_wconf 84' lang='lat' dir='ltr'>omnes,</span> <span class='ocrx_word' id='word_1_335' title='bbox 1675 3606 1937 3675; x_wconf 81' lang='lat' dir='ltr'>quomodo</span> <span class='ocrx_word' id='word_1_336' title='bbox 1978 3626 2062 3665; x_wconf 84' lang='lat' dir='ltr'>ex-</span> 
     </span>
    </p>
   </div>
  </div>
 </body>
</html>
