2436 4068
1307 229 1411 280 284

367 375 471 428 mis
512 372 746 445 lepidum
787 380 867 426 est
907 376 1052 436 νοῦν,
1107 380 1166 425 tu
1205 374 1416 442 corrige
1470 372 1625 426 νόσον.
1706 372 2023 430 Incredibile
2064 373 2213 427 dictu
2254 381 2336 427 est

367 467 627 532 quantum
669 461 994 531 ineptiarum
1035 463 1090 513 in
1131 459 1289 514 Codd.
1331 460 1557 530 legatur.
1646 458 1750 513 Ova
1790 461 1930 531 apud
1978 461 2140 515 Clem.
2184 461 2335 515 Alex.

372 550 568 603 Strom.
607 549 717 602 Vll.
772 565 824 617 p.
870 551 992 600 715.
1049 547 1192 620 Sylb.
1236 549 1291 601 in
1332 566 1486 601 aures
1535 553 1743 600 mutata
1789 554 1948 602 sunt:
2010 558 2145 604 ΩΙΑ
2189 548 2339 622 (haec

374 653 499 690 vera
539 634 710 688 forma
751 640 868 695 est,
913 640 973 687 ut
1013 634 1138 707 ζῷα)
1182 637 1237 688 in
1277 633 1415 700 ὦτα,
1462 641 1514 689 et
1559 651 1624 688 ex
1657 634 1905 699 auribus,
1954 638 2011 691 si¹
2043 638 2163 707 quis
2203 636 2343 690 sove-

374 725 485 787 rit,
527 723 674 775 vivos
714 721 886 792 pullos
917 721 1135 775 excludi
1186 722 1511 777 Clementem
1559 722 1822 776 inducunt
1863 722 2147 778 dicentem.
2228 722 2344 778 Alio

373 810 487 863 loco
524 809 768 863 Clemens
821 810 878 862 in
935 808 1244 881 Paedagogo
1279 810 1371 864 111.
1425 828 1475 881 p.
1531 813 1657 864 205.
1699 809 2008 879 eleganter,
2068 818 2129 866 ut
2177 810 2344 873 solet,

373 898 609 968 lepidum
649 897 827 951 locum
866 903 1052 969 poetae
1106 899 1298 952 comici
1340 899 1570 952 orationi
1610 914 1738 952 suae
1777 898 2094 953 intexuerat.
2174 898 2345 952 Locus

371 994 454 1039 est
494 985 837 1056 Cephisodori
879 985 1020 1056 apud
1063 985 1189 1038 Poll.
1233 987 1350 1042 VII.
1396 990 1493 1039 22:

499 1114 501 1117 .
978 1073 1236 1128 σανδάλια
1273 1096 1332 1128 τε
1371 1079 1468 1127 τῶν
1507 1075 1864 1141 λεπτοσχιδῶν

674 1164 764 1232 ἐφ’
804 1159 874 1223 οἷς
912 1161 983 1216 τα
1021 1165 1198 1229 χρυσοῖ
1234 1164 1388 1216 ταῦτ’
1428 1161 1601 1219 ἔπεςιν
1641 1159 1858 1227 ἄνθεμα.

374 1253 493 1306 vide
541 1269 683 1306 nune
735 1250 864 1322 quid
905 1250 1111 1304 scribae
1152 1250 1569 1321 designaverint.
1648 1250 1709 1304 In
1749 1249 1909 1303 Codd.
1952 1250 2201 1304 omnibus
2236 1248 2346 1303 Cle-

373 1341 572 1394 mentis
634 1341 710 1394 sic
759 1339 990 1408 legitur:
1045 1338 1116 1391 τοὶ
1165 1338 1422 1393 σανδάλια
1462 1340 1632 1392 ἐκεῖνα
1687 1339 1774 1405 ἐφ’
1813 1335 1883 1399 οἷς
1940 1339 2014 1395 ε’ςι
2054 1338 2126 1393 τοὶ
2173 1339 2347 1405 χρυσοῖ

374 1429 582 1482 ἀναθέ
596 1449 780 1493 ματα
804 1469 816 1490 ,
887 1426 1203 1496 agnoscisne
1272 1426 1549 1497 stupidum
1620 1425 1987 1480 monachum?
2083 1427 2348 1479 Tenemus

375 1517 618 1570 fraudem
672 1514 920 1568 manibus
980 1514 1035 1566 in
1089 1513 1219 1568 locis
1260 1516 1548 1569 Poetarum
1605 1521 1657 1568 et
1697 1514 1960 1577 aliorum,
2014 1513 2078 1567 de
2118 1529 2348 1583 quorum

375 1605 657 1659 emendata
698 1603 969 1673 scriptura
1009 1601 1222 1655 aliunde
1254 1608 1400 1656 certo
1440 1609 1667 1656 constat.
1708 1601 1863 1673 Apud
1903 1600 2160 1657 Galenum
2198 1601 2260 1657 T.
2285 1600 2347 1654 V.

377 1711 428 1764 p.
461 1697 588 1748 299.
632 1691 810 1746 Kuhn.
854 1688 1112 1743 affertur:

602 1780 729 1848 τῷδε
771 1779 902 1845 μαλ’
942 1779 992 1831 ἐν
1031 1778 1184 1847 ε’πίσῃ
1221 1777 1403 1844 κραδία
1442 1778 1752 1844 σημαίνεται
1793 1784 2000 1840 τληυῖα.

378 1888 473 1942 pro
518 1886 678 1923 versu
720 1867 1001 1922 Homerico
1047 1864 1238 1939 odyss.
1279 1875 1341 1920 T.
1379 1869 1466 1920 25.

682 1958 751 2024 τῷ
792 1957 844 2010 δὲ
883 1955 1015 2020 μαλ’
1056 1956 1106 2008 ἐν
1147 1954 1298 2023 πείσῃ
1338 1955 1512 2020 κραδίη
1553 1954 1674 2020 μένε
1715 1962 1984 2017 τετληυῖα.

378 2048 675 2101 Monstrosa
715 2044 878 2098 huius
918 2044 998 2096 rei
1040 2043 1280 2115 exempla
1314 2043 1514 2113 passim
1556 2050 1889 2107 occurrunt,
1935 2043 2251 2114 praesertim
2293 2044 2348 2097 in.

383 2134 647 2207 Hesychio
687 2129 740 2186 et
776 2131 1144 2204 Etymologico
1185 2149 1379 2200 magno
1406 2173 1417 2193 ‚
1461 2131 1516 2182 in
1559 2129 1754 2200 quibus
1795 2132 2106 2202 saepissime
2146 2131 2353 2186 videbis

383 2222 711 2294 syllabarum
753 2220 1066 2290 compendia
1120 2219 1452 2290 negligenter
1492 2217 1629 2271 lecta
1684 2225 1776 2272 aut
1818 2218 2038 2273 confusa
2083 2226 2352 2290 portento-

378 2327 466 2363 sos
505 2326 714 2364 errores
755 2309 1042 2379 peperisse.
1083 2307 1247 2361 Nemo
1281 2323 1536 2378 umquam
1564 2306 1857 2376 quidquam
1894 2307 2179 2361 extricabit
2213 2308 2352 2379 quod

383 2415 488 2451 non
529 2397 823 2451 absurdum
850 2397 921 2450 sit
961 2413 1024 2449 ex
1064 2395 1300 2449 Alexidis
1338 2394 1637 2465 fragmento
1677 2393 1817 2465 apud
1858 2394 2008 2465 Diog.
2049 2395 2226 2452 Laert.
2260 2397 2350 2450 ΙΙΙ.

384 2491 472 2541 27.

681 2572 856 2638 λέγει-ς
899 2570 1010 2638 περὶ
1049 2569 1111 2625 ὦν
1151 2573 1240 2624 οὐκ
1279 2567 1438 2625 οἶσθα.
1482 2576 1744 2636 συγγενῶς
1783 2570 1978 2638 τρέχων

685 2659 924 2714 Πλάτωνι
967 2659 1052 2713 καὶ
1095 2661 1278 2724 γνώσει
1318 2660 1482 2726 λίτρον
1523 2661 1608 2714 καὶ
1651 2659 1942 2728 κρόμμυον,

385 2759 439 2806 at
478 2756 538 2804 tu
582 2748 837 2804 emenda:
880 2752 1214 2812 συγγενοῦ
1257 2747 1453 2815 τρέχων
1490 2747 1749 2802 Πλάτωνι.
1832 2746 2039 2801 Similia
2073 2747 2221 2804 hisce
2257 2766 2351 2803 un-

385 2840 545 2909 dique
579 2837 756 2907 colligi
796 2842 1022 2907 possunt
1063 2835 1154 2890 sed
1195 2853 1338 2890 nuno
1382 2836 1597 2907 quidem
1633 2835 1873 2889 abstineo
1918 2852 2170 2900 manum,
2214 2846 2354 2909 post-

384 2941 547 2998 quam
601 2935 769 2977 un'um
810 2941 874 2978 ex
923 2922 1118 2978 Galeno
1163 2924 1264 2978 vol.
1300 2923 1390 2979 VI.
1443 2941 1492 2995 p.
1537 2928 1661 2978 228.
1716 2923 1896 2978 Κ111111.
1940 2922 2219 2990 adiecerO,
2260 2926 2351 2980 ubi

385 3015 571 3082 Quinti
612 3012 894 3066 cuiusdam
935 3011 1079 3066 diota
1112 3018 1494 3066 commemorat
1526 3012 1762 3066 medicos
1790 3011 2101 3065 irridentis:
2144 3014 2352 3083 ἐρομένῳ

373 3103 478 3158 τινὶ
533 3108 777 3169 γυμναςῇ
815 3101 932 3154 τίνα
988 3100 1202 3165 δύναμιν
1257 3099 1369 3167 ἔχει
1417 3101 1473 3153 τὸ
1527 3100 1963 3167 ὑποσυγχρίεσθαι
2015 3101 2355 3170 respondisse

383 3190 582 3244 refert:
623 3187 894 3257 οέφανίζειν
931 3188 1002 3241 τοὶ
1042 3187 1251 3251 ίμοὶτια.
1331 3187 1533 3241 Deinde
1573 3187 1753 3240 addit:
1794 3184 1958 3252 ὅμοιόν
1997 3209 2046 3240 τι
2086 3193 2174 3241 τοῦ
2212 3190 2353 3244 Κοΐν-

384 3299 474 3334 του
515 3276 843 3345 περιφέρεται
882 3275 1215 3344 οὶπόφθεγμα
1254 3275 1310 3329 τὸ
1364 3275 1475 3342 περὶ
1525 3280 1621 3328 τῶν
1662 3275 1810 3340 οὔρων
1862 3276 1926 3334 ὥς
1978 3275 2222 3343 γραφέως
2277 3277 2352 3334 ἐς)

384 3364 798 3432 καταμανθάνειν
839 3362 995 3417 αὐτα.
1074 3363 1251 3416 Bonus
1306 3364 1606 3434 interpres:
1659 3362 1840 3414 urinas
1883 3379 2030 3417 nosse
2084 3364 2152 3416 ad
2193 3364 2353 3435 picto.-

382 3464 495 3508 rem
542 3454 800 3526 pertinere
860 3451 1066 3504 scribit.
1153 3451 1283 3517 Quis
1336 3468 1441 3504 non
1497 3451 1679 3504 statim
1733 3448 1876 3503 videt
1935 3451 2179 3521 γναφέως
2238 3468 2353 3505 esse
2435 3478 2436 3482 ¹

386 3538 815 3596 em'emlandum?
895 3538 1053 3591 Plura
1094 3538 1158 3592 de
1199 3556 1392 3610 genere
1446 3538 1541 3592 hoc
1595 3537 1726 3590 alias
1772 3536 2031 3604 afferam,
2091 3556 2232 3593 nunc
2285 3538 2349 3592 ad

384 3630 697 3701 Euripidem
739 3633 820 3681 est
860 3626 1213 3683 redeundum.
