2436 4068
998 223 1067 274 155

48 389 207 428 nemo
245 371 325 425 sie
364 371 563 426 Graece
592 368 859 441 loquitur,
900 368 1027 439 quia
1067 366 1275 422 δέσποτ’
1307 365 1446 429 ἄναξ
1482 365 1814 420 coniunctim
1846 363 2031 420 dieun-

49 468 142 515 tur
188 465 242 513 et
282 464 428 512 recte
471 457 674 512 dicitur
716 454 853 520 ὦναξ
891 455 1121 510 δέσποτα
1162 462 1214 510 et
1265 452 1301 510 ὦ
1341 453 1549 509 δέσποτ’
1590 450 1765 515 ἄναξ,
1817 451 2033 508 divisim

49 546 210 611 ὦναξ,
254 543 291 600 ὦ
331 546 560 600 δέσποτα
603 545 682 600 vel
731 542 766 599 ὦ
807 543 1033 608 δέσποτ’,
1084 541 1222 606 ὦναξ
1279 559 1382 597 non
1427 541 1644 596 dieitur.
1738 539 1872 594 Nota·
1907 549 2037 596 sunt

48 634 190 707 apud
226 633 664 706 Aristophanem:
705 630 740 687 ὦ
781 632 988 687 δέσποτ’
1028 630 1195 694 ἄναξ.
1234 632 1486 699 ἀμέτρητ’
1515 630 1641 697 ἀήρ,
1680 635 1733 682 et
1763 625 1799 682 ὦ
1830 628 2036 684 δέσποτ’

47 722 216 788 ἄναξ,
254 730 430 789 γεῖτον
469 725 657 787 ἀγυιεῦ
700 726 755 775 et
796 720 850 773 in
892 720 1030 774 Pace
1067 737 1145 772 VS.
1171 722 1260 774 90.
1302 717 1338 774 ὦ
1378 718 1586 774 δέσποτ’
1627 715 1788 780 ἄναξ,
1830 719 1896 778 ὡς
1937 738 2038 772 71·oe-

47 813 303 880 ραπαίεις.
384 810 569 866 Obiter
595 807 837 865 eiusdem
868 807 1082 878 generis
1114 808 1310 861 vitium
1345 807 1519 861 exime
1549 822 1614 861 ex
1647 806 1810 860 Arist.
1831 805 2038 877 Equitt.

53 903 178 954 726.
219 897 255 954 ὦ
288 898 538 964 δημΙδιον,
577 895 614 951 ὦ
654 897 951 966 φίλτατον,
990 894 1174 959 ἔξελθ’,
1216 894 1306 948 ubi
1340 894 1418 948 sic
1458 893 1778 964 legendum:

352 984 389 1041 ὦ
431 993 615 1052 Δῆμε,
659 987 791 1052 δεῦρ’
832 982 1027 1047 ἔξελθε.
1105 993 1161 1037 Β.
1205 983 1261 1045 νὴ
1304 983 1407 1046 Δί’,
1447 979 1482 1034 ὦ
1523 981 1717 1048 πάτερ,

353 1074 528 1138 ἔξελθε
569 1075 699 1138 δῆτ’,
738 1070 772 1127 ὦ
815 1072 1076 1138 Δημίδιον.
1152 1079 1222 1126 Α.
1265 1067 1301 1124 ὦ
1342 1069 1604 1139 φίλτατε,

352 1162 533 1226 ἔξελθ’,
573 1159 633 1215 ἵν’
675 1162 809 1230 εἰδῇς
851 1156 935 1214 οἶα
974 1159 1384 1227 περιυβρίζομαι.

49 1253 110 1310 In
159 1250 449 1307 Menandro
498 1249 716 1304 Grotius
765 1246 1084 1302 emendabat
1128 1243 1168 1301 ὦ
1217 1247 1426 1302 δέσποτ’
1479 1244 1651 1309 Αἴας,
1713 1245 1853 1316 quod
1907 1242 2041 1300 Αἶαν

50 1343 235 1413 utique
268 1340 531 1410 scriptum
555 1336 817 1408 oportuit,
851 1335 944 1391 sed
976 1352 1133 1390 nemo
1155 1351 1279 1389 euin
1311 1334 1551 1388 vocativo
1581 1332 1810 1387 δέσποτα
1847 1350 2039 1387 nomen

46 1429 328 1507 proprium
369 1425 677 1495 coniungit,
728 1423 831 1477 nisi
873 1423 968 1478 Dei
1011 1423 1280 1485 alieuius,
1326 1429 1386 1477 ut
1426 1419 1463 1476 ὦ
1504 1425 1605 1475 Ζεῦ
1649 1421 1903 1484 δέσποτα,
1944 1437 2042 1476 nec

50 1532 310 1589 nmquam
347 1530 536 1569 servus
574 1512 767 1567 herum
802 1512 880 1565 sie
915 1510 1192 1583 alloquens
1221 1512 1339 1566 eius
1368 1526 1562 1565 nomen
1596 1508 1800 1564 adiicit.
1881 1509 2043 1581 Equi·

50 1605 171 1662 dem
212 1603 344 1659 haec
385 1619 415 1658 e
456 1601 703 1674 Satyrieo
742 1599 987 1655 dramate
1025 1599 1306 1671 depromta
1346 1615 1462 1654 esse
1505 1597 1742 1653 arbitror
1782 1604 1836 1653 et
1877 1598 2040 1653 corri-

49 1692 313 1767 gendum:
354 1689 390 1746 ὦ
430 1690 639 1746 δέσποτ’
672 1688 811 1753 ἄναξ
828 1730 843 1754 ,
883 1687 1019 1752 ἔξεςι
1062 1694 1168 1749 τοῖς
1206 1693 1388 1756 σοφοῖς
1429 1688 1622 1754 βροτῶν
1663 1689 1772 1742 κτὲ.

125 1782 228 1837 Pro
256 1778 595 1835 Menandreis
634 1776 938 1833 afferuntur
979 1793 1044 1832 ex
1078 1774 1226 1832 Stob.
1261 1774 1443 1830 Floril.
1481 1774 1720 1830 XXXVI.
1768 1779 1852 1829 14.

353 1867 463 1923 οὔτ’
503 1868 563 1921 ἐκ
600 1867 751 1935 χερὸς
794 1866 1018 1931 μεθέντα
1061 1863 1299 1932 καρτερὸν
1340 1864 1476 1918 λίθον

353 1961 468 2026 ῥᾷον
509 1961 808 2022 κατασχεῖν
845 1955 954 2009 οὔτ’
996 1954 1102 2007 ἀπὸ
1142 1954 1386 2017 γλώττης
1427 1949 1614 2015 λόγον.

51 2044 267 2117 Tragici
307 2049 495 2116 poetae
533 2059 653 2098 esse
695 2049 840 2098 recte
880 2041 1180 2096 Meinekius
1210 2045 1422 2104 monet,
1461 2038 1555 2110 qui
1595 2037 1789 2092 vitium
1834 2038 1888 2091 in
1924 2059 2044 2106 xxp-

49 2132 190 2201 τερόν
245 2149 350 2187 non
401 2129 770 2203 deprehendit.
852 2129 990 2200 Lege
1049 2133 1302 2195 καρτεροῖς
1357 2133 1410 2183 et
1471 2125 1745 2196 vulgatam
1800 2125 2047 2197 relegens

53 2219 372 2278 subridebiS.

124 2308 304 2363 Minus
336 2308 500 2362 etiam
531 2306 585 2360 in
617 2305 908 2361 Menandro
948 2321 1111 2378 quam
1147 2305 1201 2358 in
1245 2303 1474 2358 caeteris
1503 2300 1722 2357 ferenda
1756 2307 1839 2355 est
1874 2301 2047 2355 oratio

51 2395 348 2468 turgidior,
390 2411 496 2467 quo
536 2395 759 2467 propius
803 2393 871 2449 ad
919 2409 1263 2448 communem
1299 2391 1544 2447 omnium
1575 2389 1789 2444 dicendi
1819 2404 2043 2444 eonsue-

49 2484 293 2541 tudinem
327 2484 445 2538 eius
478 2482 645 2537 dictio
677 2481 983 2539 accedebat..
1066 2482 1128 2536 In
1162 2480 1466 2553 fragmento
1496 2478 1639 2552 apud
1675 2477 1950 2533 Plutarch.
1985 2477 2040 2532 in

47 2571 243 2629 consol.
279 2570 344 2627 ad
388 2570 625 2643 Aponon.
674 2588 725 2643 p.
753 2575 877 2627 103.
922 2571 983 2626 D.
1027 2569 1118 2624 ubi
1158 2569 1399 2625 dixerat:

660 2661 703 2715 εἰ
745 2661 790 2714 δ’
832 2658 916 2713 ἐπὶ
959 2664 1063 2720 τοῖς
1105 2660 1282 2720 αὐτοῖς
1323 2656 1493 2724 νόμοις

352 2752 453 2818 ἐφ’·
479 2746 656 2815 οἷσπερ
695 2751 847 2814 ἡμεῖς
889 2747 1180 2807 ἔσπασας
1221 2749 1323 2801 τὸν
1363 2745 1518 2812 ἀέρα

0 2891 3 2907 ,
350 2839 455 2893 τὸν
496 2836 729 2900 κοινόν,

0 2909 3 2925 ’
19 2927 203 3012 quasi
236 2926 369 2982 haee
406 2941 573 2998 supra
603 2939 819 2980 soccum
849 2923 1210 2995 adsurgerent
1249 2921 1507 2977 continuo
1548 2917 1784 2975 addidit:
1844 2916 1927 2974 ἱνα
1962 2938 2040 2974 σοι

19 3014 137 3071 καὶ
178 3015 548 3083 τραγικώτερον
587 3018 754 3067 λαλῶ.
836 3012 991 3067 Hunc
1028 3011 1199 3083 igitur
1238 3010 1361 3082 quis
1401 3007 1587 3065 eredat
1622 3007 1854 3067 dixisse·

354 3102 389 3158 ὦ
431 3108 536 3157 παῖ
571 3101 779 3162 σιωπα,
823 3099 980 3154 πόλλ’
1021 3099 1134 3168 ἔχει
1177 3120 1300 3165 σιγη
1341 3096 1518 3162 καλα,

9 3198 107 3294 zet
140 3190 245 3248 alia
294 3189 555 3263 quaedam
604 3186 1037 3243 eiusdemmodi?
1128 3188 1292 3243 Miror
1340 3186 1593 3242 Meinekii
1631 3183 1894 3239 iudicium
1938 3188 2045 3236 sta

13 3246 255 3336 tuentis
275 3277 551 3334 Menandri
575 3293 692 3332 esse
713 3275 809 3330 hos
830 3275 1125 3332 versiculos
1145 3275 1288 3349 apud
1312 3274 1456 3331 Stob.
1480 3273 1663 3329 Floril.
1688 3271 1965 3328 LXXXVI.
1989 3275 2036 3324 7.

357 3366 460 3424 ἔςιν
502 3367 554 3420 δὲ
586 3367 764 3431 μητηρ
806 3363 1111 3433 φιλότεκνος
1153 3367 1363 3430 μαλλον
1403 3362 1624 3430 πατρός.

354 3458 383 3519 ἦ
423 3454 517 3520 μὲν
558 3473 663 3519 γαρ
703 3453 870 3515 αὐτης
909 3449 1041 3508 οἶδεν
1082 3452 1222 3516 υἱόν,
1265 3453 1359 3508 ὁδ’
1400 3450 1597 3506 οἴεται.

52 3549 107 3600 et
138 3542 360 3599 eandem
399 3542 721 3598 sententiam
753 3540 942 3595 iisdem
986 3540 1166 3597 verbis
1203 3541 1530 3612 expressisse
1558 3535 1871 3608 Euripidem
1901 3531 2043 3605 apud

53 3629 400 3688 Eustatbium
439 3629 503 3686 ad
547 3629 640 3686 Od.
684 3632 935 3702 p.1412‚
977 3629 1066 3684 ubi
1110 3628 1410 3701 elegantius
1446 3626 1689 3697 legatur:
1734 3626 1761 3687 ἡ
1803 3622 1898 3687 μὲν
1938 3620 2045 3691 γὰρ
