2436 4068
1295 216 1398 265 176

735 363 835 416 οὐδ’
869 359 1034 426 ὥσπερ
1074 360 1218 423 ὑμεῖς
1277 358 1540 424 συκαμίνῳ
1579 359 1676 418 τὰς
1714 358 1931 422 γνάθους

736 447 1055 516 κεχριμέναι.

355 539 560 610 etipse
614 535 995 606 Aristophanes
1042 534 1094 587 in
1143 531 1288 586 Stob.
1348 531 1528 586 Floril.
1564 532 1747 587 CXXI.
1807 535 1908 596 18,
1964 533 2052 586 cui
2104 533 2341 588 reddidi-

358 643 506 681 mus:

737 709 1085 777 προύκει’μεθ’,
1124 709 1233 762 οὐδὲ
1271 708 1527 776 βακκάρει
1569 708 1893 777 κεχριμένοι,

357 801 448 855 nbi
485 799 744 853 librorum
793 798 1063 868 scriptura
1105 798 1527 865 κατακεκριμένοι
1575 795 1859 850 manifesta
1909 802 2085 850 servat
2143 795 2344 852 formae

360 889 613 958 antiquae
652 887 914 958 vestigia,
955 901 1091 955 quae
1129 885 1402 939 veteribus
1439 885 1638 956 ubique
1677 884 2010 938 restituenda
2046 891 2142 938 est.

433 975 640 1033 Vitium
694 974 834 1028 ultro
887 973 1090 1027 invexit
1149 973 1410 1044 Bergkius
1470 974 1525 1026 in
1584 971 1958 1044 Aristophanis
2017 972 2346 1027 versiculum

358 1063 499 1136 apud
534 1061 879 1117 Eustatbium
921 1078 974 1132 p.
1017 1064 1196 1125 1442,
1241 1066 1292 1114 4.

739 1148 935 1218 ἔφευγε
975 1150 1122 1213 κάγὼ
1162 1149 1307 1211 τῆσδ’
1348 1147 1593 1213 §vavi-02}
1631 1150 1868 1217 εἰχόμην.

357 1239 500 1312 quod
540 1240 585 1292 si
627 1238 683 1291 in
722 1237 970 1291 omnibus
1007 1237 1157 1290 libris
1186 1245 1326 1291 esset
1366 1243 1513 1290 certa
1553 1238 1885 1291 correctione
1925 1237 2108 1307 reponi
2143 1238 2342 1308 potuis,

357 1334 441 1381 set
490 1333 583 1389 τῆς
623 1324 900 1388 §xxva-025,
943 1324 1082 1396 quod
1129 1323 1324 1378 habent
1356 1342 1558 1378 omneS.
1638 1325 1947 1396 Comparari
1988 1324 2212 1379 debebat
2267 1326 2345 1378 in·

361 1416 496 1472 certi
530 1415 723 1469 comici
756 1413 904 1467 locus
942 1412 1084 1484 apud
1122 1412 1354 1485 Etymol.
1397 1431 1446 1485 p.
1485 1417 1592 1467 565
1618 1454 1633 1475 ‚
1679 1416 1765 1467 25.

1347 1499 1452 1562 ὅςις
1489 1509 1582 1564 τῆς
1624 1501 1731 1555 ὁδοῦ

815 1590 1076 1654 ἧγήσεταί
1112 1610 1185 1643 σοι
1226 1592 1317 1653 τὴν
1358 1588 1551 1652 gorm-02}
1573 1631 1585 1652 ‚

360 1680 451 1735 cui
471 1684 524 1734 et
558 1679 662 1751 ipsi
696 1678 789 1740 τὴν
822 1676 1067 1741 §vrowa-025
1095 1695 1282 1733 censeo
1313 1694 1426 1732 esse
1447 1676 1809 1732 reddendum:
1848 1680 1877 1740 ἡ
1910 1675 2156 1740 §meva-0⁸⁶5
2197 1675 2346 1750 (ὁδός)

361 1784 467 1839 quo
525 1783 685 1821 sensu
735 1765 949 1819 dicatur
1002 1766 1343 1838 perspicuum
1395 1772 1510 1828 est,
1573 1768 1601 1828 ἦ
1654 1762 1845 1827 §ma-02}
1896 1764 1960 1819 de
2009 1765 2094 1818 via
2142 1764 2347 1818 dictum

364 1855 494 1928 quid
532 1858 600 1908 sit
634 1861 891 1925 exputare
926 1871 1029 1907 non
1070 1855 1234 1910 valeo.
1313 1853 1455 1907 Nihil
1489 1861 1669 1908 autem
1711 1854 1896 1907 tritius
1931 1860 2013 1907 est
2047 1869 2208 1923 quam
2244 1853 2351 1908 ὁδόν

362 1946 417 1999 in
471 1943 668 1997 talibus
727 1943 1015 2004 omittere,
1074 1944 1229 1997 cuius
1279 1943 1356 1996 rei
1401 1942 1643 2014 exempla
1697 1941 1888 1995 afferre
1941 1939 2190 2011 putidum
2247 1948 2349 1998 est.

363 2031 599 2088 Afferam
634 2030 811 2102 potius
845 2029 1020 2084 locum
1045 2072 1057 2092 ‚
1099 2031 1190 2084 ubi
1233 2031 1370 2085 male
1406 2031 1574 2084 seduli
1612 2030 1837 2085 lectores
1873 2029 1979 2084 ὁδόν
2016 2027 2081 2082 de
2125 2045 2222 2082 suo
2262 2027 2351 2082 ad-

363 2119 617 2175 diderint.
664 2117 914 2172 Creditur
954 2116 1153 2171 dixisse
1194 2119 1385 2191 Lysias
1425 2120 1478 2171 in
1510 2125 1642 2173 orat.
1683 2118 1772 2171 111.
1816 2123 1845 2191 §
1883 2121 1970 2172 35.
2013 2117 2114 2182 ἐγὼ
2155 2117 2207 2171 δὲ
2242 2117 2351 2171 ἑτέ·

364 2228 455 2278 ραν
495 2207 728 2261 ἀπελθὼν
769 2206 874 2259 ὁδὸν
915 2205 1160 2271 ᾠχόμηνε
1203 2208 1532 2277 quicumque
1591 2206 1786 2260 sentiet
1831 2222 1991 2276 quam
2044 2206 2352 2276 importuno

365 2297 480 2351 loco
519 2295 627 2350 ὁδόν
667 2295 737 2348 sit
772 2293 1149 2363 interpositum
1190 2292 1343 2349 facile
1382 2295 1578 2348 sentiet
1613 2292 1992 2364 interpolatum
2035 2309 2167 2347 esse.
2249 2293 2353 2347 Ad-

362 2383 609 2439 verhium
642 2379 834 2444 ἐπιτοξέ
868 2379 1008 2451 apud
1046 2380 1369 2454 Hesychium
1410 2382 1676 2436 delitescit
1717 2383 1771 2434 in
1806 2380 2032 2435 ridiculo
2072 2381 2203 2434 vitio
2243 2382 2350 2434 ἐπι-

366 2471 499 2541 ζώξε
554 2469 695 2542 quod
751 2470 824 2523 ita
874 2468 1175 2539 explicatur
1211 2477 1269 2523 ut
1309 2470 1581 2542 Interpres
1626 2469 1759 2523 nihil
1815 2470 1949 2524 certi
1990 2468 2129 2522 scire
2174 2467 2349 2522 videa·

366 2569 492 2614 tur:
533 2559 617 2613 ἐπὶ
659 2559 732 2612 τὰ
768 2557 980 2625 ciple-spo}
1031 2558 1118 2611 καὶ
1167 2559 1251 2610 ἐπ’
1292 2560 1488 2619 εὐθείαις
1543 2560 1629 2612 καὶ
1682 2558 1766 2612 ἐπὶ
1826 2559 1916 2620 τὴν
1966 2558 2214 2623 σύντομον
2262 2556 2349 2611 καὶ

366 2650 426 2704 ἐκ
465 2647 713 2711 πλαγίου.
791 2645 987 2698 Mirum
1041 2645 1085 2697 si
1137 2644 1278 2699 idem
1333 2645 1646 2700 vocabulum
1706 2645 1836 2700 haec
1888 2646 2067 2699 omnia
2121 2646 2353 2716 potuerit

367 2735 690 2806 significare.
772 2733 1052 2787 Caeterum
1098 2743 1138 2796 Z
1192 2743 1242 2789 et
1297 2743 1346 2788 T
1399 2735 1452 2787 in
1497 2735 1724 2788 vetustis
1774 2734 1925 2788 libris
1981 2732 2353 2788 scribebantur

367 2824 540 2879 forma
571 2829 682 2876 tam
732 2821 895 2874 simili
938 2829 996 2875 ut
1035 2822 1268 2877 discerni
1322 2839 1426 2876 non
1476 2829 1690 2894 possent
1731 2823 1835 2876 nisi
1876 2822 1940 2877 ab
1982 2841 2042 2878 eo
2088 2824 2179 2894 'qui
2223 2820 2351 2894 quid

368 2912 632 2968 Graecum
670 2911 740 2964 sit
775 2916 827 2963 et
867 2909 995 2979 quid
1029 2927 1239 2982 quoque
1274 2910 1388 2964 loco
1435 2911 1699 2964 sententia
1740 2911 1980 2981 requirat
2023 2910 2348 2982 expenderit.

369 3000 484 3055 Non
541 2998 740 3053 solebat
789 2996 886 3051 hoc
934 2996 1109 3053 facere
1161 2999 1252 3070 qui
1307 2998 1698 3072 Hesychianam
1740 2997 1879 3062 λέξιν
1942 3000 2016 3053 ita
2073 3000 2352 3058 constituit

370 3095 432 3143 ut
472 3104 615 3142 nunc
650 3087 704 3140 in
744 3086 903 3139 unico
942 3087 1210 3142 Marciano
1249 3087 1384 3140 libro
1426 3094 1685 3158 superest.
1765 3087 1946 3158 Neque
1981 3088 2120 3141 enim
2155 3091 2352 3141 Ζιτᾶνοε

369 3176 674 3248 scripsisset
715 3189 810 3244 pro
843 3177 1083 3237 Τιτᾶνα,
1126 3191 1299 3246 neque
1337 3181 1523 3228 contra
1556 3175 1864 3241 Ταμίοινε
1908 3174 2098 3241 ζημίαν
2132 3192 2226 3246 pro
2262 3176 2351 3244 ζα·

368 3266 498 3331 μίαν
537 3269 590 3317 et
645 3262 832 3315 Τώνοιε
875 3261 998 3328 ζώνη
1051 3279 1143 3334 pro
1191 3263 1340 3330 ζῶναι.
1419 3261 1618 3316 Eodem
1680 3262 1834 3316 modo
1887 3262 2219 3317 emendanda
2271 3270 2352 3318 est

372 3353 573 3424 glossa:
623 3348 1080 3404 ’naaeaevmovz
1123 3350 1363 3415 ἔδακνον,
1422 3351 1530 3403 imo
1569 3367 1693 3404 vero
1729 3349 2037 3418 ὠδοέκταιζον.
2112 3350 2350 3406 Ioculare

372 3439 674 3512 exemplum
725 3438 1106 3507 incogitantiae
1154 3438 1325 3492 obiter
1365 3437 1574 3492 addam.
1656 3436 1852 3492 Editur
1902 3445 2034 3494 Τῶν
2087 3442 2350 3494 οὐτιῶνε

373 3531 636 3594 οὐδαμῶς,
691 3524 829 3597 quod
884 3526 1144 3596 scriptum
1201 3532 1282 3582 est
1341 3543 1434 3597 pro
1497 3531 1617 3580 τῶν
1671 3525 1845 3580 οὔτις
1900 3525 1963 3581 ὧν
2014 3528 2245 3593 οὐδαμῶς
2289 3544 2352 3589 ex

375 3617 591 3679 Homeri
647 3615 810 3679 lociS,
860 3613 1031 3691 qualis
1071 3622 1148 3668 cst
1193 3614 1245 3667 in
1287 3613 1434 3669 Iliad.
1477 3622 1547 3672 A.
1591 3616 1710 3674 160.
