2436 4068
1076 241 1143 291 65

433 390 539 451 ἤτοι
579 387 785 455 πονηρὸς
827 387 982 447 αὐτός
1024 386 1099 442 ε’ςι
1141 384 1258 444 τοὺς
1298 383 1511 451 τρόπους

434 477 462 538 ἢ
503 475 817 531 παντάπασι
857 474 1126 540 παιδαρίου
1166 473 1375 538 γνώμην
1416 470 1549 539 ἔχει.

126 569 179 616 et
221 562 271 615 in
317 561 459 617 Stob.
504 564 543 617 F
550 563 684 617 loril.
722 562 927 616 LXXII.
976 565 1059 615 11.
1101 562 1207 623 ἤτοι
1247 567 1397 625 μῆνιν
1431 559 1615 617 ἐκτίνει
1649 560 1767 615 θεῶν
1800 559 1812 634 Ι
1848 561 1875 623 ἢ
1908 562 2120 627 βούλετ’

122 652 362 718 ἀτυχεῖν.
443 651 624 721 Neque
678 650 860 703 minus
902 650 1087 702 vitiose
1135 648 1340 703 dictum
1392 655 1473 702 est
1519 646 1660 720 quod
1716 649 1994 703 Menandri
2035 667 2122 702 no-

123 738 267 792 mine
308 738 360 791 in
405 737 710 810 Appendice
764 738 806 791 F
811 736 1077 791 lorentina
1131 752 1180 806 p.
1220 739 1344 790 727.
1399 752 1564 791 novae
1599 734 1854 793 editionis
1891 737 2122 792 circum-

124 824 330 881 fertur:

427 910 553 967 ὅταν
593 912 754 981 λέγῃς
795 914 891 978 μὲν
931 910 1110 965 πολλα
1134 951 1148 972 ,
1186 910 1446 978 μανθᾶνῃς
1487 911 1540 966 δὲ
1580 914 1654 977 μή
1677 954 1691 975 ,

421 1002 479 1055 τὸ
519 1004 605 1055 σὸν
644 1000 857 1067 διδάξας
896 999 1085 1064 τούμὸν
1126 1000 1180 1054 οὐ
1220 999 1394 1063 μαθὼν
1434 996 1555 1052 ἔσει.

116 1103 252 1158 quae
307 1095 416 1143 tarn
466 1088 694 1143 ridicule
748 1088 890 1143 dicta
944 1094 1071 1141 sunt
1126 1102 1221 1157 pro
1270 1087 1360 1140 οὐκ
1398 1083 1503 1141 ἔσει
1547 1088 1860 1151 μεμαθηκώς
1912 1095 1965 1144 et
2015 1088 2113 1144 hoc

118 1177 294 1247 ipsum
350 1183 461 1234 tam
515 1177 751 1231 alienum
805 1176 871 1230 ab
917 1173 1226 1230 huiusmodi
1277 1172 1394 1229 loco
1440 1179 1550 1241 est,
1611 1179 1669 1227 ut
1722 1167 1966 1240 scribae,
2010 1194 2115 1231 non

119 1266 305 1334 poetae
346 1265 481 1319 istae
514 1265 747 1335 ineptiae
768 1262 1115 1335 imputandae
1149 1278 1265 1316 esse
1294 1260 1581 1316 videantur
1618 1268 1670 1317 et
1695 1262 1990 1318 remedium
2020 1264 2112 1319 ali-

112 1351 255 1422 quod
304 1352 690 1422 quaerendum.
782 1352 977 1408 Statim
1029 1352 1082 1406 in
1129 1357 1363 1407 mentem
1413 1350 1560 1406 venit
1603 1350 1795 1415 ταῦμὸν
1836 1354 1890 1405 οὐ
1934 1354 2109 1417 μαθὼν

111 1437 270 1503 ἄπει,
311 1440 454 1511 quod
490 1440 697 1496 dictum
727 1448 809 1496 est
842 1448 898 1496 ut
927 1441 1107 1506 λαβὼν
1143 1436 1301 1502 ἄπει,
1342 1437 1422 1493 vel
1453 1438 1635 1504 λαβὼν
1667 1436 1812 1493 ἄπιθι
1854 1446 1908 1494 et
1937 1440 2108 1494 multa

111 1527 310 1584 similia
343 1528 486 1600 apud
517 1530 746 1584 Graecos
781 1535 834 1584 et
864 1529 1154 1585 Romano&
1236 1527 1388 1582 Trita
1421 1533 1550 1580 sunt
1586 1543 1687 1583 usu
1723 1528 1965 1584 omnium
2003 1549 2106 1585 πα·

109 1618 200 1695 θῶν
237 1617 567 1685 ἀπέρχεται,
618 1619 793 1678 σ’Φλὼν
832 1617 1166 1693 ἀπέρχεται,
1215 1617 1534 1681 ἐπιωρκηκὼς
1582 1613 1734 1678 ἄπει,
1775 1614 1964 1682 ἄπειμι
2004 1618 2104 1680 ἦδι-
2147 1616 2149 1619 ”

107 1705 321 1771 κημένος
369 1714 422 1761 et
469 1705 640 1761 multa
681 1706 785 1760 alia
828 1704 1155 1761 huiusmodi.
1237 1704 1446 1759 Vitium
1491 1710 1572 1759 est
1619 1704 1672 1757 in
1719 1703 1908 1768 Lysiae
1960 1704 2103 1777 frag·

110 1799 290 1848 mento
325 1794 389 1849 X.
434 1798 517 1850 16.
552 1793 695 1866 apud
734 1794 887 1849 Dion.
924 1792 1093 1848 Halic.
1136 1793 1200 1848 V.
1245 1810 1293 1865 p.
1313 1795 1442 1848 602.
1487 1791 1625 1847 οὐδέν
1658 1812 1735 1850 σοι
1769 1794 1936 1856 δεήσει
1968 1814 2097 1861 πρα-

106 1881 331 1948 γμάτων
361 1882 513 1936 ἄλλα
545 1883 728 1948 λαβὼν
768 1882 853 1935 ἐπὶ
901 1881 973 1936 τα
1011 1886 1224 1936 σαυτοῦ.
1307 1880 1537 1935 Librarii
1574 1880 1768 1936 vitium
1815 1889 1932 1935 erat
1971 1891 2095 1939 AIII

106 1986 203 2042 pro
239 1968 395 2034 ἄπει,
434 1969 626 2024 deinde
666 1976 938 2024 corrector
974 1968 1064 2024 ἐπί
1101 1967 1405 2024 emendavit
1438 1967 1662 2023 scilicet.
1743 1968 2094 2035 Quemadmo-

105 2057 236 2113 dum
273 2058 441 2128 igitur
471 2057 657 2131 Lysias
694 2058 875 2122 λαβὼν
912 2055 1039 2111 ἄπει
1082 2056 1328 2118 dixerat,
1371 2062 1425 2110 et
1465 2056 1685 2127 Eupolis
1723 2057 1865 2128 apud
1904 2058 2095 2112 Prisci·

104 2162 268 2201 anum
302 2145 492 2200 XVIII.
532 2162 580 2216 p.
610 2149 730 2200 195.
772 2143 954 2199 πάντα
993 2145 1100 2213 γὰρ
1129 2147 1301 2212 τυχὼν
1337 2143 1501 2208 ἄπει,
1541 2145 1621 2200 sic
1657 2144 1949 2200 Menander
1980 2149 2093 2202 τού-

101 2234 197 2299 μὸν
236 2236 292 2288 οὐ
323 2235 498 2299 μαθὼν
535 2231 661 2287 ἄπει
706 2239 852 2288 recte
891 2233 1142 2304 scripsit,
1184 2231 1327 2304 quod
1366 2232 1615 2288 Graeculi
1654 2232 2036 2304 depravarunt.

174 2321 416 2377 Intactae
459 2319 571 2376 sere
608 2326 895 2376 evaserunt
935 2319 1078 2392 apud
1117 2319 1473 2375 Menandrum
1513 2326 1566 2376 et
1606 2320 1842 2393 reliquos
1881 2321 2089 2377 futuro-

97 2425 220 2467 rum
253 2408 458 2464 l'ormae
487 2417 694 2464 veteres
721 2414 1057 2472 contractae,
1098 2424 1232 2480 quas
1265 2415 1446 2480 postea
1479 2417 1810 2464 correctores
1832 2410 2088 2481 quoniam

97 2496 253 2569 plane
294 2498 347 2552 in
382 2496 791 2553 desuetudinem
825 2497 1071 2552 abierant
1108 2496 1309 2567 passim
1344 2497 1398 2551 in
1435 2495 1637 2552 formas
1672 2497 1775 2553 sibi
1813 2505 1967 2555 notas
2001 2498 2087 2555 de·

98 2593 407 2658 pravarunt.
451 2585 584 2639 Vivo
622 2585 914 2640 Menandro
955 2602 1060 2638 non
1095 2583 1253 2639 aliter
1284 2601 1448 2656 qnam
1482 2591 1675 2651 γαμῶ,
1715 2593 1891 2649 καλῶ,
1925 2587 2086 2653 ἐγκα-

94 2678 203 2736 λῶ,
242 2680 531 2739 συγκαλῶ,
569 2679 740 2739 τελῶ,
786 2675 1038 2739 διατελῶ,
1077 2673 1309 2739 ἄκοῦμαι
1349 2672 1605 2729 dicebant
1640 2674 1840 2737 Attici,
1884 2681 1944 2729 ut
1982 2696 2087 2742 μα·

90 2766 292 2829 χοῦμαι
335 2762 613 2834 multaque
652 2761 788 2827 alia,
830 2777 1128 2833 numquam
1182 2763 1410 2828 γαμήσω
1434 2803 1448 2826 ,
1489 2762 1732 2827 καλέσω,
1784 2763 1981 2818 τελέσω
2017 2764 2086 2819 si-

16 2837 27 2843 ’
91 2834 382 2922 miliaque.
425 2850 624 2922 quibus
663 2851 880 2922 sequior
919 2850 1196 2905 Graecitas
1238 2851 1319 2904 nti
1359 2849 1578 2906 solebat.
1621 2851 1892 2906 Futurum
1921 2856 2082 2918 γαμῶ

91 2937 356 2993 intactum
404 2945 487 2994 est
539 2939 594 2993 in
636 2937 914 2994 Menandri
957 2937 1072 2992 loco
1120 2936 1263 3009 apud
1316 2937 1509 2994 Athen.
1548 2939 1688 2994 XllI.
1747 2943 1874 2994 559.
1915 2941 1969 2995 C.
2021 2943 2079 2996 οὐ

11 3008 27 3079 ‘t
90 3033 326 3093 γαμεῖς,
372 3025 439 3082 ἂν
471 3031 582 3082 νοῦν
630 3027 791 3097 ἔχῃς,
840 3034 894 3082 et
942 3025 1086 3098 apud
1130 3025 1309 3082 Schol.
1360 3026 1548 3100 Eurip.
1599 3027 1759 3083 Rlnes.
1797 3030 1924 3083 244.

390 3117 433 3170 εἶ
473 3117 548 3181 μὴ
584 3122 783 3182 γαμεῖς
817 3115 923 3183 γὰρ
961 3114 1191 3183 ἔσχατον
1231 3114 1404 3183 νόμιζέ
1445 3135 1514 3182 με

389 3209 580 3259 Μυσῶν
602 3244 615 3258 .

86 3297 139 3347 et
187 3291 433 3348 futurum
467 3297 611 3347 καλῶ
649 3289 791 3363 apud
833 3290 982 3347 Suid.
1018 3312 1060 3347 ν.
1100 3292 1298 3351 ἄπόςα.

387 3380 499 3446 ἐμοὶ
540 3378 789 3447 παράςα.
831 3382 924 3444 τὴν
963 3381 1114 3449 θύραν
1153 3380 1323 3447 κόψας
1359 3381 1462 3445 ἐγώ

388 3473 531 3523 καλῶ
562 3472 659 3523 τιν’
694 3469 890 3523 αὐτῶν.

84 3562 138 3610 et
178 3555 423 3612 l'uturum
462 3555 760 3620 ἐξακεῖσθαι
802 3556 944 3628 apud
980 3556 1327 3612 Eustatlnium
1365 3574 1412 3629 p.
1444 3560 1615 3621 1647,
1660 3559 1746 3610 58.

390 3643 687 3708 ε’ξακεῒσθαί
723 3665 808 3711 μοι
844 3646 966 3701 δοκῶ
1005 3646 1063 3700 τὸ
1100 3646 1329 3701 δίκτυον.
