2436 4068
1037 264 1134 314 101

86 421 235 460 more
274 404 536 474 seriptum
578 402 767 468 fuisse,
822 405 1070 459 librarios
1123 407 1423 478 reposuisse
1461 406 1515 460 id
1557 405 1699 478 quod
1740 406 1840 477 ipsi
1883 408 1937 460 in
1979 409 2079 462 tali

83 509 144 548 re
176 492 469 553 sexcenties
511 490 750 546 solebant
782 491 979 553 dicere.
1058 493 1154 547 Est
1191 494 1291 549 hoc
1322 503 1373 550 et
1412 511 1477 550 ex
1509 511 1566 549 se
1599 500 1901 565 spectatum
1942 497 2074 550 satis

83 585 291 633 certum
332 585 386 632 et
436 578 749 649 planissime
796 578 1151 634 confirmatur
1197 581 1468 653 scriptura
1517 582 1758 635 omnium
1807 580 2072 636 librorum

82 667 139 720 in
176 666 497 727 ProoemiiS‚
537 683 675 738 quae
714 683 779 721 ex
818 666 1174 722 Demosthene
1223 675 1276 722 et
1327 668 1449 723 aliis
1500 668 1566 723 ab
1616 668 1795 740 aliquo
1848 669 2071 739 antiquo

79 751 292 808 rhetore
332 752 601 824 descripta
642 754 698 807 in
738 752 926 807 multis
959 752 1118 807 Codd.
1166 755 1540 812 Demosthenis
1581 756 2071 822 circumferuntur,

83 839 174 896 ubi
209 841 326 894 sine
358 838 476 894 labe
514 839 716 911 legitur
765 857 884 912 pag.
937 844 1111 905 1424,
1157 848 1203 896 1.
1248 843 1335 896 xx)
1377 845 1434 898 τὸ
1474 853 1539 914 τῇ
1575 852 1720 915 φωνῇ
1761 845 1937 910 λέγειν
1974 846 2070 899 027·-
2142 888 2147 908 ,

78 927 251 986 cimel.
329 927 527 981 Mirum
581 934 663 982 est
706 928 955 983 Editores
999 945 1104 982 non
1157 929 1355 984 vidisse
1406 939 1669 1001 quantum
1720 934 1775 987 in
1818 932 1907 987 illo
1954 931 2070 987 loco

81 1017 277 1071 inesset
313 1013 437 1068 boni
477 1013 545 1069 ad
584 1015 973 1071 emendandam
1021 1015 1399 1071 Demosthenis
1437 1020 1732 1074 orationem
1775 1028 1829 1076 et
1869 1027 2070 1092 quanto

79 1102 410 1160 emendatior
443 1109 497 1157 et
538 1103 803 1175 integrior
841 1110 983 1158 esset
1031 1103 1303 1175 scriptura
1350 1105 1406 1158 in
1461 1106 1756 1160 prooemiis
1808 1125 1970 1179 quam
2014 1109 2070 1162 in

78 1189 436 1248 Orationibus
515 1190 694 1245 Facile
732 1198 814 1245 est
849 1191 1035 1263 paucis
1065 1190 1121 1245 id
1166 1190 1432 1256 indicare,
1473 1194 1600 1264 quia
1639 1193 1850 1248 bonitas
1888 1194 2069 1249 lectio·

77 1293 209 1334 num
236 1279 521 1351 perspicua
551 1284 660 1333 est:
701 1295 799 1350 pro
829 1281 932 1347 οὐχ
963 1280 1099 1344 ὑμῶν
1133 1277 1274 1341 ὄντες
1313 1286 1527 1335 πολῖται
1563 1281 1617 1335 in
1651 1282 1944 1338 Prooemiis
1980 1300 2066 1355 op-

28 1409 40 1419 .
78 1366 209 1422 time
244 1365 448 1437 legitur
485 1368 587 1435 οὐχ
627 1367 765 1432 ὑμῶν
804 1365 971 1431 ὄντες,
1011 1365 1153 1438 quod
1196 1367 1389 1422 melius
1429 1370 1719 1440 opponitur
1757 1370 1934 1426 verbis
1966 1373 2068 1441 ἀφ’

75 1453 322 1522 ἑκατέρων
363 1452 567 1517 ἥκοντες
608 1460 661 1508 et
700 1452 945 1508 additum
983 1461 1196 1510 πολῖται
1238 1456 1474 1528 requirit.
1507 1458 1737 1526 ὑμέτεροι
1779 1476 1873 1531 pro
1909 1461 2065 1525 ὑμῶν.

75 1541 277 1599 Deinde
315 1559 411 1614 pro
455 1543 558 1607 ἐγὼ
597 1542 642 1596 δ’
680 1542 769 1610 ὁρῶ
814 1543 911 1607 μὲν
965 1544 1029 1603 ὦς
1082 1547 1328 1610 χαλεπὸν
1383 1544 1455 1598 τοὶ
1495 1546 1724 1611 βέλτιςοι
1771 1548 1948 1613 λέγειν
1988 1549 2069 1606 ἐςί
2140 1612 2142 1615 .

74 1630 376 1685 rectissime
422 1629 534 1685 illic
580 1629 782 1702 legitur
826 1630 928 1695 ἐγὼ
969 1631 1013 1684 δ’
1052 1626 1167 1684 οἶδοο
1207 1632 1304 1698 μὲν
1338 1635 1403 1694 ὥς
1438 1635 1684 1701 χαλεπὸν
1723 1636 1782 1690 τὸ
1822 1636 1894 1690 τοὶ
1934 1635 2067 1701 βέλ-

75 1737 200 1775 τιςα
234 1717 410 1782 λέγειν
449 1718 553 1776 gel:
594 1718 642 1772 si
680 1718 768 1785 ὁρῶ
811 1718 1117 1789 scripsisset
1158 1736 1262 1773 non
1295 1720 1581 1787 ὠςεὸτι,
1622 1721 1715 1776 sed
1754 1723 1804 1777 ἔν
1834 1723 2065 1778 addidis-

72 1811 182 1860 set:
221 1803 336 1860 οἶδα
374 1808 440 1868 ὦς
484 1807 731 1874 χαλεπόν
770 1807 847 1863 ἐςι
888 1805 1158 1878 significat
1198 1808 1302 1861 scio
1338 1826 1495 1879 quam
1535 1810 1750 1882 difficile
1788 1812 1855 1865 sit
1895 1814 1952 1867 τὸ
1992 1813 2065 1867 τοὶ

70 1891 305 1959 βέλτιςα
353 1894 547 1959 λέγειν.
635 1894 920 1948 Praeterea
967 1911 1063 1965 pro
1102 1894 1166 1949 ἂν
1206 1896 1277 1950 τοὶ
1330 1895 1537 1961 μεταξύ
1590 1919 1669 1959 τις
1718 1899 1933 1968 ἐγχειρῇ
1981 1901 2066 1955 λε’-

71 2000 185 2045 γειν
224 1981 311 2034 καὶ
353 1982 501 2047 ὑμεῖς
540 1983 615 2047 μὴ
655 1981 962 2048 περιμένητε
998 1985 1184 2048 μαθεῖν
1225 1991 1371 2038 recte
1410 2000 1507 2055 pro
1542 1985 1634 2039 κοοί
1673 1986 1782 2040 illic
1823 2009 1966 2041 κοιτοι
2008 1989 2063 2042 in

73 2068 276 2140 optimo
298 2067 577 2139 Slegitur,
618 2070 670 2123 in
706 2069 934 2123 caeteris
969 2069 1056 2123 καὶ
1092 2073 1257 2134 ταῦθ’,
1299 2070 1441 2125 unde
1473 2073 1702 2143 emergit
1734 2072 1851 2144 κᾷθ’
1888 2077 2064 2141 ὑμεῖς,

73 2155 358 2210 verissima
394 2155 584 2221 lectio,
628 2164 683 2211 et
717 2156 795 2210 sic
837 2155 970 2210 solet
1003 2166 1172 2212 ΚΑΙΘ
1208 2159 1499 2230 corrumpi.
1559 2159 1619 2213 In
1656 2177 1800 2232 seqq.
1833 2179 1929 2233 pro
1961 2166 2068 2218 ἀπὸ

70 2243 125 2299 δὲ
162 2248 261 2297 τῶν
299 2244 716 2309 ὁμολογουμένων
754 2245 847 2312 ὑφ’
882 2243 1131 2299 ἁπάντων
1172 2245 1428 2313 ἄρξομαι,
1473 2245 1582 2301 illie
1619 2249 1674 2302 ἐκ
1710 2249 1762 2302 δὲ
1799 2270 1848 2302 τ.
1891 2251 1932 2303 ὂ.
1975 2253 2064 2305 ὑπ’

69 2332 238 2387 αὐτῶν
277 2329 498 2399 ἄρξομαι
540 2332 804 2403 scriptum
841 2337 947 2395 est,
989 2332 1044 2385 in
1082 2332 1278 2403 quibus
1316 2335 1374 2387 ἐκ
1411 2334 1585 2405 potior
1623 2335 1782 2390 lectio
1823 2345 1929 2402 est,
1971 2338 2065 2394 sed

70 2418 163 2488 ὕφ’
213 2417 460 2474 ἁπάντων
509 2417 879 2474 retinendum:
934 2418 1182 2475 ἁπάντων
1239 2422 1293 2475 in
1347 2423 1435 2476 ὑπ’
1486 2425 1655 2478 αὐτῶν
1709 2423 2062 2496 depravatum

69 2505 166 2575 ὕφ’
199 2506 419 2578 expulit.

142 2592 313 2650 Locus
364 2595 763 2668 Aristophontis
807 2596 1000 2652 Athen.
1045 2595 1133 2653 XI.
1171 2602 1296 2653 472.
1338 2599 1392 2654 C.
1442 2617 1567 2656 cum
1609 2600 1727 2656 loco
1779 2601 2060 2660 Aeschinis

68 2683 392 2755 compositus
434 2684 795 2739 inveteratum
836 2685 1094 2741 mendum
1135 2686 1298 2741 simul
1339 2695 1528 2759 arguet
1572 2695 1626 2744 et
1667 2689 1894 2745 sanabit.
1962 2693 2057 2747 Lo·

68 2785 167 2827 ens
196 2777 279 2826 est
317 2772 371 2825 in
410 2771 785 2844 Ctesiphontea
824 2772 863 2847 §
901 2778 990 2829 41.
1033 2791 1139 2828 non
1185 2790 1292 2828 uno
1337 2775 1468 2830 vitio
1506 2778 1934 2833 contaminatus:
1976 2801 2057 2845 yc-

54 2858 319 2925 ,γινομένων
354 2860 460 2926 γὰρ
495 2865 593 2914 τῶν
627 2860 678 2913 ἐν
710 2858 829 2918 ἄςει
861 2863 1135 2931 τραγῳδῶν
1172 2863 1513 2931 ἀνεκήρυττόν
1545 2885 1678 2926 τινες
1700 2868 1754 2919 οὐ
1778 2867 2055 2929 πείσαντες

54 2943 152 3012 ε,τὸν
203 2946 358 3013 δῆμον
414 2949 457 3001 οἱ
515 2948 611 3013 μὲν
664 2945 740 3003 ὅτι
788 2953 1139 3018 ςεφοινοῢντοιι
1194 2951 1292 3004 ὑπὸ
1343 2956 1440 3005 τῶν
1480 2957 1745 3021 φυλετῶν,
1797 2951 1954 3021 ἕτεροι
2011 2958 2055 3011 δ’

66 3031 165 3089 ὕπὸ
214 3039 311 3089 τῶν
364 3035 628 3101 δημοτῶν,
680 3034 833 3091 ἄλλοι
886 3037 939 3092 δέ
991 3058 1125 3099 τινες
1186 3038 1617 3106 ὑποκηρυξάμενοι
1678 3043 1797 3104 τοὺς
1850 3045 2052 3107 οἷκέτοις

63 3119 293 3191 ΙἆΦΙεινινν
343 3123 712 3191 ἀπελευθέρους
765 3122 1034 3193 μάρτυρας
1074 3132 1167 3189 τῆς
1215 3128 1585 3195 ἀπελευθερίας
1620 3129 1739 3190 τοὺς
1784 3130 2051 3194 Ἕλληνας

66 3211 363 3276 πιούμενοι.
445 3211 504 3266 ln
554 3213 730 3283 priore
782 3219 934 3283 parte
984 3211 1146 3267 huius
1193 3213 1296 3268 loci
1334 3215 1568 3287 postulat
1608 3216 1927 3272 Graecitatis
1969 3236 2050 3273 ra-

67 3293 167 3362 no,
206 3305 266 3353 ut
293 3298 585 3354 scribatur:
627 3299 781 3368 ἕτεροι
811 3302 855 3355 δ’
883 3298 978 3355 ὅτι
1010 3301 1107 3355 ὑπὸ
1137 3307 1233 3356 τῶν
1263 3304 1519 3370 δημοτῶν,
1552 3321 1766 3360 necesse
1795 3314 1875 3360 est
1904 3307 2048 3361 enim

67 3380 145 3439 &a
182 3393 445 3458 repetere,
485 3389 612 3460 quia
652 3387 975 3461 praecedens
1010 3386 1086 3444 ἔτι
1129 3389 1262 3444 nihil
1297 3390 1363 3446 acl
1404 3391 1534 3447 haec
1574 3392 1734 3447 verba
1776 3394 2049 3463 pertinens

70 3472 347 3543 cogitando
387 3474 492 3530 huc
529 3475 670 3531 trahi
709 3475 855 3531 nullo
889 3475 1046 3531 modo
1082 3485 1269 3549 potest.
1329 3478 1383 3533 Si
1419 3480 1540 3551 quis
1579 3479 1675 3534 hoc
1713 3496 1898 3533 verum
1936 3497 2052 3537 esse

70 3559 232 3615 sentit
272 3561 456 3618 cadem
497 3580 657 3636 opera
697 3563 1003 3620 emendabit
1044 3581 1258 3621 mecum
1307 3567 1710 3638 Xenophontem
1755 3568 1808 3619 in
1850 3566 2056 3622 Hellen.

70 3641 180 3705 Vll.
224 3665 256 3703 ι.
301 3654 385 3705 14.
427 3650 531 3709 ἕςιν
572 3649 655 3707 οὖν
687 3687 755 3697 —
788 3653 1038 3723 ἰσαίτερον
1080 3654 1108 3717 ἢ
1148 3655 1198 3708 ἐν
1238 3655 1378 3721 μέρει
1421 3653 1685 3722 ἑκατέρους
1725 3655 2056 3718 ἡγεῖσθαι-
