2436 4068
1310 205 1416 255 806

370 349 570 414 ἄμεινον
613 348 751 415 ἔχειν
791 349 863 401 τα
901 348 1157 411 σώματα,
1200 363 1301 399 non
1344 347 1534 412 ἀμείνω
1579 348 1702 403 270.

368 439 595 506 ἀμελείᾳ
628 468 701 477 -—
735 435 1011 504 ἐπιμελείᾳ
1055 438 1179 489 798.

366 526 747 591 ἀμετάπλαςον
782 555 854 564 ——
890 522 1263 588 ἀμετάκλαςον
1315 527 1434 578 179.

366 612 585 679 ἄμικτος
622 643 693 650 -—
728 611 1031 675 ἀμείλικτος
1075 614 1202 665 476.

366 701 498 766 ἀμός
535 718 597 749 =
631 696 702 759 εἷς
745 702 836 752 99.

365 789 587 853 ἀμύναις
622 819 694 826 —
733 785 952 851 ἀμύναιο
999 783 1144 839 115(

364 877 512 944 ἀμφί
549 896 597 929 τι
640 875 878 928 δαπανοῖν
921 878 1045 928 510.

363 966 713 1031 ἀμφιγνοεῖν,
754 961 1080 1032 ἠμφεγνόουν
1132 969 1185 1017 et
1226 962 1345 1015 sim.
1394 966 1534 1026 157,
1577 967 1702 1017 450.

362 1050 638 1120 ἀμφιέζειν
680 1050 816 1105 male
853 1067 951 1122 pro
990 1051 1336 1120 ἀμφιεννύναι
1379 1053 1505 1105 251.

363 1139 707 1209 ἀμφιέπουσα
741 1173 815 1181 -
846 1140 1226 1207 ἀμφιπεσοῦσα
1269 1142 1395 1193 705.

363 1228 747 1296 ἀμφισβητεῖν.
789 1229 1193 1295 ἠμφεσβήτουν,
1235 1243 1340 1280 non
1381 1227 1745 1294 ἠμφισβήτουν
1790 1232 1916 1282 157.

363 1316 693 1382 ἀμωσγέπως
736 1321 789 1368 et
831 1315 953 1372 Sim.
997 1319 1086 1370 99.

363 1403 693 1470 ἀμωσγέπως
730 1433 801 1440 -
837 1400 1011 1464 ἄλλως
1052 1403 1118 1468 γε’
1158 1424 1263 1464 πως
1308 1406 1432 1457 404.

362 1492 427 1547 ἄν
467 1490 663 1546 excidit
704 1494 848 1554 552,
890 1494 1032 1554 555,
1075 1494 1220 1555 450,
1262 1493 1408 1552 455,
1452 1493 1592 1555 474,
1633 1494 1773 1556 581,
1814 1495 1954 1557 650,
1998 1493 2133 1556 725,
2178 1495 2299 1546 726.

363 1579 426 1634 ἄν
465 1578 664 1635 excidit
705 1579 758 1631 in
799 1577 1008 1644 μάλιςα
1050 1595 1144 1649 pro
1182 1579 1369 1644 μάλις’
1409 1578 1473 1633 ἄν
1516 1583 1642 1635 794.

362 1668 426 1722 ἑίν
464 1669 518 1721 in
561 1667 624 1722 ἂν
659 1665 891 1730 ἕςασαν,
931 1665 1108 1721 ἔπαιεν
1147 1664 1211 1720 ἄν
1253 1674 1306 1722 et
1347 1668 1467 1722 Sim.
1510 1672 1638 1722 410.

363 1756 425 1811 ἄν
480 1755 547 1810 ad
598 1755 925 1809 infinitivum
981 1754 1319 1809 referendum
1379 1756 1431 1808 in
1488 1760 1761 1825 σωφρονεῖν
1809 1753 1874 1808 ἄν
1926 1776 2011 1822 μοι
2067 1756 2228 1818 δοκεῖς
2285 1761 2342 1811 et

439 1845 559 1899 sim.
604 1846 728 1897 562.

362 1932 427 1987 ἄν
468 1949 591 1987 cum
634 1931 731 1985 sut.
774 1931 1018 2002 particip.
1062 1930 1357 1995 soloecum,
1399 1930 1462 1984 ἂν
1506 1931 1791 1993 παύσαντες
1833 1934 1960 1987 695.

362 2021 426 2076 ἄν
463 2054 538 2062 -
569 2020 689 2085 ε’ἀν,
731 2017 781 2080 ὃς
823 2019 914 2072 ἕάν
947 2025 1000 2073 et
1041 2019 1159 2073 sim.
1204 2022 1329 2072 551.

361 2118 463 2164 AN
499 2143 570 2151 —-
605 2117 702 2162 ΔΗ
744 2111 871 2162 549.

362 2198 425 2253 ἂν
466 2197 696 2262 ἐνέμοντο
730 2227 805 2237 -—
838 2195 1154 2260 ἀπενέμοντο
1199 2200 1325 2249 411.

361 2285 769 2353 ἀναγέγραπται
806 2315 874 2326 --
911 2280 1037 2337 εἶναι
1074 2283 1379 2351 γέγραπται
1425 2288 1553 2340 775.

359 2374 564 2441 ἀναθείνι
595 2405 672 2413 -
709 2371 913 2433 ἀναθείη
957 2376 1045 2426 50.

358 2463 670 2530 ἀναιρεῖσθαι
722 2493 780 2501 —
812 2462 1035 2526 ἀναιρεῖν
1077 2463 1202 2514 205.

358 2552 616 2619 ἀναίρεσιν
655 2549 871 2611 διδόναι,
910 2549 1074 2602 αἰτεῖν
1118 2552 1242 2602 106.

359 2643 560 2699 ἀνακῶς
601 2637 741 2705 ἔχειν
780 2643 872 2699 τῆς
912 2635 1063 2703 θύρας
1102 2657 1179 2689 ==
1217 2637 1574 2701 ἐπιμελεῖσθαι
1621 2641 1741 2691 184.

359 2728 731 2793 ἀναμείναντες
764 2756 841 2764 -—
874 2724 1181 2789 ἀνεμείνατε
1222 2728 1348 2778 574.

359 2815 744 2878 ἀναπέπαυμαι
776 2841 850 2852 --
885 2811 1303 2879 ἀναγέγραμμαι
1352 2816 1472 2866 125.

357 2903 782 2968 ἀναπίμπλαμαι
817 2933 891 2940 —
925 2901 1315 2967 ἐμπίμπλαμαι
1360 2904 1484 2955 756.

357 2989 559 3051 ἀναςάς
599 2989 663 3043 ad
706 2987 992 3042 dicendum
1035 2991 1160 3042 742.

356 3083 621 3135 ἀνασῶσαι
658 3109 733 3120 -
768 3081 927 3129 σῶσαι
971 3078 1094 3130 552.

356 3167 706 3234 ἀνατέτροφεν
751 3194 815 3204 --
847 3163 1158 3232 ἀντὲςροφεν
1204 3167 1325 3218 127.

355 3255 582 3321 ἀνγελία
624 3270 718 3324 pro
757 3252 996 3317 ἀγγελία
1037 3257 1090 3305 et
1129 3251 1250 3304 Sim.
1294 3255 1419 3306 499.

356 3342 557 3409 ἄνδεμα
594 3358 690 3412 pro
729 3340 974 3405 ἀνάδημα
1013 3345 1066 3394 et
1107 3339 1226 3392 sim.
1271 3343 1396 3392 791.

357 3430 676 3498 ἀνδραγαθία
715 3445 777 3481 ex
818 3429 941 3496 ἀνὴρ
980 3427 1175 3492 ἀγαθός
1217 3433 1268 3480 et
1309 3427 1428 3480 sim.
1472 3429 1599 3481 594.

357 3521 561 3585 ἀνδρεῖα
599 3535 675 3567 :z
711 3516 914 3583 φιδίτια
958 3518 1082 3569 729.

357 3607 528 3676 ἄνδρες
574 3603 756 3670 ἀγαθοὶ
799 3602 957 3668 εἶναι,
999 3601 1236 3669 γενέσθαι
1280 3604 1403 3656 440.
