2436 4068
1309 220 1414 270 506

369 367 693 438 scriptoreS,
749 366 839 435 qui
893 381 955 417 ex
1008 363 1280 417 communi
1335 362 1660 416 Litterarum
1714 363 1990 434 naufragio
2037 369 2336 416 evaserunt.

368 454 731 525 Xenophontis
770 451 1041 506 codicibus
1094 450 1298 504 utimur
1340 449 1693 503 deterioribus
1746 467 1915 520 neque
1965 451 2200 521 antiquis
2253 467 2338 504 ne·

365 560 468 614 que
522 542 779 610 integris3
840 537 1171 611 Thucydidis
1223 536 1495 606 aliquanto
1550 537 1859 594 melioribus
1914 545 1967 592 et
2018 537 2336 608 quibusdam

364 629 721 701 pervetustiS,
775 642 1102 696 quamquam
1144 631 1197 678 et
1249 624 1324 681 illi
1368 631 1575 683 scatent
1625 625 1772 679 vitiis
1813 624 1903 678 sed
1958 625 2246 680 levioribus
2286 632 2340 679 et

363 734 502 789 quae
543 716 721 770 sanari
763 715 1006 785 possint:
1053 712 1304 767 Herodoti
1338 720 1391 767 et
1432 713 1746 766 veterrimos
1780 720 1833 766 et
1873 714 2245 782 integerrimos
2279 713 2341 766 li-

364 805 488 859 bros
529 803 786 857 habemus
825 802 1172 873 superstites:
1217 801 1400 857 insunt
1437 801 1490 853 in
1520 800 1587 853 iis
1620 817 1828 870 quoque
1867 800 2114 854 omnibus
2149 799 2341 854 menda

364 892 641 962 complura
682 898 734 944 et
781 889 1040 961 quaedam
1096 888 1362 949 foediora,
1420 887 1510 942 sed
1566 905 1857 958 permagna
1912 906 2032 959 pars
2090 888 2341 943 Herodoti

363 979 800 1034 emendatissima
854 978 1065 1048 legitur.
1146 976 1479 1030 Emblemata
1529 982 1580 1029 et
1634 975 1996 1030 additamenta
2046 984 2098 1030 et
2148 976 2342 1048 glosse-

363 1073 509 1121 mata
543 1068 596 1121 in
637 1066 886 1120 omnibus
923 1066 1163 1119 omnium
1201 1064 1351 1118 libris
1387 1071 1540 1126 sunt,
1583 1071 1827 1134 suntque
1853 1071 2157 1135 pervetusta
2195 1063 2341 1116 nullo

359 1172 466 1209 non
515 1154 697 1208 codice
743 1154 897 1224 longe
946 1153 1205 1223 longeque
1250 1153 1585 1222 antiquiora,
1646 1152 1699 1204 in
1759 1152 1952 1222 quibus
2001 1158 2127 1205 sunt
2179 1169 2339 1222 quae·

361 1243 486 1296 dam
527 1249 639 1296 tam
692 1240 973 1296 manifesta
1018 1248 1075 1293 ut
1123 1257 1278 1294 nemo
1330 1238 1576 1293 dubitare
1628 1240 1797 1310 possit
1846 1247 2059 1310 praeter
2107 1256 2195 1293 eos
2248 1242 2339 1310 qui

360 1331 554 1385 harum
597 1347 776 1385 rerum
832 1345 1050 1399 prorsus
1086 1329 1258 1398 ignari
1301 1335 1354 1381 et
1403 1327 1734 1398 intelligendi
1784 1326 2037 1386 facultate
2095 1327 2337 1382 destituti

362 1428 543 1473 tamen
586 1419 754 1473 invita
796 1422 988 1470 natura
1038 1423 1091 1470 et
1131 1416 1296 1469 Musis
1338 1416 1491 1470 iratis
1543 1415 1607 1469 de
1660 1416 1792 1470 artis
1833 1416 2052 1470 criticae
2109 1415 2341 1474 inventis

361 1507 619 1561 iudicant.
699 1507 871 1575 Atque
915 1503 968 1557 hi
1009 1503 1222 1574 quidem
1266 1502 1516 1558 fruantur
1555 1503 1695 1574 quod
1735 1510 1944 1567 ament,
1983 1504 2041 1557 τὸ
2083 1505 2126 1557 δ’
2166 1501 2222 1558 εὖ
2269 1524 2338 1557 νι-

359 1595 523 1651 κοὲτω.
605 1594 664 1648 In
704 1592 965 1647 Herodoto
1006 1598 1089 1645 sat
1123 1591 1292 1645 multa
1332 1592 1648 1663 interpolata
1686 1598 1842 1646 sunt:
1885 1591 2039 1663 plura
2079 1592 2239 1645 etiam
2281 1593 2335 1645 in

358 1682 707 1754 Xenophonte
741 1688 793 1735 et
820 1680 1140 1750 insigniora,
1182 1679 1275 1733 sed
1316 1680 1544 1750 pessime
1584 1679 1798 1738 habitus
1838 1687 1917 1734 est
1959 1679 2335 1752 ThucydideS,

358 1773 415 1825 in
464 1771 621 1825 cuius
673 1770 911 1823 oratione
960 1767 1138 1824 sobria
1188 1774 1241 1821 et
1290 1768 1502 1821 concisa
1556 1768 1767 1822 inficeta
1810 1766 2128 1826 emblemata
2168 1767 2336 1825 multo

358 1866 487 1913 sunt
521 1857 825 1912 molestiora
865 1873 1026 1927 quam
1069 1857 1122 1911 in
1167 1855 1532 1927 Xenophontis
1584 1857 1763 1911 nativa
1804 1854 2148 1927 simplicitate
2184 1862 2237 1910 et
2281 1857 2336 1909 in

355 1948 527 2002 lactea
565 1946 806 2000 ubertate
843 1944 1111 1998 Herodoti.
1191 1945 1406 1999 Faciam
1443 1943 1508 1997 ab
1540 1943 1822 1998 Hellenieis
1862 1944 2107 2007 initium,
2148 1943 2338 2002 deinde

357 2034 726 2108 Thucydidem
781 2049 1093 2103 percurram
1136 2041 1189 2087 et
1227 2033 1278 2085 in
1329 2031 1593 2086 Herodoto
1644 2031 1902 2086 desinam.
1974 2031 2173 2091 ,Multos
2226 2034 2332 2089 iam

356 2133 513 2179 antea
555 2121 918 2193 Xenophontis
953 2120 1094 2174 locos
1131 2137 1191 2174 ea
1232 2120 1348 2174 labe
1384 2119 1607 2176 infectos
1641 2119 1868 2174 subinde
1902 2121 2149 2175 tractavi:
2193 2138 2335 2175 nune

355 2212 627 2266 Hellenica
682 2210 866 2263 ordine
923 2209 1210 2279 diligenter
1265 2209 1499 2278 relegam
1558 2214 1612 2263 et
1664 2215 1724 2262 ut
1781 2209 2028 2280 quodque
2085 2208 2336 2263 inciderit

356 2299 562 2354 fraudis
602 2298 863 2351 indicium
906 2304 998 2351 aut
1033 2297 1267 2367 suspicio
1307 2313 1470 2367 quam
1510 2302 1691 2367 potero
1730 2296 2043 2355 brevissime
2074 2296 2283 2355 notabo,

430 2387 817 2458 Interpolatum
859 2392 939 2438 est
974 2402 1165 2439 nomen
1201 2386 1477 2456 proprium
1514 2385 1567 2441 in
1600 2384 1801 2439 Hellen.
1831 2385 1871 2439 Ι.
1900 2402 1933 2437 1.
1977 2388 2067 2439 51.
2148 2391 2332 2452 Ἑρμο-

356 2476 547 2544 κράτης
587 2508 662 2514 -—
699 2473 887 2537 εὐδόξει
942 2473 1118 2538 λέγειν
1172 2494 1229 2526 τε
1284 2475 1434 2528 δοκῶν
1492 2474 1580 2529 καὶ
1638 2473 1904 2538 βουλεύειν
1956 2473 2027 2526 τοὶ
2076 2472 2333 2539 κρατιςα,
2420 2500 2421 2506 ’

354 2565 716 2630 κατηγορήσας
755 2563 806 2616 δὲ
846 2561 1233 2629 Τισσαφέρνους
1273 2563 1323 2616 ἐν
1363 2561 1717 2627 Λακεδαίμονι
1769 2560 2161 2633 [Ἑρμοκράτης]
2190 2603 2206 2624 ,
2250 2561 2334 2614 ni-

352 2653 429 2707 hil
468 2659 549 2706 est
597 2650 902 2705 istiusmodi
947 2649 1155 2704 mendis
1207 2649 1542 2720 frequentius
1588 2656 1640 2703 et
1693 2649 1781 2703 vix
1822 2650 2064 2720 capimus
2113 2648 2332 2705 tardita-

354 2750 464 2796 tem
507 2748 559 2794 et
598 2739 902 2793 fatuitatem
957 2755 1177 2802 eorum,
1234 2738 1429 2809 quibus
1471 2737 1790 2791 emblemata
1847 2737 1899 2790 id
1949 2754 2118 2808 genus
2158 2739 2333 2808 impu-

355 2829 517 2883 tanda
556 2835 697 2882 sunt.
778 2826 894 2880 Ihid
933 2827 973 2880 I.
1018 2845 1050 2879 1.
1093 2830 1181 2881 55.
1224 2826 1369 2892 παρα
1419 2826 1477 2879 τὸ
1524 2825 1738 2880 Λύκειον
1786 2825 2114 2898 [γυμνάσιον]
2142 2867 2155 2889 ,
2197 2826 2331 2879 mul-

355 2920 428 2971 tis
469 2917 686 2970 demum
727 2916 881 2969 annis
922 2921 1039 2986 post
1078 2913 1446 2984 Xenophontis
1493 2920 1722 2968 aetatem
1767 2922 1876 2967 tam
1925 2921 2112 2967 notum
2149 2920 2200 2966 et
2242 2930 2329 2966 no-

354 3006 459 3060 bile
506 3021 695 3057 nomen
739 3004 912 3073 potuit
966 3005 1122 3056 istam
1183 3002 1680 3072 interpretationem
1731 3001 1940 3056 elicere.
2019 3001 2203 3055 Evasit
2241 3001 2328 3054 IV.
2417 3031 2419 3038 ι

355 3111 423 3148 1v.
468 3097 517 3146 4.
559 3093 608 3144 ἐν
649 3092 717 3158 τῷ
757 3091 1006 3158 Κρανείῳ,
1054 3090 1144 3143 ubi
1167 3091 1335 3145 miror
1374 3107 1479 3144 non
1520 3107 1635 3144 esse
1667 3089 1999 3160 adscriptum
2034 3090 2330 3156 γυμνασίῳ,

358 3188 452 3237 aut
490 3177 615 3233 οὕτω
657 3179 951 3246 καλουμένῳ
990 3179 1278 3245 γυμνασίῳ.
1361 3178 1463 3232 Sed
1503 3178 1833 3248 adscriptum
1880 3183 1959 3230 est
1999 3177 2333 3246 ineptissime
2419 3215 2421 3219 ι

356 3271 422 3326 ΙΙ.
446 3286 500 3322 11.
525 3272 574 3321 8.
613 3265 705 3320 ubi
747 3283 912 3321 unum
936 3268 1176 3320 omnium
1206 3265 1597 3319 nobilissimum
1621 3266 1959 3337 gymnasium
1984 3265 2326 3319 nominatur:

353 3355 778 3425 ε’ςρατοπέδευσεν
811 3355 860 3406 ἐν
893 3362 956 3422 τῇ
978 3355 1303 3423 Ἀκαδημείᾳ
1350 3353 1439 3424 [τῷ
1480 3354 1774 3420 καλουμένῳ
1808 3353 2100 3425 γυμνασίῳ]
2125 3396 2138 3416 ,
2178 3353 2331 3408 llaec·

355 3449 476 3503 cine
510 3453 572 3500 tu
612 3442 1011 3513 Xenophontem
1053 3443 1228 3511 ipsum
1269 3441 1546 3512 scripsisse
1578 3441 1756 3511 putas?
1811 3441 1994 3494 Evasit
2033 3441 2119 3495 VI.
2152 3459 2196 3495 v.
2242 3446 2328 3496 49.

356 3537 406 3589 ἐν
442 3532 768 3601 Ἀκαδημείᾳ
808 3531 1243 3584 δειπνοποιεῖσθαι.
1299 3528 1588 3600 Utrobique
1629 3535 1946 3600 perpetuum
1989 3528 2097 3584 sere
2139 3530 2329 3584 vitium

357 3626 416 3685 jn
464 3623 564 3677 hoc
618 3621 832 3676 nomine
885 3619 1181 3687 Ἀκαδημία
1236 3617 1461 3673 Dindorf
1506 3617 1742 3673 sustulit.
1838 3618 1894 3674 In
1939 3618 1976 3672 I.
2021 3635 2071 3672 11.
2130 3623 2180 3672 4.
2235 3620 2329 3672 διε-
