2436 4068
1009 189 1117 240 667

84 334 329 391 tendere:
381 349 536 405 saepe
589 349 713 387 eum
765 330 950 387 audies
1002 332 1211 386 odiosas
1265 331 1592 387 accusatoris
1643 332 2047 390 criminationes

84 427 591 479 commemorantem
614 462 628 484 ,
668 437 823 492 saepe
857 421 970 492 ipsa
1011 421 1339 475 accusatoris
1379 419 1539 476 verba
1579 419 1930 475 referentem:
1971 423 2049 476 in-

85 511 229 583 spice
264 511 304 564 1.
347 527 400 563 11.
440 513 506 573 9,
553 512 649 571 12,
691 513 792 573 49,
834 514 941 571 51,
982 511 1089 573 52,
1131 513 1203 563 56
1242 516 1295 563 et
1335 512 1443 572 58,
1484 507 1679 579 quihus
1713 507 1844 562 locis
1882 510 2053 563 omni-

85 597 187 652 bus
220 598 546 664 ὅκάτήγορος
582 595 682 664 ἔφη
720 597 795 650 ita
816 596 1017 650 dicitur
1039 638 1053 661 ,
1089 603 1152 650 ut
1189 613 1252 650 ex
1293 597 1407 668 ipsa
1448 596 1593 650 illius
1634 597 1873 651 oratione
1905 602 2053 651 certa

83 685 313 740 crimina
350 685 520 755 ipsius
554 682 730 737 verbis
778 682 1090 737 afferantur.
1170 684 1302 750 Quis
1356 690 1534 738 autem
1586 683 1657 738 sit
1699 684 1722 738 ὃ
1769 686 2050 752 κατήγορος

84 770 259 836 οὗτος,
298 779 445 826 certo
484 771 684 826 indicio
719 771 968 842 colligere
1008 771 1209 842 poteris
1248 788 1311 826 ex
1356 770 1640 825 Memorab.
1680 771 1719 825 Ι.
1761 790 1815 826 11.
1863 776 1945 826 12.
2008 772 2053 827 si

82 861 397 915 memineris
434 871 653 923 eorum,
707 876 844 931 quae
885 877 948 915 ex
981 859 1214 914 Isocrate
1263 858 1421 930 paulo
1471 866 1594 913 ante
1632 859 2052 930 expromsimus:

87 948 389 1016 Σωκράτους
426 947 481 1001 δὲ
519 954 822 1014 κατηγορεῖν
859 949 1174 1016 ἐγχειρήσας
1203 978 1279 988 -
1315 945 1759 1011 Ἀλκιβιάδην
1801 947 2053 1010 ἔδωκας

84 1039 264 1105 αὐτῷ
310 1037 645 1102 μαθητὴν,
703 1033 754 1090 ὃν
804 1037 889 1090 ὑπ’
930 1036 1119 1090 ἐκείνου
1173 1035 1332 1096 οὐδεὶς
1375 1034 1620 1103 ᾐσθάνετο
1670 1035 2052 1101 παιδευόμενον.

83 1124 223 1181 Audi
283 1141 427 1178 nunc
485 1123 919 1196 Xenophontem:
976 1126 1133 1188 ἀλλ’,
1186 1123 1287 1192 ἔφη
1345 1123 1368 1176 ὃ
1418 1123 1735 1189 κατήγορος,
1793 1124 2054 1191 Σωκράτει

83 1213 312 1280 ὁμιληταὶ
346 1213 600 1278 γενομένω
637 1213 846 1280 Κριτίας
895 1232 954 1266 τε
1006 1212 1093 1267 καὶ
1147 1210 1492 1276 Ἀλκιβιάδης
1545 1218 1741 1268 πλεῖςα
1779 1212 1921 1265 κακοὶ
1963 1214 2054 1275 την

82 1303 235 1357 πόλιν
272 1301 626 1365 ἐποιησάτην,
666 1300 805 1372 quod
846 1300 1050 1354 crimen
1090 1299 1379 1371 Xenophon
1423 1314 1633 1353 summa
1682 1315 1778 1370 ope
1827 1317 2058 1371 purgare

86 1397 140 1446 et
176 1389 381 1444 diluere
434 1390 645 1443 nititur.
724 1388 931 1444 Novum
988 1386 1087 1442 hoc
1135 1389 1338 1442 crimen
1378 1394 1491 1441 erat
1543 1393 1596 1442 et
1649 1393 1772 1442 ante
1813 1387 2059 1461 Polycra-

86 1485 194 1532 tem
236 1477 557 1532 inauditum.
636 1477 824 1548 Itaque
865 1476 1044 1540 Plato,
1084 1477 1177 1547 qui
1221 1475 1427 1530 Socrati
1463 1492 1554 1530 reo
1590 1475 1791 1540 adsuit,
1833 1477 1887 1530 in
1927 1477 2060 1549 Apo-

86 1565 227 1638 logia
273 1567 375 1620 ista
432 1582 502 1620 ne
556 1565 739 1636 attigit
799 1563 1034 1636 quidem.
1130 1563 1437 1637 Polycrates
1491 1563 1583 1618 diu
1642 1571 1762 1636 post
1818 1566 2060 1622 scribens

83 1654 274 1710 callide
311 1653 599 1709 admodum
653 1659 706 1707 et
758 1659 936 1708 astute
978 1669 1042 1707 ex
1082 1659 1262 1707 vetere
1313 1652 1511 1706 civium
1573 1652 1694 1706 odio
1738 1653 1792 1706 in
1834 1653 2056 1724 Critian]

86 1750 140 1798 et
180 1742 505 1798 Alcibiadem
551 1741 758 1796 Socrati
809 1740 1013 1795 dudum
1069 1749 1282 1795 mortuo
1340 1757 1558 1812 gravem
1620 1740 1874 1795 invidiam
1937 1759 2059 1796 con·

89 1831 269 1896 flavit,
306 1847 467 1901 quam
522 1829 813 1901 Xenophon
860 1829 1109 1884 omnibus
1150 1828 1357 1883 viribus
1393 1828 1458 1882 ab
1497 1845 1559 1883 eo
1599 1828 1862 1901 depellere
1896 1847 2057 1904 cona-

86 1927 194 1975 tur.
273 1919 535 1974 Isocrates
590 1917 811 1972 Critiam
856 1934 959 1971 non
1013 1918 1291 1983 nominat,
1332 1916 1424 1971 sed
1466 1916 1636 1971 solum
1688 1916 2055 1983 Alcibiadem,

84 2024 246 2080 quem
297 2008 442 2062 cives
492 2006 575 2061 sui
635 2006 816 2060 vivum
855 2004 996 2060 serre
1036 2023 1140 2060 non
1195 2012 1512 2078 potuerant,
1567 2012 1837 2060 mortuum
1900 2006 2058 2062 multi

88 2095 530 2161 admirabantur,
586 2101 1002 2160 commemorat,
1059 2101 1122 2149 ut
1168 2093 1504 2167 Polycratem
1561 2093 1650 2147 illo
1706 2094 1895 2159 modo,
1956 2112 2058 2166 quo

86 2202 250 2257 supra
283 2182 645 2246 ostendimuS,
685 2181 864 2236 odiose
902 2181 1146 2237 deridere
1177 2188 1370 2253 posset.
1450 2181 1739 2237 Aeschines
1774 2190 1960 2237 contra
2002 2185 2057 2239 in

87 2271 400 2328 Timarchea
454 2273 483 2341 §
523 2275 645 2325 175.
699 2269 1029 2325 Alcibiadem
1069 2270 1347 2343 praeteriit
1387 2275 1442 2324 et
1490 2270 1710 2324 Critiam
1762 2272 2060 2327 nominavit

86 2360 256 2416 solum
317 2358 476 2435 (quod
531 2358 701 2413 solum
761 2375 857 2413 suo
914 2360 1182 2431 proposito
1238 2358 1619 2420 conveniebat,
1681 2365 1740 2413 ut
1793 2359 2059 2416 Isocrateo

84 2448 410 2505 Alcibiadem
453 2447 687 2519 tantum)
744 2446 829 2501 his
870 2447 1078 2502 verbis:
1137 2446 1296 2502 ἔπειθ’
1339 2448 1516 2512 ὑμεῖς,
1555 2444 1591 2501 ὦ
1624 2449 1910 2513 Ἀθηναῖοι,
1952 2458 2058 2504 Σω·

84 2538 277 2606 κράτην
315 2538 412 2602 μὲν
441 2537 528 2591 τὸν
567 2538 786 2605 σοφιςην
817 2537 1193 2599 ἀπεκτείνατε,
1235 2534 1311 2590 ὅτι
1348 2535 1634 2602 Κριτίαν
1684 2536 1902 2604 ἐφάνη
1958 2560 2056 2592 πε-

85 2625 468 2689 παιδευκῶς
521 2623 611 2679 ἕνα
663 2630 760 2679 τῶν
811 2624 1084 2692 τριάκοντα
1137 2630 1236 2679 τῶν
1288 2624 1374 2678 τὸν
1438 2624 1595 2689 δῆμον
1648 2626 2058 2682 καταλυσάντων

85 2717 195 2771 κτὲ.
259 2713 531 2770 Undenam
570 2712 697 2767 haec
730 2712 947 2768 aliunde
982 2713 1228 2768 hausisse
1257 2712 1575 2767 Aeschinem
1610 2719 1861 2784 putemus
1896 2732 2056 2786 quam

86 2820 152 2859 ex
192 2804 306 2875 ipsa
347 2800 644 2875 Polycratis
693 2802 980 2871 κατηγορίᾳ
1033 2800 1377 2869 Σωκράτουςῖ
1460 2800 1716 2856 Dubitare
1769 2803 1856 2855 vix
1914 2810 2057 2874 pote-

86 2893 199 2956 τίς,
239 2890 329 2944 ubi
370 2889 582 2962 Lysiam
625 2905 834 2961 quoque
875 2892 1075 2963 scripta
1123 2891 1362 2945 oratione
1411 2889 1677 2963 Polycrati
1719 2891 2057 2962 respondisse

89 2979 432 3051 compereris,
515 2976 810 3032 Tercbatur
848 2978 972 3032 olim
1023 2978 1358 3034 eruditorum
1406 2978 1655 3033 manibus
1694 2977 1882 3051 Lysiae
1931 2981 2057 3034 άπο-

88 3068 245 3134 mla
285 3065 584 3135 Σωκράτους
609 3108 621 3131 ,
663 3082 691 3120 a
717 3065 987 3121 Platonica
1028 3074 1138 3122 toto
1175 3067 1321 3123 coelo
1357 3067 1582 3122 diversa.
1663 3066 1901 3121 Platonis
1924 3068 2055 3139 Apo-

89 3155 228 3228 logia
266 3156 469 3226 scripta
504 3153 693 3210 estad
745 3154 980 3210 Socratis
1033 3163 1371 3211 accusatores
1411 3161 1463 3209 ct
1510 3154 1712 3210 iudices
1766 3155 1955 3209 acerba
2005 3162 2058 3210 et

91 3243 328 3299 mordaci
366 3244 536 3297 ironia
589 3242 922 3298 deridendos,
1002 3243 1189 3318 Lysias
1244 3246 1388 3300 δικῶν
1444 3245 1530 3299 καὶ
1590 3242 1919 3311 πραγμάτων
1966 3245 2057 3309 ἐμ-

93 3331 389 3398 πειρότατος
442 3333 505 3386 ὤν
558 3330 853 3404 apologiam
909 3332 1144 3388 Socratis
1197 3333 1497 3405 composuit
1552 3330 1892 3396 huiusmodi,
1950 3348 2056 3403 qua

95 3418 301 3474 iudices
347 3417 413 3473 ad
460 3435 610 3475 reum
670 3421 1004 3476 innocentem
1067 3420 1446 3477 absolvendum
1497 3436 1707 3474 summa
1755 3419 1966 3474 dicendi
2004 3428 2058 3476 ct

93 3505 444 3579 persuadendi
500 3514 616 3562 arte
667 3508 939 3580 impellere
984 3510 1260 3582 potuisset.
1340 3509 1470 3564 Erat
1523 3506 1711 3580 Lysiae
1760 3509 2055 3573 Ἀπολογία

93 3594 423 3661 Σωκράτους,
474 3602 533 3650 ut
583 3596 635 3650 in
677 3597 803 3653 vitis
854 3597 916 3653 X.
959 3595 1242 3654 Orator-um
1283 3596 1420 3670 apud
1474 3594 1815 3650 Plutarchum
1859 3594 2055 3666 legitur
