2436 4068
1036 194 1142 243 615

91 344 236 411 τρίως
284 343 423 395 inter
471 357 527 395 se
583 338 854 393 contraria
900 339 1039 399 sint,
1082 343 1136 392 et
1173 339 1228 390 οὐ
1269 337 1485 402 μετρίως
1527 337 1741 408 saepius
1780 357 1877 412 pro
1929 340 2073 406 ἄγαν

89 436 419 500 usurpetur,
460 427 812 498 consequitur
866 424 1012 491 ἄγαν
1065 442 1191 479 cum
1232 424 1319 478 his
1354 423 1572 478 demum
1628 426 1900 481 vocabulis
1939 428 2074 483 bene

88 517 374 586 coniungi,
416 515 739 586 quibuscum
781 515 998 581 μετρίως
1022 513 1155 568 bene
1195 514 1588 584 coniungatur:
1638 514 1716 568 sic
1756 514 1902 581 ἄγαν
1932 516 2072 571 ὅτι-τοὶ

87 612 141 660 et
181 605 325 670 ἄγαν
372 602 513 671 ἑφθά
551 609 898 673 opponuntur
942 609 1049 663 τοῖς
1090 602 1308 669 μετρίως
1352 601 1666 668 ὠπτημένοις
1716 602 1805 657 καὶ
1861 625 2074 670 πεπεμ-
2144 671 2146 673 ,

84 692 271 759 μένοις.
351 690 540 762 ltaque
599 707 767 761 quum
816 690 1003 757 ἀθρόως
1054 689 1278 756 ποτίζειν
1337 688 1477 742 hanc
1536 689 1907 761 gradationem
1967 708 2072 746 non

87 781 370 842 admittat,
407 794 581 848 neque
615 778 833 844 μετρίως
855 777 1040 844 ἀθρόως
1082 793 1273 831 sanum
1299 777 1399 839 sit,
1441 777 1785 833 manifestum
1808 778 2074 834 emblema

85 866 427 939 expellemus,
511 864 613 920 Sed
656 865 769 920 leve
817 865 917 919 hoc
958 863 1177 936 quidem
1214 870 1296 918 est
1337 881 1466 935 prae
1513 864 1817 920 foedissima
1860 867 2074 922 macula

84 972 222 1028 quae
271 954 520 1025 inquinat
571 954 880 1024 sequentia:
935 954 994 1016 ἢν
1032 953 1085 1007 δὲ
1130 955 1252 1017 ἡμῖν
1303 954 1347 1005 οἱ
1399 953 1586 1014 παῖδες
1635 963 1846 1022 μικραῖς
1901 954 2071 1020 κύλιξι

83 1044 256 1098 πυκνὰ
295 1039 964 1110 ἐπιψακάζωσιν-οὕτως
1005 1042 1060 1095 οὐ
1101 1038 1399 1108 βιαζόμενοι
1456 1042 1553 1096 ὑπὸ
1598 1046 1686 1096 τοῦ
1725 1042 1853 1097 οἴνου
1894 1044 2071 1114 [μεθύ-

23 1143 26 1145 ’
82 1131 178 1201 ειν]
221 1132 350 1185 ἀλλ’
386 1130 781 1195 ἀναπειθόμενοι
830 1130 952 1196 πρὸς
988 1130 1049 1183 τὸ
1102 1128 1529 1195 παιγνιωδέςερον
1584 1128 1903 1199 ἀφιξόμεθα.
1983 1131 2070 1186 Νί-

82 1218 158 1273 hil
198 1235 293 1272 nos
329 1217 591 1272 Stobaeus
630 1224 684 1271 et
724 1216 1034 1271 Athenaeus
1075 1217 1293 1278 iuvant,
1338 1217 1442 1270 nisi
1485 1215 1625 1287 quod
1664 1218 1869 1283 μεθύειν
1901 1226 2073 1275 trans·

88 1313 321 1378 ponunt:
362 1307 567 1372 μεθύειν
609 1306 707 1360 ὑπὸ
751 1310 841 1360 τοῦ
877 1304 1006 1358 οἴνου
1047 1302 1394 1358 exhibentes:
1439 1320 1545 1374 quo
1595 1321 1693 1375 ego
1726 1306 1927 1361 indicio
1967 1325 2071 1362 non

82 1402 236 1456 utor,
279 1410 402 1448 nam
446 1395 658 1465 quoties
693 1392 853 1448 verba
892 1408 922 1445 a
957 1390 1152 1446 scribis
1186 1392 1351 1446 etiam
1391 1397 1579 1446 contra
1615 1401 1850 1449 metrum
1894 1402 2071 1450 trans-

80 1483 206 1554 poni
259 1481 533 1537 videmusl
597 1481 701 1537 Sed
750 1486 934 1552 spreta
989 1480 1231 1534 omnium
1288 1479 1550 1534 librorum
1610 1483 1932 1538 auctoritate
1977 1506 2070 1549 με-

78 1571 211 1626 θύειν
258 1571 487 1642 pessime
541 1567 926 1641 interpolatum
968 1585 1084 1624 esse
1139 1573 1193 1622 et
1231 1566 1517 1622 delendum
1559 1571 1878 1641 pronuntio:
1931 1589 2070 1644 quae

79 1674 197 1722 reS,
255 1659 303 1713 si
342 1658 472 1730 quid
511 1657 723 1723 iudico,
764 1665 872 1711 tam
931 1656 1088 1728 plana
1128 1663 1181 1711 et
1222 1655 1442 1711 evidens
1478 1663 1560 1711 est
1601 1674 1666 1712 ex
1707 1675 1763 1714 se
1798 1659 1914 1731 ipsa
1955 1663 2071 1733 spe-

78 1751 256 1811 ctata,
317 1753 377 1800 ut
436 1763 554 1800 eam
616 1743 1047 1816 intelligentibus
1105 1744 1373 1800 indicasse
1430 1745 1564 1799 satis
1623 1762 1744 1801 esse
1803 1747 2068 1805 videatur.

76 1833 461 1906 Interpositum
503 1834 708 1900 μεθύειν
750 1851 854 1888 non
895 1839 1110 1887 tantum
1150 1831 1252 1888 loci
1290 1833 1712 1888 concinnitatem
1750 1836 1938 1902 vitiat,
1974 1839 2069 1894 sed

15 1946 20 1951 ·
76 1923 215 1996 quod
240 1940 270 1977 a
298 1923 518 1978 Socrate
559 1922 920 1977 urbanissime
960 1927 1013 1976 et
1035 1922 1400 1988 excogitatum
1441 1928 1559 1976 erat
1595 1930 1648 1977 et
1670 1922 1874 1980 dictum
1920 1944 2066 1998 pror·

0 2013 26 2081 ‘j
74 2028 169 2068 sus
208 2013 462 2066 obscurat
501 2018 554 2066 et
597 2009 924 2079 pessumdat.
1004 2009 1227 2064 Μεθύειν
1267 2010 1413 2063 enim
1464 2009 1572 2063 illis
1609 2010 1825 2081 quidem
1870 2014 2065 2070 Calliae

74 2101 315 2155 convivis
355 2108 407 2155 et
449 2117 536 2155 res
576 2106 628 2153 et
670 2115 862 2153 nomen
906 2105 988 2152 est
1027 2096 1242 2152 foedum
1278 2104 1441 2169 atque
1487 2106 1662 2169 turpe.
1744 2100 2063 2158 Adolescen-

76 2188 174 2244 tuli
218 2188 440 2243 liberius
490 2188 762 2251 viventeS,
811 2185 1073 2241 luxuriosi
1114 2203 1305 2250 seneS,
1360 2187 1502 2241 servi
1548 2203 1811 2258 nequam,
1853 2198 2062 2255 scorta,

75 2277 328 2349 parasiti,
370 2275 624 2339 lenones,
668 2275 901 2340 militeS‚
943 2283 995 2330 et
1037 2275 1083 2330 si
1123 2275 1216 2346 qui
1266 2274 1358 2329 alii
1408 2275 1460 2328 in
1499 2274 1798 2331 Comoediis
1837 2278 2065 2349 ageban-

23 2413 27 2420 .
74 2372 199 2428 tur,
241 2381 413 2436 neque
452 2380 644 2419 nomen
693 2380 867 2435 neque
905 2380 1020 2418 rem
1076 2364 1247 2435 ipsam
1302 2378 1498 2434 magno
1538 2380 1696 2436 opere
1749 2365 2066 2424 reformida-

73 2451 198 2508 bant
221 2495 235 2513 .
275 2451 369 2508 sed
405 2452 497 2507 alii
537 2468 743 2516 mores,
784 2451 888 2506 alia
929 2453 1101 2506 oratio
1134 2458 1215 2507 est
1253 2453 1440 2520 ἀνδρῶν
1475 2453 1922 2521 ἐκκεκαθαρμένων
1960 2458 2060 2520 τοὶς

69 2540 256 2611 ψυχάς
315 2540 381 2611 (1.
419 2540 507 2612 4),
550 2539 737 2612 quales
784 2547 900 2594 tum
950 2540 1092 2612 apud
1143 2540 1363 2595 Calliam
1404 2540 1779 2612 epulabantur.
1845 2543 2065 2618 ,Nempe

24 2675 28 2677 .
69 2628 187 2684 illos
225 2628 467 2693 Bacchus
503 2627 740 2683 laetitiae
789 2626 946 2683 dator
985 2628 1288 2684 exhilarare
1341 2635 1516 2700 potest
1569 2634 1629 2682 ut
1670 2629 1723 2683 in
1773 2646 1930 2687 omne
1969 2650 2057 2705 ge·

67 2733 171 2774 nus
204 2718 443 2772 iocorum
478 2715 858 2779 effundantur,
902 2733 1004 2771 non
1053 2723 1113 2772 nt
1152 2716 1289 2772 ebrii
1326 2733 1387 2771 ac
1425 2716 1708 2772 temulenti
1761 2718 1910 2777 liant.
1992 2722 2057 2778 11-

23 2829 28 2836 ·
66 2803 158 2860 lud
202 2806 380 2878 ipsum
420 2805 556 2860 scite
609 2803 858 2860 Socrates
892 2804 1123 2877 appellat
1179 2806 1299 2874 πρὸς
1346 2807 1404 2861 τὸ
1453 2806 1876 2876 παιγνιωδὲςερον
1925 2812 2054 2881 οὶφι-

24 2895 27 2963 j
65 2893 270 2950 κέσθαιε
314 2894 442 2950 illuc
482 2894 654 2964 igitur
694 2893 922 2948 minutis
980 2899 1034 2947 et
1084 2893 1395 2949 rorantibus
1449 2893 1656 2967 poculis
1699 2895 1891 2951 melius
1932 2916 2055 2955 con-

67 2981 216 3037 vivas
255 2981 388 3037 dicit
442 2988 794 3054 perventuros
844 2984 899 3037 οὐ
946 2982 1284 3050 βιαζομένους
1323 2985 1452 3038 ἀλλ’
1488 2984 1915 3050 ἀναπειθομένους
1955 2991 2053 3046 ὑπὸ

66 3073 156 3125 τοῦ
194 3069 339 3125 οἶνον.
421 3069 648 3125 Perinde
687 3077 771 3126 est
811 3086 874 3125 ac
925 3070 971 3124 si
1025 3070 1284 3126 dixisset:
1328 3072 1350 3125 ὁ
1392 3068 1515 3132 οἶνος
1556 3074 1698 3137 ἡμᾶς
1741 3074 1946 3142 παίζειν
1994 3082 2048 3133 οὐ

63 3156 312 3223 βιάσεται
353 3161 481 3214 ἀλλ’
533 3158 828 3214 ἀναπείσει.
909 3157 1012 3213 Sed
1054 3166 1115 3213 ut
1156 3159 1208 3213 in
1253 3175 1309 3213 re
1346 3160 1629 3231 perspicua
1684 3162 1816 3215 satis
1870 3164 2051 3219 verbo-

66 3260 186 3300 rum
223 3253 330 3302 est:
371 3254 640 3320 expuncto
669 3247 874 3313 μεθύειν
909 3246 1215 3301 notabimus
1250 3262 1411 3318 quam
1450 3247 1562 3302 sint
1600 3249 1903 3305 istiusmodi
1938 3270 2051 3309 cor·

67 3334 309 3405 ruptelae
347 3343 587 3401 veteres,
647 3342 708 3389 ut
769 3351 907 3406 quae
965 3335 1072 3389 iam
1124 3334 1469 3390 inolevissent
1512 3337 1566 3389 in
1614 3336 1682 3390 iis
1735 3338 2051 3412 Xenophon-

65 3420 138 3477 tis
171 3420 493 3485 CodicibuS,
536 3440 670 3496 quos
705 3422 965 3479 Athenaei
1006 3430 1181 3479 aetate
1215 3423 1414 3478 eruditi
1463 3422 1726 3484 terebant.

144 3509 202 3563 ln
254 3526 368 3581 cap.
405 3510 497 3566 ΙΙΙ.
542 3515 591 3566 5.
657 3513 680 3566 ὃ
721 3513 893 3579 πατὴρ
940 3511 1013 3583 [ὁ]
1054 3512 1458 3578 ἐπιμελούμενος
1510 3510 1645 3571 ὅπως
1687 3514 1811 3580 ἀνὴρ
1850 3517 2049 3581 ἀγαθὸς

64 3599 307 3661 γενοίμην
368 3598 633 3662 ἠνάγκασέ
688 3621 758 3665 με
811 3599 990 3654 πάντα
1045 3600 1113 3653 τοὶ
1169 3601 1395 3664 Ὀμήρου
1456 3599 1551 3660 ἔπη
1604 3602 1807 3664 μαθεῖν.
1888 3603 2049 3662 Recte
