2436 4068
1375 204 1480 253 200

748 349 958 413 μεθίημι
1000 353 1156 405 νεῖκος
1191 346 1249 399 τὸ
1280 347 1399 408 σόν,
1443 345 1531 398 ἴτω
1575 345 1614 396 δ’
1658 345 1965 413 ὑπόπτερον,

446 437 536 492 8611
572 436 808 507 graviter
862 436 915 487 in
958 434 1041 486 his
1089 439 1322 486 metrum
1372 430 1592 486 laborat.
1674 432 1780 485 Deo
1820 433 2110 488 immortali
2154 436 2205 488 in
2255 435 2419 491 Hexa-

442 532 613 580 metro
654 523 775 577 licet
813 521 1016 575 dicere:

745 610 831 663 καὶ
873 611 1046 677 κωφοῦ
1090 607 1293 673 ξυνίημι
1336 608 1423 661 καὶ
1460 610 1514 662 οὐ
1549 611 1834 675 φωνεῦντος
1869 609 2052 662 άκούω.

444 697 656 753 mortali
709 697 933 767 Tragico
978 701 1070 750 aut
1126 694 1338 749 Comico
1393 696 1448 747 111
1498 694 1723 749 senariis
1780 711 1883 748 non
1939 694 2065 749 licet
2118 698 2169 750 in
2216 698 2324 763 ἵημι
2370 705 2422 753 et

443 785 752 856 compositis
792 804 806 838 ι
842 784 1129 855 corripere.
1210 781 1619 837 Emendandum
1663 789 1742 836 est
1776 784 1974 847 μεθῆκα
2016 789 2174 844 νεῖκος
2215 787 2271 839 τὸ
2306 786 2422 850 σόν,

443 871 895 944 quemadmodum
934 872 990 926 in
1037 871 1162 925 Ione
1202 877 1347 925 recte
1401 868 1602 939 legitur
1638 872 1762 923 256.
1819 871 2019 935 μεθῆκα
2073 870 2231 937 τόξα,
2274 881 2326 927 et
2368 874 2420 926 in

439 959 656 1015 Electra
694 960 882 1032 Eurip.
919 962 1046 1014 622.
1088 956 1425 1026 προσηκάμην
1470 957 1528 1010 τὸ
1572 957 1708 1024 ῥηθέν
1747 965 1799 1012 et
1844 961 1966 1012 260.

747 1047 918 1111 ξυνῆκ’
959 1047 1143 1115 Ὀρέςῃ
1180 1047 1372 1113 μήποτ’
1414 1045 1593 1116 ἐκτίσῃ
1626 1045 1785 1106 δίκην.

445 1142 498 1191 et
539 1139 666 1191 644.

747 1222 931 1289 ξυνῆχ’
957 1264 970 1285 ,
1014 1221 1237 1282 ὕποπτος
1278 1217 1405 1275 οὖσα
1440 1222 1716 1284 γιγνώσκει
1759 1218 1924 1273 πόλει.

446 1316 499 1365 et
538 1311 592 1364 in
633 1308 819 1365 Oreste
856 1314 982 1364 435.

748 1396 962 1460 ξυνῆκα.
1041 1397 1392 1462 Παλαμήδους
1433 1417 1489 1448 σε
1530 1401 1745 1462 τιμωρεῖ
1780 1394 1949 1461 φόνος.

445 1485 720 1556 Adscripsi
756 1484 886 1539 haec
920 1484 1259 1555 potissimum
1307 1488 1366 1536 ut
1406 1481 1747 1537 emendarem
1790 1482 2162 1554 Aristophanis
2198 1484 2250 1537 in
2306 1485 2425 1539 Avi-

447 1572 549 1627 bus
591 1589 808 1627 versum
851 1576 977 1627 945.

901 1658 1045 1722 ξύνες
1085 1657 1115 1712 δ’
1150 1679 1224 1712 τοι
1265 1658 1426 1722 λέγω.

768 1757 825 1801 Β.
904 1745 1137 1811 ξυνίκμ’,
1174 1744 1249 1800 ὅτι
1290 1746 1470 1811 βούλει
1513 1745 1597 1799 τὸν
1637 1745 1942 1811 χιτωνίσκον
1981 1746 2190 1811 λαβεῖν.

449 1836 540 1891 11111
578 1834 644 1890 ad
685 1834 776 1888 illa
815 1834 1054 1905 exempla
1092 1835 1268 1904 quivis
1310 1832 1486 1887 videat
1525 1831 1902 1902 corrigendum
1944 1849 2059 1887 esse
2097 1831 2312 1901 ξυνῆχ’,
2351 1831 2428 1890 ὅτι

445 1923 625 1991 βούλει
666 1924 774 1977 κτὲ.

525 2012 727 2065 Versus
771 2012 914 2063 1298
957 2027 1069 2081 sqq.

1357 2095 1679 2163 εὐμενές-ερον
1717 2096 1821 2163 γάρ
1863 2095 1925 2149 άν

754 2187 823 2253 τῷ
864 2184 1109 2254 φιλτάτῳ
1149 2203 1233 2248 μοι
1274 2183 1516 2251 Μενέλεῳ
1554 2185 1627 2237 τά
1666 2184 1933 2252 πρόσφορα

752 2272 904 2340 δρῴης
947 2272 1010 2325 ἂν
1051 2274 1189 2336 ἡμῶν
1229 2270 1512 2338 τυγχάνων
1553 2270 1660 2325 οἵων
1701 2292 1758 2324 σε
1795 2272 1919 2338 χρή.

450 2361 552 2432 ipsi
589 2360 925 2432 integerrimi
967 2365 1094 2412 sunt
1133 2364 1185 2412 et
1221 2359 1336 2412 sine
1375 2357 1527 2421 labe,
1568 2357 1660 2412 sed
1713 2358 1927 2428 egregie
1981 2356 2187 2411 faciunt
2237 2358 2302 2413 ad
2350 2376 2428 2414 sa-

451 2447 654 2502 nandos
695 2447 825 2501 alios
864 2446 1038 2510 locOS,
1080 2445 1170 2500 ubi
1209 2445 1392 2500 eadem
1434 2445 1644 2500 dicendi
1686 2444 1856 2499 forma
1895 2444 2022 2499 olim
2058 2446 2249 2500 vitium
2308 2464 2429 2500 con-

448 2536 606 2608 cepit.
686 2535 948 2606 Incipiam
990 2534 1089 2588 hoc
1127 2533 1496 2587 demonstrare
1535 2533 1591 2586 in
1632 2532 1746 2586 loco
1794 2532 2084 2604 Sophocleo
2124 2534 2179 2586 in
2231 2532 2429 2606 Oedipo

450 2622 671 2678 Coloneo
711 2626 883 2687 1480,
924 2640 1039 2693 sqq.

831 2709 1006 2773 ἵλαος,
1049 2707 1084 2763 ὦ
1125 2709 1355 2774 δαίμων,
1397 2708 1541 2770 ἵλαος
1582 2708 1632 2763 εἴ
1667 2731 1716 2763 τι
1758 2716 1836 2779 γᾷ

827 2799 1012 2865 ματέρι
1052 2796 1341 2864 τυγχάνεις
1381 2797 1628 2865 άφεγγὲς
1668 2796 1850 2864 φέρων.

677 2887 894 2940 ἐναισίου
934 2887 986 2941 δὲ
1026 2886 1333 2953 συντύχοιμι
1373 2885 1494 2950 μηδ’
1535 2882 1731 2940 άλαςον
1768 2883 1905 2952 άνδρ’
1946 2885 2056 2938 ἰδών

830 2976 1014 3043 άκερδῆ
1052 2973 1209 3042 χάριν
1257 2971 1591 3040 μετάσχοιμί
1628 2992 1752 3032 πως.
2434 3023 2436 3026 .

451 3059 672 3116 0116111111
712 3077 896 3115 01111168
936 3063 1129 3115 merito
1168 3060 1387 3115 ἐναισίου
1428 3060 1479 3114 δὲ
1527 3059 1867 3126 συντύχοιμι,
1912 3058 2002 3113 8611
2054 3075 2238 3114 01111168
2287 3010 2425 3130 quod

450 3155 532 3204 est
567 3150 620 3203 in
661 3165 722 3203 ea
761 3149 1030 3220 scriptura
1071 3165 1261 3203 sanum
1295 3153 1675 3211 tentaverunt,
1716 3144 1855 3216 quod
1894 3162 1998 3199 non
2043 3153 2123 3201 est
2163 3147 2430 3202 intactum

450 3236 803 3308 reliquerunt.
887 3235 1203 3291 Schaeferus
1256 3237 1464 3307 primus
1512 3234 1711 3301 ἐναισίῳ
1766 3234 1818 3287 δὲ
1879 3234 2185 3301 συντύχοιμι
2243 3233 2426 3296 dedit,

451 3341 609 3395 quem
652 3323 938 3378 Elmsleius
985 3324 1248 3393 sequitur.
1331 3322 1567 3377 Badham
1607 3337 1817 3392 quoque
1867 3321 2159 3374 assentitur
2202 3320 2287 3393 (ad
2329 3321 2427 3375 He-

450 3411 553 3466 len.
597 3428 672 3465 VS.
705 3410 861 3483 580),
911 3410 1002 3464 sed
1055 3412 1304 3481 quoniam
1352 3409 1682 3481 »pronomine
1740 3425 1915 3461 carere
1962 3425 2061 3460 non
2097 3403 2428 3479 possumus'’

453 3506 514 3554 ut
553 3506 697 3553 recte
734 3497 906 3562 vidit,
951 3497 1294 3553 durissimam
1345 3498 1519 3552 crasin
1569 3494 1814 3567 Sophocli
1864 3494 2084 3549 tribuit:
2127 3497 2327 3564 ἐναισίῳ
2374 3495 2424 3550 δὲ

451 3589 799 3655 σούντύχοιμι.
881 3585 1045 3641 Multo
1096 3584 1331 3641 faciliore
1387 3585 1598 3656 negotio
1658 3584 1805 3638 locus
1859 3584 2035 3637 sanari
2087 3590 2285 3655 potest:
2356 3583 2422 3637 le-
