2436 4068
879 591 1168 659 INDEX
1250 590 1679 660 LATINUS.

294 1122 627 1174 Acoentuum
670 1115 821 1182 male¹
849 1117 1147 1189 positorum
1187 1117 1429 1189 exempla
1468 1117 1587 1172 vide
1628 1118 1682 1172 in
1722 1118 1907 1175 Iudice
1947 1118 2266 1176 Graecitatis
2364 1111 2366 1113 ’

369 1225 455 1262 vv,
495 1205 716 1275 γρῦξαι,
755 1207 1015 1262 διωκαθεῒν
1040 1249 1055 1272 ,
1100 1208 1283 1271 δωσεῖ,
1325 1209 1684 1271 ἐναπολοῑντο,
1724 1207 1960 1274 ἐνθυμεῖ,
1999 1204 2269 1275 εὖλαξεῖν,

368 1297 680 1364 κίχρασθαι,
721 1298 913 1359 κυνᾶς,
953 1302 1156 1363 μαχεῖ,
1195 1302 1451 1363 μαχοῖντο
1474 1338 1489 1358 ,
1531 1295 1784 1362 ulmum,
1822 1297 2038 1365 μυζεῖν,
2079 1301 2264 1365 παριᾶ-

370 1405 451 1450 σι,
491 1383 794 1447 πλάνητας,
833 1383 1146 1450 προανελών,
1186 1384 1426 1452 προΐασι,
1464 1385 1668 1452 πρῷρα,
1706 1388 1927 1453 ῥιπτεῖν,
1969 1386 2270 1454 ὑπομενεῖν,
2362 1395 2369 1442 ’,

370 1470 621 1541 φυλακάς
644 1514 659 1534 ,
702 1471 850 1541 φύω,
889 1477 1109 1539 ψευσεῖ,
1149 1476 1344 1541 ψωρέὶν.

293 1561 601 1614 Accusativi
638 1558 853 1630 quidam
895 1558 1146 1614 omnihus
1184 1559 1363 1614 verbis
1403 1559 1596 1631 apponi
1632 1559 1810 1626 soliti,
1848 1561 2018 1625 οὐδέν,
2057 1563 2112 1616 τί
2130 1604 2146 1623 ,
2188 1583 2269 1627 τι,
2354 1547 2365 1594 s

368 1649 538 1713 πολύ,
577 1647 786 1712 ὀλίγον,
826 1652 974 1702 τοῦτο
998 1691 1012 1711 ,
1050 1652 1227 1702 ταῦτα
1268 1655 1321 1702 et
1360 1648 1480 1702 sim.
1523 1651 1652 1702 445.
2361 1702 2364 1719 ἶ

293 1737 674 1792 Accusativum
707 1752 804 1807 pro
844 1734 1022 1790 dativo
1060 1744 1267 1809 ponunt
1304 1735 1472 1792 Attici
1512 1737 1568 1790 in
1605 1735 1769 1800 ἔδοξεν
1805 1739 1980 1800 αὐτοῖς
2016 1737 2268 1808 φυλακὰς

370 1827 898 1889 καταςήσαντας
939 1833 1226 1892 συγκαλεῖν
1267 1831 1320 1879 et
1361 1826 1481 1878 sim.
1526 1827 1652 1879 457.

296 1914 738 1968 Aoeusativorum
781 1913 983 1969 formae
1023 1914 1076 1968 in
1109 1945 1186 1954 —
1217 1920 1290 1974 εἵς
1331 1930 1427 1984 pro
1458 1945 1534 1954 -—
1565 1913 1656 1975 έας
1697 1914 1917 1969 vitiosae
1959 1917 2084 1969 532.

294 2003 649 2057 Accusativus
690 2019 811 2057 cum
851 2003 1047 2057 infinit.
1089 2009 1209 2074 post
1248 2001 1393 2065 ἐπεί,
1436 2002 1609 2066 ἐπειδή
1652 2005 1762 2057 470
1801 2019 1880 2074 sq.

290 2090 687 2145 Aerostiehides
726 2092 782 2145 in
823 2089 1069 2146 Oraeulis
1110 2089 1386 2164 Sibyllinis
1428 2093 1556 2145 274.

293 2179 633 2234 Adiectivum
676 2179 884 2234 nullum
926 2180 1036 2233 exit
1083 2179 1139 2232 in
1172 2183 1326 2243 -ῶος,
1367 2177 1460 2232 sed
1501 2179 1554 2232 in
1589 2210 1664 2219 —
1695 2179 1783 2246 ᾧος
1827 2182 1949 2233 177.

291 2266 556 2322 Adverhia
595 2273 648 2322 et
688 2267 951 2322 adiectiva
990 2265 1210 2321 confusa
1251 2270 1376 2321 516.

292 2355 573 2411 Adverbiis
612 2355 713 2410 loci
752 2359 990 2420 Αὐλῶνι,
1053 2357 1326 2422 Μαραθῶνι
1368 2361 1423 2410 et
1457 2355 1579 2410 sim.
1641 2353 1888 2410 Graeculi
1926 2357 2269 2428 praepositio·
2354 2375 2367 2418 2²

372 2462 495 2500 nem
532 2446 582 2498 ἐν
619 2443 684 2498 de
723 2461 820 2498 suo
859 2443 1066 2498 addunt
1108 2445 1176 2497 95
1219 2460 1296 2514 sq.

293 2533 545 2588 Aelianus
584 2531 755 2586 futilis
795 2540 982 2587 auctor
1021 2534 1148 2586 666.

292 2621 564 2675 Ammonii
602 2619 738 2675 liber
770 2619 835 2675 de
875 2619 996 2675 Diff.
1039 2619 1198 2674 Verh.
1243 2620 1460 2690 spurius
1504 2622 1626 2674 169.

293 2709 670 2763 Antatticistae
716 2725 924 2763 errores
965 2711 1096 2764 627.

296 2798 459 2870 Anyti
501 2798 777 2867 ingenium
825 2803 878 2851 et
926 2797 1034 2851 vita
1075 2799 1184 2851 670
1224 2813 1338 2868 sqq.

295 2886 496 2940 Aoristi
550 2885 750 2956 passivi
809 2886 864 2938 in
907 2886 1026 2947 -θην
1071 2885 1198 2958 (non
1244 2884 1464 2958 -σθην),
1526 2891 1587 2939 ut
1639 2885 1867 2951 ὧμόθην,
1920 2885 2180 2955 ἀπηρύθην
2218 2893 2272 2942 et
2366 2871 2385 2927 f

369 2975 490 3028 sim.
534 2977 662 3028 545.

296 3064 494 3118 Aoristi
537 3061 740 3116 formae
791 3061 1048 3116 barbarae
1087 3062 1391 3117 scribarum
1440 3063 1569 3117 vitio
1609 3068 1767 3116 natae
1808 3065 1934 3117 698.

295 3151 493 3206 Aoristi
540 3167 672 3205 usus
710 3151 763 3203 in
801 3149 1032 3213 ξυνῆκα,
1075 3152 1275 3215 μεθῆκα
1315 3158 1369 3205 et
1410 3151 1528 3204 sim.
1572 3154 1698 3204 544.

2355 3200 2376 3227 2*
2431 3211 2433 3229 i

296 3240 494 3294 Aoristi
535 3255 816 3310 perperam
862 3238 1060 3292 futuris
1106 3238 1388 3294 substituti
1426 3240 1480 3292 in
1518 3242 1582 3300 ὡς
1625 3238 1899 3292 κλαύσοιτο
1935 3239 1978 3291 εἰ
2016 3236 2267 3306 ἅψαιτο
2360 3238 2397 3309 ’.ᾗ

371 3334 424 3381 et
465 3327 586 3380 sim.
627 3331 753 3381 537.

296 3413 557 3486 Apollonii
597 3413 790 3468 Rhodii
835 3430 1043 3468 errores
1080 3415 1208 3467 467.

296 3501 664 3572 Aristophanis
701 3502 873 3557 Codex
912 3502 1190 3557 Ravennas
1231 3504 1336 3555 255
1373 3517 1451 3571 sq.

300 3592 558 3645 Arrianus
606 3589 969 3662 Xenophontis
1013 3589 1252 3644 imitator
1291 3588 1472 3643 infelix
1525 3595 1574 3643 et
1624 3588 1724 3643 sibi
1767 3588 1981 3660 placens
2024 3595 2148 3646 468.
