2436 4068
1073 233 1140 283 55

389 377 534 437 οὗτος
568 375 726 430 οἴεται
768 378 1107 444 περισπάσειν
1143 375 1151 435 Ι
1185 374 1461 444 κερμάτιον
1495 378 1687 431 αὐτοῦ.

162 465 495 535 Subiungam
527 463 612 518 his
640 463 940 535 fragmenta
968 462 1227 535 paucula,
1266 462 1358 518 uhi
1396 462 1621 518 lacunae
1650 463 1906 519 Codicum
1939 465 2072 520 satis

85 552 362 611 commode
388 552 624 624 suppleri
650 568 804 624 posse
836 550 1115 615 videntur,
1155 550 1311 622 quale
1333 559 1414 606 est
1448 551 1547 606 hoc
1579 551 1848 624 Epicratis
1877 550 2069 608 Athen.

88 642 232 698 XIII.
268 645 395 697 570.
436 642 476 694 B

386 731 485 790 τοὶς
525 728 622 793 μὲν
654 727 759 795 γὰρ
793 725 971 787 ἄλλας
1003 725 1109 784 ἔςιν
1143 727 1406 789 αὐλούσας
1437 729 1560 782 ἰδεῖν

387 816 702 883 αὐλητρίδας
747 813 928 875 πάσας
962 813 1292 875 ’Λπόλλωνος
1334 815 1518 881 νόμον,

1223 903 1347 964 Διὸς
1388 903 1574 969 νόμον,

387 993 549 1051 αὗται
583 991 637 1046 δὲ
679 989 830 1056 μόνον
867 992 1113 1045 αὐλοῦσιν
1148 990 1367 1059 Ἱέρακος
1409 991 1559 1056 νόμον
1582 1033 1594 1046 .

83 1084 332 1139 lacunam
374 1082 454 1135 sic
490 1078 837 1152 probabiliter
870 1077 1201 1149 expleveris:

383 1172 572 1237 Ἑρμοῦ
611 1166 763 1233 νόμον
786 1209 801 1231 ,
839 1167 1008 1227 Πανὸς
1038 1165 1188 1232 νόμον
1210 1208 1224 1231 ,
1264 1166 1387 1229 Διὸς
1419 1165 1598 1234 νόμον.

83 1275 220 1332 quae
253 1275 354 1313 cur
391 1256 690 1312 exciderint
726 1255 1072 1327 perspicuum
1113 1260 1211 1308 est.

156 1346 291 1402 Male
343 1347 644 1400 incrustata
692 1343 886 1398 lacuna
936 1348 990 1397 et
1019 1341 1371 1398 *dissimulata
1413 1343 1656 1398 numeris
1699 1342 1948 1415 pessimis
1991 1348 2075 1398 est

82 1432 225 1507 apud
249 1433 543 1509 ,Alexidem
587 1431 779 1486 Athen.
819 1430 909 1485 IV.
953 1434 1078 1485 155.
1120 1431 1178 1485 B.
1222 1431 1313 1485 ubi
1352 1432 1586 1486 maritus
1625 1449 1848 1487 uxorem
1887 1446 2076 1503 garru-

81 1521 188 1577 lam
228 1521 313 1578 his
349 1520 527 1576 verbis
565 1521 894 1575 insectatur:

921 1612 1011 1662 σοῦ
1050 1607 1093 1661 δ’
1135 1608 1238 1673 ἐγὼ
1275 1609 1560 1678 λαλιςέραν

379 1701 435 1753 οὐ
471 1697 672 1751 πώποτ’
711 1693 840 1750 εἶδον
875 1696 987 1751 οὐδὲ
1026 1698 1319 1764 κερκώπην,
1361 1698 1556 1762 γύναι,

383 1789 438 1840 οὐ
475 1786 694 1847 κίτταν,
735 1787 826 1839 οὐκ
856 1783 1048 1848 ἀηδόν’,
1091 1784 1211 1840 οὔτε
1251 1785 1478 1852 τρυγόν’,
1523 1788 1576 1839 οὐ
1636 1839 1639 1845 .

378 1873 606 1937 τέττιγα
632 1913 645 1927 .

79 1960 255 2017 Codex
293 1963 383 2016 οὐκ
423 1960 595 2023 ἀηδόν’
637 1963 692 2015 οὐ
732 1959 936 2028 τρυγόν’
977 1963 1031 2014 οὐ
1071 1960 1316 2025 τέττιγα.
1399 1961 1666 2015 Porsonus
1699 1959 1817 2015 οὔτε
1846 1957 2070 2028 τρυγόν’,

75 2053 131 2105 οὐ
180 2049 190 2123 Ι
230 2047 457 2113 τέττιγα
489 2048 750 2120 reposuit,
790 2046 1127 2112 adolescenS,
1168 2048 1383 2119 opinor;
1424 2065 1550 2103 nam
1584 2049 1678 2120 qui
1725 2047 1926 2102 summi
1968 2046 2072 2101 viri

75 2137 395 2193 Adversaria
417 2134 702 2191 ediderunt
720 2123 924 2204 χρύῖτεα
943 2135 1216 2203 χαλκείοις
1241 2137 1554 2191 intermixta
1576 2136 1857 2192 dederuut.
1900 2133 2069 2189 Nemo

75 2223 270 2280 melius
310 2240 475 2296 quam
520 2224 788 2278 Porsonus
833 2224 1035 2279 sentire
1080 2230 1290 2295 poterat
1331 2241 1493 2296 quam
1538 2232 1716 2280 essent
1759 2222 1970 2278 molesti
2011 2220 2068 2275 hi

75 2313 289 2368 numeri
322 2319 376 2367 et
413 2327 573 2383 quam
611 2312 982 2383 importunum
1026 2318 1166 2367 esset
1205 2313 1322 2368 οὔτε
1354 2314 1582 2368 caeteris
1622 2314 1905 2368 insertum.
1966 2311 2064 2367 Re-

75 2418 206 2457 voca
238 2400 373 2456 duas
415 2398 629 2454 voculas
670 2398 926 2471 fugitivas
964 2409 1017 2456 et
1057 2401 1258 2472 optime
1293 2400 1582 2472 procedent
1613 2402 1828 2457 omnia:

375 2491 429 2543 οὐ
470 2488 692 2551 κίτταν,
731 2491 820 2543 οὐκ
860 2487 1049 2554 ἀηδόν’,
1086 2491 1140 2543 οὐ
1181 2489 1467 2557 χελιδόνα,

376 2579 430 2630 οὐ
470 2574 694 2643 τρυγόν’,
733 2579 787 2631 οὐ
822 2575 1071 2642 τέττιγα.

77 2681 180 2719 non
231 2665 406 2737 potuit
451 2670 604 2735 poeta
651 2666 742 2727 τὴν
778 2666 1000 2728 κωτίλην
1032 2665 1284 2734 χελιδόνα
1329 2667 1383 2720 in
1426 2666 1525 2722 hoc
1569 2683 1731 2740 grege
1771 2667 1955 2721 avium
1992 2664 2065 2720 lo·

73 2753 327 2826 quacium
350 2754 626 2815 omittere,
662 2769 823 2823 quam
845 2753 1012 2807 solam
1035 2754 1340 2810 nominasse
1362 2762 1478 2810 erat
1514 2757 1662 2811 satiS.
1747 2753 1827 2809 Ad
1865 2754 2066 2809 Aristo-

75 2839 267 2914 phanis
307 2857 495 2896 versus
536 2842 588 2895 in
623 2839 825 2895 Avibus
867 2844 939 2896 59
979 2859 1094 2914 sqq.

374 2931 416 2982 οἱ
457 2930 553 2994 μὲν
593 2928 699 2996 γαρ
735 2926 818 2983 οὖν
858 2929 1102 2995 τέττιγες
1142 2927 1232 2984 ἕνα
1265 2933 1386 2997 μῆν’
1427 2931 1455 2996 ἢ
1497 2932 1583 2989 δύο

375 3018 460 3071 ἐπὶ
502 3022 600 3071 τῶν
639 3017 830 3084 κραδῶν
865 3018 1059 3088 ᾄδουσ’,
1100 3019 1356 3082 Ἀθηναῖοι
1397 3020 1440 3075 δ’
1482 3021 1566 3076 αἐί

379 3105 463 3159 ἐπὶ
505 3106 605 3158 τῶν
645 3105 790 3159 δικῶν
826 3106 1002 3176 ᾄδουσι
1044 3106 1225 3162 πάντα
1263 3108 1350 3163 τὸν
1387 3108 1537 3174 βίον.

74 3194 331 3266 antiquus
380 3199 433 3247 et
477 3191 667 3247 doctus
715 3193 1115 3250 Grammaticus
1155 3196 1467 3252 annotavit:
1522 3196 1668 3265 παρὰ
1717 3201 1868 3251 τοῦτο
1909 3197 1995 3251 καὶ
2038 3196 2062 3249 ὅ

76 3283 319 3347 Φιλήμων
348 3300 359 3311 ·

377 3372 405 3433 ἡ
446 3371 542 3434 μὲν
574 3370 795 3436 χελιδὼν
836 3371 894 3425 τὸ
943 3370 1106 3440 θέρος,
1147 3371 1183 3428 ὦ
1222 3373 1418 3439 γύναι,
1460 3378 1654 3428 λαλεῖ.

74 3458 483 3530 ροιιιίιορῑίῐηε
503 3457 567 3513 de
607 3474 704 3514 suo
733 3475 795 3513 ea
828 3457 1030 3516 dixisse
1071 3461 1348 3517 Philemon
1371 3503 1386 3527 ,
1428 3477 1565 3533 quae
1604 3459 1671 3516 ab
1705 3456 2061 3530 Aristophane

75 3545 333 3600 sumsisse
376 3544 607 3611 dicitur,
646 3555 701 3602 et
734 3553 985 3619 pervetus
1017 3555 1129 3613 est,
1177 3556 1238 3604 ut
1276 3548 1516 3612 videtur,
1561 3546 1896 3603 eruditorum
1938 3562 2061 3601 con-

74 3631 335 3696 suetudo,
396 3651 500 3705 qua
554 3634 723 3690 solent
777 3652 913 3706 quac
955 3636 1153 3692 similia
1205 3638 1312 3692 sint
1363 3654 1425 3692 ox
1479 3636 1779 3692 imitatione
1826 3631 2063 3707 prosecta

1721 3730 1739 3759 3
