2436 4068
1333 218 1439 267 516

397 366 701 437 opinantur.
784 360 1046 431 Equidem
1077 375 1300 414 excussa
1336 359 1624 430 diligenter
1660 360 1805 413 omni
1837 360 2108 433 farragine
2141 364 2368 435 scriptu-

397 470 610 517 rarum,
651 466 787 522 quae
821 465 882 503 ex
905 447 1026 500 Cod.
1050 446 1084 501 S
1106 454 1387 519 excerptae
1409 454 1564 511 sunt,
1605 464 1794 502 maneo
1814 449 1866 502 in
1890 458 2069 505 vetere
2105 454 2368 506 sententia

396 541 546 595 illum
601 538 845 592 Codicem
888 536 1042 606 longe
1083 535 1344 606 longeque
1384 536 1625 589 omnium
1667 537 1760 607 qui
1806 553 1950 592 nunc
1991 546 2200 593 exstent
2239 541 2372 610 opti-

397 645 544 683 mum
585 633 638 680 et
681 625 1051 678 fidelissimum
1093 629 1286 676 testem
1326 640 1470 687 esse,
1509 623 1601 677 sed
1646 640 1710 678 ex
1751 640 1812 677 ea
1850 642 1908 678 re
1947 627 2140 681 melius
2181 626 2372 680 confici

393 733 553 788 quam
595 714 704 768 sint
759 713 958 766 caeteri
995 728 1180 765 omnes
1213 712 1391 764 vitiosi
1426 727 1586 782 quam
1631 712 1802 782 ipsius
1844 712 1879 766 S
1915 714 2282 784 integritatem
2320 722 2374 768 et

392 804 548 858 fidem
592 818 687 873 per
739 817 794 854 se
848 806 1144 871 spectatam
1184 799 1410 854 laudari.
1491 798 1607 852 Non
1647 806 1726 853 est
1762 800 2016 870 peccandi
2058 819 2227 871 genus
2269 819 2373 872 quo

392 893 427 947 S
466 908 571 944 non
625 887 981 952 deformetur,
1035 894 1087 941 et
1138 888 1192 940 in
1240 887 1325 941 his
1364 886 1642 958 complura
1696 894 1822 940 sunt
1878 887 2019 966 unde
2071 889 2372 944 scribarum

389 980 550 1034 stulta
583 985 636 1032 et
658 975 872 1029 indocta
913 975 1190 1029 temeritas
1230 976 1408 1046 potius
1443 991 1602 1046 quam
1645 974 1887 1029 socordia
1922 983 1976 1029 et
2016 977 2226 1030 incuria
2267 977 2373 1048 pel-

388 1069 637 1129 luceant‚
678 1065 772 1135 qui
817 1063 1019 1130 θοὲτερος
1068 1063 1257 1131 θατέρῳ
1307 1064 1383 1117 nil
1420 1063 1548 1117 mali
1601 1064 1937 1134 suspicantes
1978 1063 2275 1125 dederunt,
2319 1072 2373 1118 et

385 1158 509 1218 τέως
532 1156 733 1227 passim
758 1170 852 1224 pro
889 1150 1011 1216 ἕως,
1049 1158 1099 1205 et
1136 1152 1424 1219 δημήτραν,
1465 1151 1824 1218 ἐξομνύεσθαι,
1861 1153 2254 1218 καθεςαμὲνοις,
2296 1155 2373 1207 δε-

388 1246 614 1313 δέχατε,
671 1240 975 1310 similiaque
1023 1238 1155 1303 alia,
1210 1240 1263 1292 in
1321 1239 1517 1310 quibus
1570 1246 1650 1294 est
1703 1238 1954 1310 frequens
2007 1239 2139 1294 illud
2192 1243 2371 1313 ipsum

387 1332 681 1395 mendum,
741 1329 805 1382 de
864 1344 968 1399 quo
1030 1328 1259 1398 agimus.
1343 1328 1543 1399 Nempe
1598 1328 1691 1382 ubi
1750 1326 2134 1383 Demosthenes
2193 1330 2371 1395 ὤμοσα

388 1422 467 1476 vel
509 1417 790 1487 ὦμοσάμην
831 1415 1073 1479 dixerat,
1125 1417 1214 1469 isti
1253 1417 1465 1486 saepius
1503 1417 1818 1482 ὡμολόγησα
1855 1422 1906 1468 et
1950 1417 2370 1484 ὦμολογησάμην

388 1510 551 1565 stulte
589 1505 960 1568 substituunt,
1003 1511 1064 1557 ut
1103 1505 1218 1575 ipse
1252 1503 1560 1559 Dindorfius
1600 1505 1811 1576 primus
1848 1505 2090 1559 omnium
2133 1506 2371 1560 animad-

388 1598 551 1654 vertit
600 1602 653 1650 et
700 1593 885 1665 paucis
937 1591 1196 1663 exemplis
1236 1591 1468 1645 ostendit
1511 1592 1576 1646 ad
1622 1609 1741 1664 pag.
1779 1594 1953 1654 1170,
1997 1597 2061 1648 14
2103 1594 2370 1662 μάρτυρας

390 1679 974 1750 ἐποιησάμεθα-τοὺς
1010 1681 1180 1745 θεοὺς,
1220 1677 1302 1740 οὓς
1345 1680 1694 1746 ὠμόσσαμεν
1734 1682 2020 1745 ἀλλήλοις,
2060 1681 2154 1735 11111
2190 1699 2370 1748 neme,

388 1783 449 1830 ut
469 1774 684 1845 opinor,
725 1786 790 1824 ex
828 1767 950 1821 Cod.
979 1767 1029 1823 S.
1071 1769 1487 1834 ὡμολογήσαμεν
1525 1770 1778 1840 recipiet,
1821 1772 1914 1819 aut
1941 1772 2117 1836 1170,
2162 1773 2231 1825 24
2274 1779 2368 1825 aut

387 1867 530 1919 1052
552 1904 563 1922 ‚
592 1864 658 1914 18
700 1858 1128 1924 ὁμολογήσαντας
1169 1874 1264 1928 pro
1299 1856 1620 1922 ὀμόσαντας,
1653 1863 1747 1910 aut
1791 1856 1965 1920 1269,
2001 1861 2071 1911 26
2110 1860 2365 1924 ὁμολογῆ-

385 1972 471 2007 σαι
513 1965 611 2022 pro
649 1946 858 2012 ὀμόσαι,
912 1952 1005 1999 aut
1048 1949 1192 2008 578,
1242 1949 1310 1998 19
1359 1943 1838 2010 ἐξωμολογησάμην
1877 1960 1972 2014 pro
2011 1946 2368 2012 ἐξωμοσάμην.

387 2040 466 2096 Ad
520 2039 657 2092 lianc
698 2035 873 2089 lucem
928 2032 1083 2088 facile
1123 2033 1418 2105 perspicies
1460 2033 1650 2104 quanti
1691 2034 1758 2087 sit
1807 2033 2050 2092 facienda
2100 2036 2371 2106 scriptura

384 2126 760 2195 ὡμολόγησε
802 2123 895 2184 την
933 2123 1123 2189 εἰρήνην
1155 2139 1250 2193 pro
1287 2121 1470 2184 ὤμοσε.
1554 2120 1727 2176 Simul
1762 2123 2031 2196 intelliges
2072 2123 2214 2196 apud
2249 2123 2368 2177 Dio-

385 2233 574 2289 genem
616 2214 791 2267 Laert.
834 2209 898 2263 Il.
944 2214 1046 2264 40:
1101 2212 1130 2273 ἦ
1165 2210 1207 2263 δ’
1247 2209 1548 2275 ἀντωμοσία
1586 2217 1678 2272 τῆς
1718 2211 1856 2273 δίκης
1903 2217 2080 2267 τοῦτον
2126 2209 2243 2279 εἶχε
2282 2213 2369 2266 τὸν

383 2305 589 2374 τρόπον.
632 2300 981 2355 ἀνάκειται
1021 2298 1127 2365 γάρ
1154 2297 1228 2350 ἔτι
1265 2298 1352 2350 καὶ
1387 2301 1471 2350 νῦν
1513 2297 1661 2371 (φησὶ
1703 2300 2014 2373 Φαβωρῖνος)
2048 2303 2099 2354 ἐν
2138 2301 2208 2369 τῷ
2248 2308 2367 2362 Μη-

385 2393 536 2463 τρῴῳ.
616 2387 762 2443 Τάδε
801 2385 1077 2454 ἐγράψατο
1121 2386 1206 2440 καὶ
1248 2386 1870 2451 ἀνθωμολογήσατο
1909 2389 2151 2452 Μέλητος
2188 2390 2370 2452 Μελή-

384 2503 474 2538 του
513 2477 731 2538 Πιτθεύς
772 2477 880 2528 κτὲ.
940 2475 1054 2528 sine
1095 2473 1206 2528 ulla
1244 2473 1578 2527 dubitatione
1616 2475 1956 2540 ἀντωμόσατο
1998 2495 2093 2549 pro
2139 2476 2369 2531 ridicula

384 2570 613 2626 lectione
651 2563 1119 2628 ἀνθωμολογήσατο
1173 2579 1289 2616 esse
1329 2560 1786 2618 substituendum.
1869 2564 2144 2637 Adscripsi
2199 2572 2251 2618 et
2287 2581 2368 2620 re·

384 2661 530 2730 liqua
570 2662 631 2709 ut
672 2652 844 2707 obiter
873 2650 1218 2704 admonerem
1261 2649 1635 2720 corrigendum
1681 2667 1822 2705 esse:
1876 2659 2108 2708 Κεῖται
2146 2654 2252 2721 γὰρ
2293 2653 2367 2708 ἔτι

387 2748 472 2802 καὶ
508 2748 592 2799 νῦν
626 2744 677 2795 ἐν
706 2741 776 2808 τῷ
812 2738 1073 2808 Μητρῴῳ,
1113 2755 1217 2792 11011
1252 2738 1555 2802 ἀνάκειται,
1597 2739 1700 2792 nisi
1742 2738 1878 2795 forte
1916 2735 2177 2808 ἀνάθημα
2202 2741 2369 2796 fuisse

387 2832 600 2907 putabis
635 2830 727 2891 την
761 2828 1104 2894 ἀντωμοσίαν.

463 2918 566 2975 Sed
615 2916 806 2971 addam
852 2915 1078 2971 alterum
1123 2914 1428 2986 exemplum
1477 2913 1648 2968 futuri
1688 2913 1875 2982 ἄπειμι
1912 2934 1977 2972 ex
2023 2918 2239 2972 inscitia
2279 2917 2368 2972 de-

387 3007 610 3083 pravati.
666 3004 918 3074 Legitur
954 3005 1008 3057 in
1046 3003 1253 3067 libello,
1294 3004 1388 3075 qui
1420 3009 1675 3058 Γυναικῶν
1711 3006 1924 3070 Ἀρεταί
1960 3005 2279 3060 inscribitur
2316 3012 2369 3060 et

385 3101 442 3154 in
496 3091 831 3150 Plutareheis
870 3090 1282 3155 circumfertur,
1336 3091 1428 3146 sed
1470 3093 1704 3163 scriptus
1744 3100 1827 3146 est
1867 3094 2105 3147 oratione
2153 3099 2206 3147 et
2246 3093 2368 3147 stilo

385 3184 556 3241 multo
599 3179 850 3235 nitidiore
890 3186 942 3232 et
996 3178 1320 3249 elegantiore
1363 3196 1523 3250 quam
1567 3195 1674 3250 qua
1715 3179 2038 3234 Plutarchus
2082 3181 2159 3234 uti
2214 3180 2366 3235 solet.

386 3275 447 3330 In
488 3289 548 3326 eo
590 3269 726 3323 libro
766 3284 815 3338 p.
853 3270 979 3320 252.
1021 3269 1082 3320 A.
1133 3267 1314 3320 editur·
1359 3268 1680 3335 προσέταττε
1730 3267 1955 3333 πέμπειν
2003 3269 2088 3322 καὶ
2137 3268 2365 3338 γράφειν

386 3361 554 3421 αὐτὰς
595 3365 699 3418 τοῖς
733 3354 972 3423 ἀνδράσιν
1004 3351 1138 3414 ὅπως
1171 3354 1445 3408 ἀπίωσιν
1480 3356 1536 3408 ἐκ
1565 3362 1658 3417 τῆς
1689 3351 1893 3422 χώρας,
1935 3356 2026 3411 Sed
2056 3354 2190 3417 ὅπως
2220 3357 2366 3411 ἀπί-

386 3469 524 3505 ασιν
565 3445 798 3500 arbitror
837 3459 951 3497 esse
981 3440 1392 3495 emendandum.

463 3535 645 3590 Multis
690 3534 850 3586 etiam
893 3547 1039 3585 nunc
1081 3528 1288 3584 mendis
1339 3530 1719 3603 erroribusque
1758 3531 2058 3586 scribarum
2113 3532 2362 3586 suavissi-
2432 3517 2435 3590 s

388 3642 508 3680 mus
546 3622 634 3677 ille
674 3621 810 3676 liber
859 3617 1280 3675 commaculatus
1323 3626 1431 3684 est,
1487 3619 1552 3674 de
1593 3619 1787 3691 quibus
1839 3637 1982 3675 nunc
2025 3620 2201 3675 dicere
2262 3635 2364 3673 non
2430 3659 2436 3672 .
