2436 4068
1338 209 1444 259 682

405 382 435 415 κ
449 358 700 428 ροέτους.
744 356 829 423 ἐφ’
871 349 906 420 ᾧ
946 351 1475 416 διαγανακτήσαντας
1514 351 1630 413 τοὺς
1673 357 1985 421 περιεςῶτας
2024 354 2253 420 ἐκδιῶξαι
2288 361 2382 413 αὖ·

403 448 505 503 τόν.
585 446 771 515 Itaque
811 441 1057 513 An'ytuS,
1098 440 1120 492 ὃ
1161 440 1525 507 ἐςρατηγηκώς
1549 482 1563 505 ,
1602 439 1855 495 liberator
1897 443 2137 512 patriae,
2179 445 2379 499 civium

403 551 547 589 unus
586 531 828 586 omnium
869 545 992 582 cum
1049 527 1382 600 Thrasybulo
1422 534 1476 582 et
1526 527 1713 599 opibus
1754 536 1807 583 et
1849 529 2027 600 populi
2079 532 2252 600 gratia
2293 550 2382 604 po-

402 620 781 681 tentissimuS,
837 616 975 670 serio
1016 621 1271 668 narratur
1311 615 1364 668 in
1418 615 1639 669 exilium
1695 615 1880 687 pulsus
1933 634 2048 671 esse
2091 636 2122 672 a
2160 619 2386 690 quibus·
2415 630 2431 686 ἢ

405 709 559 770 dam,
619 706 710 777 qui
751 703 887 758 sorte
936 702 1394 766 circumstabant,
1436 721 1601 774 quum
1641 721 1764 758 eum
1815 705 2163 760 Antisthenes
2205 708 2256 762 in
2297 708 2384 762 via

402 795 614 869 publiea
655 792 894 847 mordaci
945 791 1088 845 dicto
1138 791 1558 862 perstrinxisset.
1639 791 1792 846 Haud
1834 793 1946 846 vidi
2002 795 2192 864 magis,
2273 795 2383 849 Hoc

400 900 527 939 vero
561 889 642 937 est
685 907 706 930 »
717 881 930 954 fabulas
960 881 1140 951 pueris
1174 897 1430 943 narrare,
1470 898 1572 934 non
1616 879 1885 935 historiam
1930 882 2211 935 scribere.''
2431 866 2436 898 ³·

475 972 590 1027 Non
631 970 870 1024 melioris
911 975 1066 1023 notae
1105 975 1232 1022 sunt
1269 974 1510 1022 caeterae
1550 967 1794 1032 fabulae,
1837 986 1933 1023 nec
1969 986 2125 1024 verae
2161 986 2258 1024 nec
2296 988 2384 1026 ve·
2429 955 2436 999 ἕ

400 1062 479 1117 ris
518 1059 738 1114 similes,
820 1057 951 1124 Quis
1005 1074 1109 1111 non
1171 1055 1446 1110 subrideat
1486 1056 1552 1110 ad
1590 1056 1841 1126 Diogenis
1879 1058 2078 1112 Laertii
2120 1059 2381 1113 narratio·
2426 1047 2436 1110 s

403 1167 529 1205 nem
569 1148 633 1203 II.
686 1152 774 1202 45.
835 1147 1088 1208 Ἀθηναῖοι
1145 1146 1187 1199 δ’
1247 1146 1390 1206 εὐθὺς
1447 1145 1819 1212 μετέγνωσαν,
1878 1144 1974 1204 ὥςε
2031 1154 2236 1201 κλεῖσαι
2294 1147 2380 1202 καὶ

404 1238 706 1304 παλαίςρας
759 1235 846 1289 καὶ
907 1231 1196 1300 γυμνασια.
1291 1231 1552 1287 Credebat
1606 1233 1831 1288 sortasse
1882 1234 1936 1287 in
1990 1234 2130 1288 luctu
2178 1236 2385 1307 publico

402 1323 710 1380 istiusmodi
753 1321 881 1394 quid
923 1322 1039 1376 fieri
1077 1320 1314 1375 solitum.
1396 1321 1548 1387 Quod
1597 1321 1662 1376 de
1707 1321 1911 1377 balneis
1951 1322 2180 1393 publicis
2219 1340 2381 1395 supra
2425 1301 2436 1378 l

400 1432 466 1470 ex
499 1411 786 1467 Plutarcho
826 1411 1109 1465 attulimus
1141 1410 1302 1464 etiam
1339 1407 1585 1464 festivius
1624 1416 1720 1464 est.
1801 1412 2042 1484 Anytus,
2084 1412 2129 1463 si
2170 1411 2378 1466 Plutar-
2426 1406 2436 1470 ,ζ

401 1502 502 1556 cho
543 1500 846 1564 credimus,
895 1515 999 1552 non
1036 1504 1117 1551 est
1156 1514 1184 1551 e
1222 1498 1439 1551 civitate
1480 1500 1719 1562 eiectus,
1763 1516 1867 1552 non
1912 1498 1977 1553 ab
2018 1500 2380 1554 Heracleensi-
2426 1491 2431 1501 ¹

400 1591 502 1646 bus
542 1595 799 1652 necatuS‚
853 1586 945 1642 sed
983 1584 1269 1651 ἀπήγξατο
1310 1589 1364 1641 οὐ
1412 1586 1577 1654 φέρων
1615 1590 1674 1642 τὸ
1726 1595 1894 1654 μῖσος.
1975 1588 2151 1642 Etiam
2195 1605 2255 1642 ex
2299 1589 2384 1643 his
2427 1614 2431 1630 τ

401 1677 707 1734 luculenter
764 1682 983 1747 apparet
1039 1678 1104 1736 ὡς
1160 1674 1337 1743 σαθρόν
1391 1675 1466 1732 ἐςι
1518 1677 1676 1745 φύσει
1727 1680 1833 1731 πᾶν
1893 1673 1924 1730 δ’
1977 1697 2027 1731 τι
2084 1677 2149 1731 ἂν
2206 1677 2280 1744 μὴ
2326 1676 2385 1742 ἐξ
2428 1671 2436 1750 {³

398 1767 645 1830 ἀληθείας
686 1763 714 1834 ᾖ
755 1765 1109 1830 συγκείμενον.

475 1857 688 1928 Anytus
735 1860 914 1907 autem
957 1867 1283 1923 quamquam
1345 1867 1517 1922 neque
1570 1851 1850 1923 suspendit
1891 1869 2007 1907 sese
2047 1860 2264 1924 propter
2305 1854 2378 1907 ci·
2420 1879 2427 1899 .-

395 1945 546 1998 v—ium
597 1942 812 2006 odium,
866 1957 1039 2012 neque
1081 1939 1366 1994 Heracleae
1419 1939 1686 2010 lapidibus
1740 1947 1821 1995 est
1878 1940 2142 2004 obrutus,
2205 1958 2378 2012 neque
2420 1938 2429 2008 ζ

396 2030 734 2088 Antisthenis
788 2047 945 2102 opera
984 2031 1036 2083 in
1088 2029 1308 2083 exilium
1353 2029 1556 2082 eiectus
1598 2037 1712 2092 est,
1767 2036 1949 2083 tamen
1990 2045 2156 2100 quum
2209 2030 2378 2083 Xeno·
2416 2019 2430 2081 ζ’τῙ

396 2120 539 2193 phun
594 2111 1045 2174 Memorabilibus'
1075 2117 1310 2171 Socratis
1368 2117 1612 2171 ultimam
1676 2134 1896 2171 manum
1955 2118 2252 2189 imponeret
2292 2118 2378 2172 διὰ

399 2211 492 2270 την
544 2211 633 2262 τοῦ
685 2209 791 2260 υἱοῦ
841 2208 1060 2274 πονηροὶν
1106 2206 1346 2260 παιδείαν
1396 2207 1481 2260 καὶ
1535 2206 1620 2260 δια
1660 2207 1752 2268 την
1795 2209 1954 2261 αὐτοῦ
2014 2206 2381 2271 ἀγνωμοσύνην
2414 2195 2425 2275 ³3

399 2296 476 2350 ἔτι
516 2296 602 2350 καὶ
646 2296 1025 2356 τετελευτηκὼς
1066 2294 1335 2361 ἐτύγχανε
1376 2293 1696 2357 κακοδοξίας.
1775 2295 2010 2348 Putasne
2063 2293 2377 2364 Xenophon·
2422 2295 2427 2343 ἑ

400 2391 510 2440 tem
548 2400 714 2455 quum
755 2383 886 2437 haec
927 2381 1185 2436 scriberet
1225 2389 1278 2436 et
1326 2382 1491 2454 Anyti
1533 2388 1732 2436 sortem
1782 2398 1905 2435 cum
1963 2381 2197 2436 Socratis
2237 2399 2380 2436 com·

398 2479 650 2546 poneret,
692 2471 757 2525 de
797 2471 960 2544 Anyti
997 2469 1156 2524 exilio
1196 2476 1289 2524 aut
1327 2469 1634 2524 calamitate
1675 2469 2003 2524 inaudivisse
2042 2469 2379 2541 quidquam?
2414 2467 2423 2511 ’ἶ

398 2562 593 2615 Contra
649 2560 885 2614 Socratis
929 2557 1115 2612 laudes
1170 2557 1352 2612 sedulo
1406 2558 1564 2612 multi
1598 2565 1656 2613 et
1697 2559 2034 2614 sermonibus
2071 2565 2124 2612 et
2160 2558 2425 2637 scriptis

398 2648 877 2713 concelebrabant,
927 2654 1147 2718 eratque
1200 2663 1430 2717 magnus
1478 2664 1737 2701 numerus
1784 2652 1881 2702 τῶν
1935 2649 2160 2702 ἐπαινεῖν
2219 2649 2374 2702 αὐτὸν
2420 2679 2424 2694 «

397 2738 720 2804 εἰθισμένων,
773 2743 835 2790 ut
874 2735 1159 2789 Isocratem
1216 2734 1371 2788 modo
1430 2735 1735 2789 audivimus
1783 2735 2087 2798 dicentem,
2148 2735 2377 2790 Socrati·

402 2843 588 2881 corum
627 2841 835 2879 osorem
870 2832 923 2878 et
949 2831 1351 2878 contemtorem.
1434 2823 1521 2878 Sic
1558 2825 1726 2894 igitur
1779 2823 2065 2895 Xenophon
2102 2824 2257 2877 Mem.
2288 2823 2417 2882 IV.

399 2932 476 2969 111.
520 2918 572 2966 2.
627 2914 929 2967 rectissime
968 2913 1142 2983 potuit
1182 2911 1393 2966 dicere:
1454 2912 1605 2967 ἄλλοι
1646 2913 1741 2978 μὲν
1782 2911 1863 2967 οὖν
1915 2914 2054 2981 αὐτῷ
2106 2914 2227 2980 πρὸς
2279 2911 2374 2966 ἄλ·

399 3015 519 3063 λους
558 2998 735 3060 οὕτως’
764 3003 1024 3066 ὁμιλοῦντι
1066 2981 1473 3068 παραγενῗμενοι
1530 3003 1976 3066 διηγοῦνται,
2032 3002 2133 3065 ἐγὼ
2188 3001 2239 3053 δὲ
2288 2999 2374 3054 ὅτε
2402 3008 2417 3063 2}

397 3090 519 3158 πρὸς
560 3089 854 3154 Εὐθύδημον
893 3088 1061 3142 τοιοίδε
1102 3089 1363 3153 διελέγετο
1401 3089 1799 3156 παρεγενόμην,
1844 3088 1933 3141 ubi
1974 3089 2267 3152 διηγοῦνται
2310 3087 2375 3140 de

403 3178 799 3233 Socraticorum
842 3177 1048 3246 scriptis
1086 3179 1259 3248 magis
1299 3194 1457 3248 quam
1499 3177 1565 3232 de
1607 3176 1942 3232 sermonibus
1983 3162 2417 3247 accipiendum-{fi

403 3268 558 3322 Nunc
597 3265 663 3319 ad
704 3265 910 3336 reliqua
951 3271 1181 3318 transeo,
2403 3270 2436 3321 J

477 3354 796 3410 Rectissime
838 3352 1177 3422 Hirschigius
1218 3352 1497 3406 admonuit
1536 3354 1590 3406 in
1626 3352 1714 3406 IV.
1757 3370 1825 3406 IV.
1874 3358 1957 3406 11.
2015 3355 2163 3416 δῆλος
2203 3350 2253 3406 εἴ
2287 3351 2413 3406 και,

402 3449 487 3499 νῦν
521 3443 826 3512 διαφεύγειν
875 3443 1120 3508 ἐγχειρῶν
1166 3442 1222 3496 τὸ
1277 3441 1665 3494 ἀποδείκνυσθαι
1707 3442 1914 3508 γνώμην
1969 3439 2023 3512 [δ’
2067 3462 2116 3495 τι
2158 3440 2398 3507 νομίζεις.

403 3535 461 3588 τὸ
500 3533 749 3601 δίκαιον],
802 3529 1062 3584 emblema
1101 3545 1218 3583 esse
1268 3527 1655 3592 resecandum,
1711 3546 1944 3601 namque
1993 3528 2239 3600 Hippiam
2291 3543 2371 3582 re·
2434 3529 2436 3581 ζ

403 3622 607 3692 spicere
646 3619 785 3691 quod
823 3617 981 3690 paulo
1015 3623 1137 3674 ante
1182 3616 1388 3673 dixerat
1442 3620 1469 3686 §
1510 3621 1558 3672 9.
1603 3619 1751 3686 οέρκεῖ
1804 3619 1909 3686 γὰρ
1953 3615 2027 3672 ὅτι
2065 3619 2161 3671 τῶν
2196 3614 2370 3671 ἄλλων
