2436 4068
1034 190 1139 239 545

100 334 193 389 sed
229 335 275 387 si
318 334 442 388 talia
483 333 775 397 disserere,
816 331 995 404 qualia
1033 333 1156 386 istic
1196 330 1442 387 Socrates
1482 331 1547 387 de
1588 332 1923 404 providentia
1963 334 2071 389 dis-

96 429 279 494 putat,
325 430 408 475 est
440 422 551 488 περὶ
599 426 826 490 φυσικῶν
870 420 1236 485 διαλέγεσθαι,
1271 437 1491 483 omneS,
1532 427 1592 474 ut
1636 421 1858 491 opinor,
1899 421 2070 478 bomi-

98 527 192 564 nes
234 511 286 563 in
329 509 682 581 Physicorum
722 525 1011 563 numerum
1052 510 1257 562 erimus
1295 507 1579 563 referendi.

172 598 251 651 Ex
310 597 546 652 Platonis
586 598 695 651 vita
752 613 914 669 unam
970 603 1183 650 tantum
1242 595 1706 652 narratiunculam
1765 598 2070 669 attingam,
2132 664 2134 667 f

0 746 2 749 ,
100 686 352 757 qnoniam
410 688 526 739 sine
578 683 817 755 exemplo
870 683 1123 737 iocularis
1174 691 1255 737 est
1312 690 1366 737 et
1419 700 1526 738 una
1585 685 1824 740 omnium
1873 688 2074 758 optime

99 772 467 828 incredibilem
510 771 742 825 hominis
774 772 1011 838 ἀκρισίαν
1052 778 1105 825 et
1141 777 1413 841 stuporem
1455 774 1654 841 arguit.
1733 774 1959 844 Legitur
1982 774 2072 829 111.

0 884 4 885 ⁷
98 865 190 915 21.
251 861 295 934 (ὅ
339 858 585 932 Πλοὶτων)
627 860 746 926 πρὸς
786 860 873 913 τὸν
919 860 1149 927 νεώτερον
1189 857 1279 922 ἧκε
1325 861 1582 914 Διονύσιον
1629 863 1783 917 αἰτῶν
1828 871 1929 928 γῆν
1983 863 2071 918 καὶ

97 951 383 1016 ἀνθρώπους
411 950 528 1010 τοὺς
566 949 711 1002 κατὰ
750 948 842 1009 τὴν
868 948 1142 1002 Πολιτείαν
1182 949 1341 1001 αὐτοῦ
1380 946 1701 1013 ζησομένους.
1744 951 1767 1003 o‘
1801 952 1850 1005 δὲ
1886 953 2073 1020 καίπερ

0 1055 4 1063 ’
97 1037 449 1104 ὑποσχόμενος
507 1038 597 1091 οὐκ
656 1037 905 1098 ἐποίησεν.
1003 1036 1146 1090 Haec
1205 1035 1293 1088 ille
1348 1034 1481 1088 bona
1538 1035 1640 1090 fide
1707 1044 1761 1091 et
1819 1040 1957 1093 serio
2017 1042 2070 1095 in

95 1124 518 1179 Commentarios
558 1124 762 1178 retulit.
843 1123 981 1178 Sunt
1028 1122 1159 1179 haec
1200 1122 1546 1184 huiusmodi,
1591 1131 1652 1177 ut
1703 1124 1924 1180 verbum
1968 1145 2073 1182 non

96 1213 328 1285 amplius
368 1215 440 1268 sit
484 1212 807 1267 addendum.

173 1301 234 1355 In
275 1301 386 1355 vita
427 1300 794 1372 Xenophontis
847 1301 1084 1371 primum
1139 1299 1309 1353 risum
1371 1306 1548 1353 movet
1594 1299 1735 1370 quod
1767 1301 1833 1356 ΙΙ.
1877 1306 1952 1356 48
1992 1321 2075 1376 sq.

100 1396 285 1443 narrat
323 1388 389 1443 de
437 1388 786 1459 Xenophonte
834 1388 1059 1442 Cliniam
1102 1387 1428 1459 depereunte
1469 1404 1534 1442 ex
1585 1387 1843 1460 Aristippi
1897 1393 2078 1447 nescio

96 1479 254 1534 cuius
293 1476 468 1530 libello
505 1477 616 1543 περὶ
654 1479 894 1536 παλαιοῖς
935 1482 1166 1544 τρυφῆς,
1210 1475 1352 1530 unde
1394 1483 1446 1530 et
1482 1475 1584 1530 alia
1625 1475 1796 1531 multa
1829 1495 1935 1533 non
1975 1483 2074 1535 mi·

97 1583 202 1622 nus
248 1565 385 1620 levia
437 1563 662 1619 subinde
715 1564 927 1618 sumsit.
1008 1564 1273 1635 Compone
1320 1563 1455 1617 mihi
1497 1564 1656 1619 verba
1708 1566 2076 1639 Xenophontis

95 1657 152 1709 in
189 1653 433 1727 SympoS.
475 1652 563 1707 lv.
611 1656 698 1707 12.
755 1668 879 1706 cum
931 1652 1191 1724 Aristippi
1227 1653 1571 1716 narratione,
1612 1660 1667 1708 et
1725 1655 1816 1708 isti
1870 1655 2077 1712 homini

95 1742 388 1815 quidquam
443 1740 663 1796 credere
713 1739 943 1795 desines,
1035 1740 1095 1795 ln
1156 1741 1223 1794 iis
1275 1757 1411 1811 quae
1467 1757 1531 1795 ex
1586 1741 1819 1796 Anabasi
1877 1747 2078 1801 sumsit

95 1831 266 1886 multa
317 1836 446 1884 sunt
489 1829 723 1883 levitatis
769 1835 823 1883 et
880 1829 1196 1883 oscitantiae
1253 1827 1607 1893 documenta,
1666 1830 1831 1885 veluti
1871 1832 1938 1887 11.
1983 1839 2072 1891 50.

96 1921 308 1974 καὶτοῦ
350 1916 591 1984 Προξένου
630 1918 787 1985 φίλος
836 1919 938 1984 οὐχ
990 1913 1138 1977 ἦττον
1180 1914 1235 1980 ἦν
1276 1917 1452 1984 αὐτῷ,
1510 1923 1563 1972 et
1611 1919 1752 1990 quod
1801 1920 1866 1976 de
1917 1923 2073 1994 Apol.

95 2007 272 2063 lonide
313 2013 534 2068 narrat,
590 2007 680 2060 cui
738 2004 1030 2076 Xenophon
1082 2003 1300 2072 ὀνειδίζει
1359 2008 1630 2071 τετρῆσθαι
1684 2009 1756 2062 τοὶ
1813 2007 1958 2075 ὦτα,
2019 2021 2073 2067 et

97 2113 232 2169 quas
270 2101 658 2150 commemorat
691 2093 1300 2160 παρασπονδήσεις
1337 2092 1559 2159 Σεύθου,
1599 2102 1653 2150 et
1693 2096 1834 2167 quod
1873 2099 1920 2152 ei
1944 2098 2074 2154 dici-

95 2192 188 2250 tur
226 2181 515 2254 Xenophon
559 2183 768 2237 venisse
806 2185 878 2243 εἷς
919 2182 1103 2236 Ἀσίαν
1144 2181 1302 2248 πρὸς
1356 2183 1782 2247 Ἀγησίλαον
1833 2187 1920 2240 τὸν
1957 2197 2074 2243 Λα-

92 2273 416 2338 κεδαιμονίων
468 2271 702 2337 βασιλέα
758 2273 936 2336 μισθοῦ
976 2270 1094 2331 τοὺς
1143 2269 1302 2336 Κύρου
1358 2271 1646 2336 ςρατιώτας
1700 2275 1841 2342 αὐτῷ
1902 2296 2074 2344 παρα-

90 2363 268 2430 σχών,
322 2365 377 2414 et
427 2358 569 2429 quod
621 2358 812 2414 scribit.
852 2358 919 2413 Π.
962 2363 1049 2412 51.
1105 2357 1191 2411 καὶ
1233 2359 1374 2426 αὐτῷ
1418 2358 1799 2435 (Xenophonti)
1844 2363 2072 2431 προξε-

91 2451 240 2504 νίαν
299 2447 478 2503 ἔδοσαν
517 2450 560 2502 01
600 2447 1036 2513 Λακεδαιμόνιοι,
1097 2463 1233 2517 quae
1282 2447 1464 2502 omnia
1519 2465 1680 2519 quam
1739 2451 2075 2524 negligenter

93 2537 239 2592 dicta
278 2542 374 2590 aut
413 2534 545 2590 salso
587 2535 783 2591 tradita
822 2536 932 2590 sint
972 2536 1130 2607 pauci
1168 2541 1295 2589 sunt
1335 2535 1428 2606 qui
1470 2552 1574 2590 non
1614 2538 1795 2592 statim
1833 2542 2073 2597 animad-

91 2632 322 2681 vertant.
404 2623 515 2677 lam
566 2640 693 2678 vero
738 2625 861 2695 quis
910 2630 991 2678 est
1042 2624 1135 2694 qui
1188 2623 1244 2676 in
1299 2630 1449 2678 tanta
1500 2624 1661 2679 turba
1715 2642 1960 2684 errorum
2019 2639 2075 2687 et

13 2739 20 2797 ζ
92 2712 493 2769 mendaciorum
535 2721 587 2766 et
627 2710 864 2766 sutilium
906 2711 1436 2766 narratiuncularum
1479 2711 1683 2784 aliquid
1722 2714 2071 2775 tribuendum

17 2815 20 2822 ’
90 2819 207 2859 esse
247 2809 398 2874 putet
442 2799 662 2855 fabellae
698 2800 763 2856 de
803 2799 1149 2872 Xenophonte
1198 2799 1339 2872 apud
1381 2800 1591 2858 Delium
1631 2819 1662 2855 a
1704 2802 1923 2861 Socrate
1960 2825 2070 2864 ser-

91 2899 244 2955 vato,
304 2890 462 2945 cuius
512 2888 722 2943 fabulae
779 2887 961 2943 nullus
1015 2889 1169 2943 testis
1226 2887 1579 2960 producitur,
1636 2908 1773 2963 quae
1825 2911 1949 2950 cum
2005 2898 2073 2953 iis

93 2995 230 3051 quae
283 2978 430 3032 Plato
483 2976 548 3032 de
601 2976 790 3031 iisdem
833 2975 994 3031 rebus
1043 2976 1234 3031 scribit
1282 2978 1335 3031 in
1394 2977 1675 3051 Symposio
1732 2984 2073 3054 apertissime

16 3110 20 3122 .
92 3074 327 3139 pugnat,
382 3082 520 3138 quae
564 3066 942 3121 disertissimis
991 3067 1160 3138 ipsius
1213 3065 1579 3139 Xenophontis
1625 3070 1949 3127 testimoniis
1988 3090 2071 3129 re-

31 3216 33 3220 ,
93 3155 418 3227 darguitur?
498 3155 668 3210 Citius
723 3154 1051 3210 credendum
1116 3154 1221 3210 erit
1270 3154 1544 3211 Platonem
1596 3173 1627 3211 a
1678 3157 1932 3233 Dionysio
1983 3178 2071 3232 pe-

92 3246 245 3299 tiisse
297 3259 455 3315 agros
506 3252 559 3299 et
610 3243 887 3309 bomineS,
944 3245 999 3298 in
1041 3242 1236 3316 quibus
1293 3243 1635 3316 Reipublicae
1687 3263 1815 3303 suae
1871 3247 2071 3305 faceret

93 3333 540 3405 experimentum.

166 3421 241 3475 Ne
283 3419 559 3475 Strabonis
614 3420 828 3492 quidem
885 3420 1191 3474 testimonio
1232 3420 1523 3493 quidquam
1571 3422 1918 3477 tribuendum
1960 3433 2071 3492 est,

0 3530 7 3576 ς
91 3525 415 3582 quamquam
455 3510 667 3580 egregie
707 3508 895 3563 doctus
935 3507 1092 3563 homo
1130 3516 1212 3564 est
1249 3516 1302 3564 et
1351 3511 1530 3581 gravis
1584 3519 1771 3565 auctor
1827 3510 2071 3570 babetur.

0 3579 7 3660 l
88 3598 183 3654 Est
222 3600 364 3654 enim
408 3595 596 3652 Strabo
629 3597 911 3666 φιλόμυθος
949 3605 1001 3652 et
1037 3614 1139 3653 non
1188 3599 1343 3654 anxie
1391 3599 1607 3653 testium
1664 3598 1817 3654 iidem
1874 3601 2065 3671 ponde-

0 3678 5 3744 ‚
