2436 4068
1317 193 1422 244 780

403 338 518 392 keri
568 354 662 410 pro
700 341 968 407 ἀποροῦσιν
1005 337 1241 408 optimus
1295 337 1572 390 Ravennas
1622 319 1919 403 ἀπαίρουσιν
1974 338 2186 395 exhibet
2243 343 2356 399 Sine

401 442 563 480 sensu
603 433 654 480 et
695 432 880 481 contra
918 432 1172 480 metrum.
1249 423 1403 495 Apud
1444 422 1809 495 Thucydidem
1847 425 1885 478 I.
1932 429 2054 479 121.
2095 444 2188 499 pro
2231 432 2357 485 ἀπε.

401 518 562 582 ροῦσιν
613 515 666 567 in
719 513 838 567 aliis
886 520 966 567 est
1016 511 1332 580 ἀπαίρουσιν.
1413 512 1472 565 In
1527 511 1761 565 Platonis
1821 512 2036 566 Philebo
2089 532 2137 586 p.
2175 519 2262 570 67.
2303 519 2358 572 B.

401 601 782 655 Stallhaumius
838 601 1033 656 edidit:
1091 603 1144 654 οὐ
1216 600 1319 666 γὰρ
1373 600 1530 661 δήπου
1586 599 1718 663 σύγε
1782 601 2075 668 ἀπαρεῖς
2132 603 2362 671 πρότερος

400 692 565 754 ἧμῶνε
608 688 661 741 in
704 688 855 747 libris
896 696 975 743 est
1031 687 1301 753 ἀπαίρεις,
1341 687 1548 754 ἀπερεῖς
1592 693 1645 740 et
1683 689 1927 754 ἀπορεῖς,
1986 689 2127 743 unde
2165 691 2364 746 Badha-

399 792 520 829 mus
581 777 880 831 rectissime
941 779 1148 843 ἀπερεῖς
1207 775 1422 845 recepit.
1520 774 1620 828 Sed
1688 775 1798 846 ipse
1860 783 2156 844 προαπερῶ,
2216 779 2363 850 prius

399 879 558 933 quam
601 864 775 917 omnia
819 879 1157 935 expromam:
1191 863 1246 916 in
1288 862 1386 916 hoc
1427 862 1541 933 ipso
1580 863 1749 932 igitur
1789 862 1947 916 finem
1987 862 2196 918 faciam.
2274 866 2365 922 Le-

392 950 624 1020 gebatur
679 951 819 1022 apud
875 951 1155 1006 Aelianum
1217 951 1272 1003 in
1330 950 1392 1004 H.
1437 950 1496 1004 A.
1538 949 1675 1004 XIV.
1721 955 1805 1004 11.
1862 940 2397 1022 προσαπαίρεινΔῚ

394 1040 540 1106 αὐτῷ
578 1038 753 1106 ἵππῳ,
795 1037 886 1093 uhi
925 1044 1225 1107 προαπερεῖν
1262 1054 1448 1092 verum
1489 1054 1604 1092 esse
1641 1037 1768 1108 quid
1810 1054 1941 1109 opus
1981 1044 2059 1093 est
2098 1038 2311 1094 dicere?
2387 1032 2401 1125 μ’

474 1126 620 1180 Inter
674 1143 730 1180 se
767 1126 1098 1198 negligenter
1137 1125 1448 1197 permisceri
1497 1127 1677 1180 παθεῖν
1723 1131 1775 1179 et
1825 1127 2040 1191 μαθεῖν,
2095 1127 2149 1181 τί
2195 1119 2436 1198 machaa}

400 1221 454 1270 et
490 1214 544 1268 τί
581 1216 779 1280 μαθών,
819 1216 1023 1278 ἀπαθής
1058 1220 1111 1268 et
1150 1214 1354 1278 ἀμαθής
1397 1212 1582 1267 multis
1616 1212 1871 1284 exemplis
1906 1220 2131 1268 constat.
2210 1215 2362 1271 Eius·
2387 1199 2436 1365 ἓ

395 1302 665 1357 demmodi
723 1302 976 1356 mendum
1033 1303 1279 1373 inquinat
1341 1301 1517 1355 locum
1577 1300 1941 1372 Xenophontis
2000 1302 2053 1355 in
2112 1249 2411 1376 Cynegeti

399 1391 653 1446 V11.10:
707 1413 780 1456 μη
815 1395 1130 1444 τελευτῶσαι
1169 1390 1452 1455 γίγνωνται
1509 1387 1738 1453 ἔκκυνοι,
1791 1391 1994 1457 πονηρὸν
2043 1389 2359 1457 μάθημα,
2389 1358 2436 1414 ῃ

398 1480 506 1533 imo
547 1495 670 1533 vero
717 1477 973 1544 πάθημα,
1030 1494 1154 1531 nam
1196 1477 1349 1532 facile
1407 1477 1600 1532 sentiet
1654 1482 2021 1548 unusquisque
2071 1496 2230 1534 canes
2268 1409 2436 1630 110(ιὲδ

397 1566 600 1621 malum
642 1566 871 1634 πάσχειν
915 1565 1085 1636 magis
1125 1582 1285 1637 quam
1326 1566 1615 1632 μανθάνειν.
1698 1565 1862 1637 Saepe
1901 1565 2117 1620 Veteres
2156 1567 2362 1638 elegan-

392 1664 483 1710 t-er
524 1656 815 1720 παθήματα
850 1661 900 1709 et
940 1655 1236 1719 μαθήματα
1273 1660 1626 1725 componunt,
1668 1660 1761 1708 aut
1795 1653 1935 1708 inter
1968 1671 2024 1708 se
2060 1662 2393 1726 opponunt,

399 1750 459 1797 ut
500 1744 612 1815 ipse
662 1742 949 1814 Xenophon
1005 1743 1058 1795 in
1113 1741 1401 1816 Cyropaed.
1442 1741 1537 1797 ΙΙΙ.
1580 1759 1614 1795 1.
1660 1746 1747 1795 17.
1831 1740 1995 1812 Saepe
2042 1759 2102 1796 eo
2150 1745 2400 1799 nomine.

400 1831 688 1904 Xenophon
741 1832 945 1895 utitur,
1006 1836 1066 1884 ut
1121 1830 1185 1884 de
1238 1831 1315 1885 Re
1372 1830 1622 1900 Equestri
1659 1830 1748 1884 IX.
1793 1833 1859 1884 4:
1919 1831 2149 1895 θυμοειδῆ
2206 1830 2397 1887 ἵππον

397 1920 562 1988 ω’σπερ
602 1919 852 1987 ἀνθρωπον
891 1918 1138 1987 ταράττει
1189 1921 1260 1973 τά
1310 1917 1590 1981 ἐξαπιναῖα
1639 1939 1725 1972 και
1769 1917 2010 1986 ὅράματα
2051 1918 2137 1973 καὶ
2181 1921 2363 1975 ἀκουσ·
2392 1837 2436 2009 ἓξ

395 2030 548 2076 ματα
587 2030 672 2063 και
727 2008 1109 2073 παθήματα,
1164 2006 1219 2061 id
1271 2013 1350 2061 est
1392 2003 1423 2060 δ’
1455 2027 1505 2060 τι
1546 2027 1610 2060 αν
1650 2005 1898 2076 ἐξαίφνης
1950 2008 2036 2062 και
2093 2007 2230 2063 ιδωσι
2271 2010 2356 2064 και

394 2099 644 2153 ἀκούσωσι
685 2097 771 2151 καὶ
813 2096 1134 2150 πάθωσιν.
2395 1999 2436 2187 i

484 2185 691 2239 Novum
741 2185 938 2238 veteris
991 2183 1316 2238 confusionis
1372 2183 1670 2255 exemplum
1726 2184 2054 2255 conspicitur
2093 2186 2207 2240 XII.
2256 2190 2356 2243 12:
2408 2164 2436 2279 ἢ

395 2276 652 2342 αἱροῦνται
704 2271 789 2326 διά
840 2273 930 2333 τὴν
987 2273 1152 2325 αὑτῶν
1207 2273 1394 2326 κακίαν
1449 2272 1796 2326 ἀπολέσθαι
1852 2275 2125 2337 μάλλονῆ
2183 2275 2357 2341 ἐτέρων
2404 2246 2436 2440 {j

388 2365 548 2431 ἀρετῇ
589 2361 869 2428 σώζεσθαι,
914 2358 1003 2412 ubi
1043 2359 1368 2414 ἀπόλλυσθαι
1416 2358 1780 2431 reponendum
1828 2365 1924 2414 est.
2005 2361 2220 2416 Poterat
2260 2363 2358 2418 Xe·

393 2450 603 2521 nophon
655 2448 936 2503 ἀπολέσθαι
987 2454 1040 2501 et
1092 2449 1304 2510 σωθῆναι
1359 2447 1500 2501 inter
1556 2463 1611 2500 se
1660 2462 2008 2517 componere,
2066 2448 2159 2502 sed
2216 2441 2422 2520 quod
2404 2353 2436 2515 ii

391 2539 636 2606 σώζεσθαι
677 2537 855 2609 posuit
894 2534 1089 2589 indicio
1128 2542 1208 2589 est
1243 2536 1595 2607 praecessisse
1628 2535 1970 2589 ἀπόλλυσθαι.
2051 2535 2164 2590 Non
2205 2537 2354 2591 dubi·
2401 2515 2436 2659 ἐξ

390 2626 528 2680 tabis
568 2625 660 2679 ubi
701 2624 1011 2694 cognoveris
1051 2622 1358 2694 sr²equente1
1398 2622 1650 2677 confundi
1689 2622 2016 2677 ἀπόλλυσθαι
2057 2655 2132 2665 —
2168 2625 2356 2680 ἀπολέ-

388 2717 505 2770 σθαι
547 2722 599 2767 et
635 2713 909 2766 ἀπολέσαι.
990 2710 1220 2765 Librarii
1261 2712 1352 2781 qui
1400 2711 1685 2765 ἀπολέσθαι
1730 2717 2069 2782 concoquunt
2108 2711 2199 2766 uhi
2241 2731 2354 2767 sen·
2403 2683 2436 2731 θ’

388 2803 558 2857 >tentia
599 2801 792 2854 clamat
831 2799 1087 2855 ἀπολέσαι
1125 2816 1311 2854 verum
1347 2816 1491 2864 esse,
1538 2800 1706 2854 multo
1753 2799 1961 2854 facilius
1991 2801 2151 2854 etiam
2192 2802 2356 2856 ἀπόλ-
2397 2726 2436 2879 i

389 2891 573 2947 λυσθαι
617 2895 666 2942 et
707 2890 990 2943 ἀπολέσθαι
1044 2890 1186 2942 inter
1229 2905 1286 2942 se
1326 2895 1652 2959 permutant.
1731 2889 2042 2942 Ἀπολέσθαι
2087 2905 2180 2959 pro
2228 2892 2354 2944 ἀπο·
2397 2884 2436 2960 ξ

389 2979 587 3034 λεῖσθαι
628 2977 841 3048 irrepsit
880 2976 1020 3048 apud
1060 2975 1467 3031 Demosthenem
1518 2993 1566 3047 p.
1608 2979 1982 3039 764,15;οὐ
2032 2977 2189 3040 δήπου
2228 2977 2355 3042 μέλ·

391 3081 491 3121 λων
532 3064 903 3119 καταλύειν
957 3066 1095 3128 ὑμάς
1134 3064 1281 3118 ἀλλά
1333 3065 1619 3119 τούναντίον
1660 3066 1815 3125 αὐτὸς
1865 3065 1914 3118 ἐν
1949 3066 2068 3129 ὑμῖν
2120 3065 2353 3119 ἀπολέ·

389 3157 579 3218 σθαι,
618 3152 711 3206 uhi
758 3150 1062 3222 recipienda
1123 3158 1247 3205 sunt
1293 3168 1358 3205 ex
1415 3152 1567 3205 libris
1614 3152 1673 3206 A.
1714 3153 1777 3206 Y.
1819 3150 1876 3205 O.
1934 3153 2250 3207 καταλύσειν
2301 3158 2354 3208 et

388 3243 710 3298 ἀπολεῖσθαι.
791 3241 854 3293 In
897 3239 1141 3292 Hecataei
1178 3238 1474 3309 fragmento
1514 3239 1654 3310 apud
1695 3239 1991 3308 Longinum
2025 3241 2116 3310 qui
2156 3240 2355 3296 dicitur

388 3332 499 3400 περὶ
549 3328 704 3397 ὕψους
755 3344 869 3399 cap.
911 3330 1014 3381 27:
1062 3329 1126 3387 ὡς
1165 3328 1238 3391 μὴ
1280 3325 1342 3380 ὧν
1394 3328 1540 3381 αὐτοί
1575 3349 1634 3380 τε
1692 3327 2019 3381 ἀπόλεσθε
2060 3330 2198 3394 κάμὲ
2232 3330 2351 3397 τρώ-

387 3440 504 3475 σετε
540 3419 590 3478 ἐς
631 3415 791 3470 ἄλλον
829 3414 945 3469 τινά
993 3416 1147 3480 δῆμον
1187 3415 1534 3482 ἀποίχεσθαι,
1589 3414 1981 3470 emendandum
2021 3424 2133 3470 est:
2196 3414 2350 3477 ὅκως

389 3509 462 3575 μὴ
502 3503 564 3560 ὧν
603 3537 680 3547 --
716 3503 1075 3558 ἀπολέεσθε
1115 3535 1188 3544 —-
1227 3503 1526 3570 ἀποίχεσθε.

460 3594 699 3650 Atticum
750 3591 999 3662 loquendi
1049 3607 1217 3662 genus
1265 3607 1380 3647 sero
1423 3591 1535 3646 nati
1574 3590 1818 3661 magistri
1860 3592 2248 3663 interpolarunt
2286 3593 2345 3647 V.
