2436 4068
1014 204 1119 255 457

72 359 194 407 test.
272 350 533 422 Equidem
590 348 765 403 locum
819 344 1076 409 ἀνηκέςως
1131 346 1271 415 ἔχειν
1320 346 1551 402 arbitror
1601 354 1654 401 et
1693 345 1758 400 ab
1810 347 1927 401 eius
1966 348 2043 400 in·-

71 440 453 510 terpretatione
489 435 883 492 abstinendum.

142 526 203 580 In
244 526 333 580 IV.
375 544 422 580 v,
470 531 557 580 55.
611 526 697 579 καὶ
738 527 1090 584 διακονοῦντας
1129 524 1322 584 παῖδας
1376 523 1493 576 σὺν
1532 529 1650 583 ταῖς
1687 522 2041 589 βαρβαρικαῖς

70 622 249 674 ςολαῖς
284 614 475 668 vitiosa
514 620 595 667 est
629 612 951 683 praepositio
991 613 1082 666 σύν
1104 618 1156 665 et
1178 609 1568 666 emendandum
1609 617 1689 666 est
1727 611 1791 663 ἐν
1831 617 2046 670 ταῖς-ε
2136 668 2138 670 .

70 709 267 761 ςολαῖς.
348 699 575 756 Perinde
613 705 696 754 est
750 697 892 770 apud
932 697 1284 753 Athenienses
1333 697 1511 752 dicere
1559 696 1763 764 ἱμάτιον
1816 697 1952 765 ἔχων
1992 704 2043 751 et

69 791 121 844 ἐν
158 791 387 856 ἱματίῳ,
446 788 581 857 ἔχων
637 792 838 854 χιτῶνα
877 791 931 839 et
984 787 1037 840 ἐν
1085 791 1301 854 χιτῶνι,
1340 786 1550 853 χλανίδ’
1591 785 1766 854 ἔχων,
1806 785 2048 853 χλαμύδ’

68 876 203 946 ἔχων
238 885 292 931 et
324 878 375 930 ἐν
408 877 659 945 χλανίδι,
699 876 750 928 ἕν
784 874 1057 942 χλαμύδι,
1106 881 1159 928 et
1192 873 1442 928 similiter
1480 873 1533 926 in
1573 873 1693 927 aliis
1740 873 2044 936 sexcenliS‚

13 981 18 987 ·
70 964 161 1020 ubi
201 965 372 1019 cultus
411 964 650 1036 corporis
686 969 780 1017 aut
812 963 1025 1016 vestitus
1060 967 1154 1015 aut
1203 967 1503 1015 ornamenta
1538 967 2046 1015 commemorantur.

72 1053 259 1125 ltaque
297 1054 480 1115 σκευὴν
519 1051 655 1120 ἔχων
703 1049 954 1105 dicebant
991 1056 1044 1104 et
1084 1051 1244 1111 ςολας
1293 1049 1502 1117 ἔχοντες
1541 1057 1596 1103 et
1632 1050 1860 1116 λαμπροὶ
1919 1049 2044 1115 Lad-

15 1158 21 1186 ῑ
68 1162 158 1197 rm
197 1141 408 1209 ἔχοντες
449 1147 502 1194 et
542 1139 725 1193 eodem
782 1154 942 1192 sensu
995 1139 1047 1192 ἐν
1101 1146 1290 1207 σκευῇ,
1343 1138 1394 1191 ἕν
1429 1143 1640 1200 ςολαῖς,
1696 1138 1747 1190 ἐν
1787 1145 2047 1204 λαμπροῖς

16 1229 23 1284 ’.
69 1230 327 1295 ἱματίοις,
366 1234 419 1283 et
452 1226 558 1281 alia
591 1227 674 1281 his
696 1226 895 1282 similia
916 1225 1171 1297 leguntur
1201 1224 1419 1297 passim.
1456 1224 1676 1279 Veteres
1698 1224 1916 1287 Graeci,
1953 1225 2047 1296 qui

68 1316 198 1389 quid
248 1316 489 1371 dicerent
544 1323 795 1370 accurate
844 1315 1082 1386 cogitare
1124 1313 1397 1376 solebant,
1458 1313 1847 1385 praepositione
1894 1313 1944 1366 ἕν
1983 1311 2049 1368 de

68 1405 136 1459 iis
169 1412 381 1460 tantum
428 1403 750 1466 utebantur,
791 1403 988 1475 quibus
1039 1403 1159 1474 quis
1198 1401 1410 1454 indutus
1449 1409 1619 1466 esset.
1660 1401 1932 1472 sequiores
1969 1402 2047 1454 in-

70 1492 314 1548 consulto
369 1492 645 1564 loquentes
698 1492 750 1545 in
799 1490 1048 1546 omnibus
1101 1488 1463 1561 sequebantur
1505 1491 1767 1544 rationem
1824 1488 2048 1544 eandem

67 1589 124 1637 et
173 1580 423 1636 dicebant
469 1582 518 1634 ἐν
571 1580 744 1649 ῥάβδῳ
796 1578 944 1644 ἦλθεν
986 1586 1080 1633 aut
1128 1581 1179 1632 ἐν
1227 1578 1501 1648 ῥομφαίᾳ,
1563 1578 1651 1632 ubi
1694 1577 2049 1633 Athenienses

67 1669 359 1737 βακτηρίαν
400 1667 535 1737 ἔχων
571 1665 719 1730 ἦλθεν
760 1675 853 1722 aut
892 1666 1041 1737 ξίφος
1084 1667 1218 1736 ἔχων
1259 1666 1457 1720 dicturi
1499 1665 1742 1721 fuissent.

142 1757 480 1812 Dissentiunt
521 1755 644 1810 libri
681 1756 767 1811 IV.
803 1773 852 1810 V.
888 1760 978 1810 56.
1033 1756 1145 1824 περὶ
1186 1755 1302 1815 τοὺς
1341 1753 1503 1815 πόδας
1542 1760 1639 1810 τῶν
1678 1753 1846 1809 ἵππων
1886 1755 2049 1811 σακία

0 1916 2 1925 y
68 1852 463 1912 περιειλεῖν,
508 1845 587 1899 sic
620 1845 766 1900 enim
805 1851 1036 1917 quatuor
1070 1842 1317 1898 meliores
1349 1850 1644 1910 περιειλεῖν,
1686 1843 1885 1898 caeteri
1924 1859 2051 1899 cum

0 1935 3 2008 ξ
69 1933 237 1989 Suida
276 1934 494 2000 περιδεῖν
531 1932 800 1988 exhibent.
882 1932 1076 1987 Veram
1120 1933 1445 2004 scripturam
1486 1947 1603 1986 esse
1651 1930 1812 1986 credo
1857 1934 2049 2000 περιίλ-

70 2036 216 2086 λειν,
274 2020 418 2093 quod
465 2022 518 2075 in
559 2028 924 2076 ΠΕΡΙΙΛΕΙΝ
966 2020 1313 2093 depravatum
1357 2019 1549 2074 deinde
1587 2017 1855 2091 duplicem
1908 2037 2051 2076 erro·

68 2126 183 2166 rem
225 2109 464 2181 peperit,
503 2108 755 2164 leviorem
794 2117 1093 2177 περιειλεῖν,
1134 2109 1436 2180 graviorem
1471 2108 1707 2175 περιδεῖν.
1788 2107 1956 2164 Vetus
1997 2116 2052 2164 et

68 2198 309 2255 Atticum
349 2205 542 2252 ΙΛΛΩ,
582 2214 707 2252 cum
763 2198 1073 2269 compositis
1127 2198 1184 2251 in
1234 2198 1352 2251 εἱλῶ
1404 2195 1595 2267 refingi
1640 2195 1808 2250 solere
1861 2202 2050 2251 notum

27 2334 35 2369 ,Δ
68 2293 168 2343 est.
247 2285 411 2340 Recte
462 2283 807 2359 Phrynichus
858 2285 1021 2340 Bekk.
1064 2284 1262 2340 Anecd.
1317 2302 1368 2356 p.
1409 2288 1508 2349 19,
1550 2288 1646 2339 14:
1702 2284 2050 2347 Ἀνίλλειν

0 2376 310 2455 ,ζβιβλίονε
365 2377 407 2429 οἱ
460 2374 558 2439 μὲν
610 2371 763 2428 ἄλλοι
817 2379 1097 2442 περισπῶσι
1147 2375 1239 2436 τὴν
1278 2372 1417 2437 λέξιν
1472 2373 1558 2428 καὶ
1600 2375 1661 2429 δι’
1703 2374 1806 2434 ἑνὸς
1846 2386 1879 2428 λ
1921 2373 2050 2441 γρα-

0 2456 37 2527 ῗῑ
65 2469 282 2535 Φουσιν,
319 2465 363 2517 οἱ
404 2463 456 2517 δὲ
495 2462 725 2517 ’Am-mo)
778 2461 1111 2531 παροξύνουσι
1167 2462 1254 2517 καὶ
1301 2462 1387 2517 δια
1428 2462 1559 2517 δυοῖν
1609 2475 1680 2516 λλ
1723 2461 2050 2531 γράφουσιν,

15 2541 37 2616 ,ἶ
64 2551 193 2609 οὕτω
227 2554 315 2607 καὶ
355 2553 413 2607 τὸ
453 2549 780 2614 ἐξίλλειν.
861 2551 999 2618 Quia
1038 2552 1091 2605 in
1134 2550 1260 2605 ἵλλω
1301 2550 1625 2623 productum
1668 2572 1682 2604 ι
1718 2557 1800 2604 est
1844 2550 2052 2605 scribae

7 2637 220 2709 ζΛλλω
274 2639 402 2695 dare
451 2637 692 2698 solebant
747 2645 799 2693 et
856 2646 980 2694 nota
1037 2638 1362 2711 negligentia
1417 2637 1645 2693 alterum
1695 2652 1728 2693 λ
1783 2639 2048 2693 omittere.

15 2735 40 2764 ''
63 2728 253 2801 ltaque
290 2729 418 2782 ίλλω
442 2770 455 2792 ,
506 2727 693 2790 εἵλλω,
733 2727 853 2782 εἴλω
894 2734 952 2782 et
990 2730 1108 2782 εἷλῶ
1144 2727 1197 2781 in
1246 2726 1398 2781 libris
1435 2733 1765 2792 occurrunt,
1818 2743 2047 2798 quarum

10 2814 364 2874 fssformarum
432 2815 606 2888 prima
664 2815 898 2885 genuina
959 2822 1012 2870 et
1071 2821 1225 2869 vetus
1285 2821 1402 2879 est,
1461 2822 1652 2886 quarta
1711 2814 2050 2886 sequioribus

13 2903 37 2971 ’τ
66 2906 300 2969 usitata,
339 2902 574 2959 secunda
616 2902 883 2975 tertiaque
933 2903 1063 2957 vitio
1111 2910 1281 2958 natae.
1363 2902 1702 2958 Facillimum
1748 2903 1918 2975 igitur
1969 2911 2049 2958 est

14 2981 18 3011 ³
66 2991 198 3067 quid
228 2994 300 3047 sit
331 2990 531 3064 ubique
566 2990 848 3062 legendum
885 2992 1231 3046 constituere.
1314 2991 1418 3046 Fac
1457 2991 1753 3064 periculum
1790 2993 1843 3046 in
1884 2992 2046 3047 Bekk.

65 3080 265 3138 Anecd.
327 3098 378 3153 p.
414 3084 558 3145 395,
600 3083 688 3133 29.
782 3080 1240 3134 Ἀνείλεσθαι;
1299 3080 1673 3149 συςρέφεσθαι,
1733 3087 1786 3135 et
1835 3098 1909 3135 VS.
1958 3085 2044 3135 31.

66 3170 515 3225 ’Λνείλλεταιε
556 3171 860 3224 ἄνειλεῖτοιι.
922 3170 1236 3223 Συνίλλεται
1281 3167 1468 3223 leviter
1509 3169 1560 3223 in
1601 3170 1900 3226 συνίλλεςαι
1958 3168 2045 3223 (le-

68 3262 349 3330 pravatum
392 3263 564 3312 exstat
604 3255 744 3330 apud
786 3255 1058 3311 Eubulum
1102 3256 1293 3312 Athen.
1337 3274 1385 3329 p.
1420 3261 1530 3312 679
1571 3258 1627 3312 B.
1709 3257 1822 3312 Alia
1877 3256 2045 3312 multa

68 3342 209 3417 apud
246 3343 574 3419 Hesychium
615 3344 855 3417 aliosque
905 3350 1198 3418 supersunt
1238 3345 1461 3400 ’Λνίλλω
1486 3388 1499 3409 ,
1554 3346 1769 3410 ἕνίλλω,
1822 3345 2047 3410 ἐξίλλω,

69 3434 333 3496 κατίλλω,
371 3435 627 3501 προσίλλω
650 3477 663 3499 ,
703 3434 945 3502 περιίλλω
969 3475 983 3497 ,
1025 3434 1262 3498 ύπίλλω,
1304 3432 1368 3488 de
1400 3433 1598 3505 quibus
1631 3435 1756 3505 quia
1797 3433 1921 3488 alibi
1962 3450 2047 3488 ex·

73 3520 380 3592 posuimuS,
436 3537 578 3577 nunc
633 3522 764 3577 satis
823 3529 907 3576 est
966 3521 1300 3594 Xenophonti
1343 3538 1501 3577 suum
1563 3523 1839 3588 περιίλλειν
1897 3524 2047 3576 resti·

71 3610 254 3665 tuisse.

1674 3703 1714 3733 M
