2436 4068
1323 176 1427 224 776

385 331 454 383 σοὶ
495 327 647 381 πέντε
687 323 1025 390 γράμματα,
1067 318 1207 372 unde
1247 320 1422 372 πεο-ο-οὶ
1456 318 1842 386 πεντέγραμμα
1892 326 2163 391 receptum
2199 339 2347 392 opor-

383 419 507 471 tuit.
587 410 967 475 Πενταλιθίζειν
1011 406 1165 460 affert
1213 406 1398 460 Pollux
1440 407 1526 459 IX.
1576 410 1695 460 126.
1751 406 1843 460 sed
1899 414 2044 462 recte
2101 409 2347 464 admonet

381 503 602 558 Photius
642 517 688 552 v.
730 494 1281 561 Πεντελιθίζειν;
1326 495 1408 548 δια
1443 499 1532 547 τοῦ
1555 495 1918 563 εγροέφουσιν,
1959 497 2062 548 iam
2089 502 2201 549 tum
2233 514 2347 567 per-

380 592 656 660 vulgatum
699 602 932 640 errorem
975 584 1263 652 castigans
1347 582 1528 636 Multis
1570 582 1689 635 aliis
1730 582 1858 635 locis
1893 582 2074 636 eodem
2117 584 2349 638 remedio

382 678 670 738 utendum,
713 672 803 727 sed
839 670 1118 725 eximenda
1154 678 1232 723 est
1265 672 1440 723 Attica
1473 669 1643 723 sorma
1678 686 1741 723 ex
1777 669 2020 740 Sapphus
2054 669 2350 740 fragmento

272 818 275 830 ,
358 764 522 838 'apud
583 760 1026 832 Hephaestionem
1087 774 1204 828 pag.
1249 762 1339 812 41.
1398 757 1667 822 σαμβαλα
1719 758 2124 823 πεντεβόηα.
2218 759 2389 826 Quia=

380 858 588 908 constat
630 848 813 902 Aeolos
862 863 966 899 non
1007 845 1162 900 πέντε
1209 845 1301 899 sed
1354 846 1534 910 πέμπε
1574 844 1802 907 dixisse,
1864 844 2072 917 Sappho
2113 864 2213 900 non
2255 848 2351 903 hoc
2397 868 2400 881 ·

384 941 474 996 sed
516 936 837 1003 πεμπεβόηα
877 934 1086 989 dedisse
1127 933 1465 1003 intelligitur.
2392 929 2401 949 ⁶

458 1027 768 1082 Turharunt
807 1023 1015 1076 librarii
1056 1023 1110 1074 in
1152 1021 1244 1075 111.
1288 1025 1337 1074 5.
1395 1020 1484 1074 ubi
1527 1021 1756 1090 pessime
1802 1022 2167 1092 scripserunt:
2209 1026 2263 1077 αἱ
2301 1026 2352 1080 δὲ
2380 1003 2430 1097 ἐξ

383 1117 615 1185 0'pr1vot
662 1110 847 1187 (κύνες)
887 1109 1038 1175 μόλις
1077 1109 1163 1163 καὶ
1196 1108 1434 1174 ὀλιγάκις
1471 1108 1794 1162 αἰσθάνονται
1828 1115 1916 1163 τοῦ
1954 1111 2122 1175 λαγώ.
2202 1112 2356 1166 Nem·

381 1223 446 1278 pe
488 1222 515 1258 e
556 1203 769 1256 nomine
822 1200 891 1268 ῥίς
935 1205 1233 1251 nascuntur
1279 1197 1541 1251 adiectiva
1583 1196 1747 1265 εὔρις,
1799 1197 1934 1266 ἄρρις
1984 1206 2037 1252 et
2090 1201 2207 1253 sim.
2251 1217 2354 1255 non

385 1293 599 1360 εὕρινος,
653 1287 842 1355 ἄρρινος
884 1293 984 1339 eet.
1028 1302 1162 1356 quae
1204 1303 1265 1339 ex
1315 1286 1616 1339 certissima
1670 1287 1877 1356 antiqui
1933 1289 2194 1341 sermonis
2235 1304 2356 1342 aua-
2384 1309 2394 1353 j
2421 1332 2426 1354 .-

383 1382 523 1451 logia
562 1396 626 1433 ex
663 1375 783 1445 ῥινός
836 1391 938 1426 non
981 1390 1045 1427 ex
1084 1374 1153 1442 ῥίς
1194 1372 1419 1427 formata
1468 1380 1609 1427 sunt.
1690 1373 1886 1428 Eodem
1943 1375 2098 1429 modo
2140 1376 2355 1432 Veteres
2377 1367 2399 1411 ,3-

387 1467 548 1535 εὖθριξ
596 1471 806 1519 tantum
869 1461 1197 1532 usurpabant
1247 1469 1298 1515 et
1352 1461 1610 1528 ξανθόθριξ
1651 1468 1702 1515 et
1749 1461 2007 1529 πυρρόθριξ
2061 1470 2113 1516 et
2163 1464 2358 1518 similia
2384 1463 2398 1492 '

388 1555 582 1611 omnia.
677 1550 996 1620 Sequiorum
1051 1548 1266 1602 demum
1325 1558 1625 1620 temporum
1681 1551 2002 1621 scriptoreS,
2065 1558 2124 1604 ut
2176 1553 2357 1620 εὕρινος
2392 1543 2434 1619 [ᾗ.

387 1662 482 1718 pro
521 1642 649 1709 εὔρις
691 1637 1024 1708 negligenter
1059 1636 1345 1690 admodum
1402 1637 1769 1708 usurpabant,
1824 1639 1900 1692 sic
1941 1645 1994 1692 et
2032 1640 2359 1707 πυρρότριχος

387 1749 483 1804 pro
523 1725 781 1797 πυρρόθριξ
820 1724 1027 1795 aliaque
1067 1723 1134 1778 ad
1168 1724 1395 1778 eundem
1438 1725 1674 1778 modum.
1757 1725 2074 1780 Theocritus
2111 1727 2248 1782 VIII.
2289 1733 2359 1783 5:
2396 1731 2431 1795 ,θ

606 1820 809 1884 ’Ἄμφω
851 1814 965 1867 τώδ’
1007 1813 1129 1875 ἤτην
1168 1814 1626 1881 πυρροτρίχω,
1668 1812 1833 1882 ἄμφω
1874 1814 2074 1881 οξνοὶβω.
2386 1870 2387 1874 ,

390 1909 479 1963 ubi
520 1907 741 1960 dixisset
788 1910 945 1974 poeta
985 1903 1256 1973 antiquior
1295 1903 1416 1964 ἤςην
1458 1903 1810 1971 πυρρότριχες.
1890 1903 1950 1956 In
1996 1904 2360 1975 Xenophontis
2388 1917 2406 1975 «j,

387 1998 522 2052 libro
556 1994 761 2050 scribac
801 1993 985 2060 εὕρινες
1027 1998 1334 2045 constanter
1368 1991 1646 2045 emendate
1683 1993 1946 2062 scriptum
1988 2001 2273 2048 servarunt
2310 2002 2417 2056 et

390 2086 611 2154 ἅρρινες,
653 2089 713 2136 ut
748 2081 840 2135 ΙΙΙ.
883 2085 944 2134 5;
985 2078 1224 2148 ἄψυχοι,
1280 2078 1506 2147 ἄρρινες,
1558 2082 1646 2134 οὐκ
1694 2080 1938 2145 εὔποδες,
1991 2089 2364 2155 praeterquam

393 2175 491 2228 hoc
526 2189 633 2227 uno
671 2170 786 2224 loco
821 2167 911 2222 ubi
949 2168 1014 2222 ad
1056 2167 1358 2239 aequalium
1401 2170 1663 2232 συνήθειαν
1705 2168 2056 2235 aberrarunt,
2099 2171 2236 2242 quod
2273 2172 2364 2228 uhi

392 2260 726 2335 perspexeris
766 2256 1104 2328 Xenophonti
1152 2272 1310 2310 suum
1358 2254 1550 2324 ἅρρινες
1592 2258 1843 2312 restitues
1878 2265 1932 2313 et
1980 2259 2035 2312 in
2076 2266 2199 2314 noto
2251 2260 2426 2316 loco'·

394 2348 668 2423 Sophoclis
706 2347 852 2401 Aiac,
887 2349 953 2399 6:
2388 2344 2390 2346 ’

1369 2431 1424 2488 εὖ
1464 2433 1516 2488 δέ
1557 2437 1605 2487 ο·’
1645 2437 1846 2504 ἐκφέρει

698 2524 840 2584 κυνὸς
881 2522 1147 2584 Λακαίνης
1187 2520 1248 2581 ὥς
1288 2542 1366 2583 τις
1406 2522 1661 2589 εὔρινος
1700 2523 1897 2589 βασις,

399 2617 552 2670 ssocci
606 2630 712 2667 non
749 2611 913 2666 facies
952 2627 1078 2675 eoS,
1122 2611 1214 2681 qui
1255 2611 1469 2678 εὔρινος,
1526 2612 1664 2682 quod
1709 2611 1992 2683 Sophocles
2044 2629 2166 2668 cum
2222 2617 2364 2678 κυνὸς

396 2704 663 2765 Λακαίνης
706 2700 1088 2762 coniunxerat,
1127 2699 1358 2770 pessime
1410 2715 1532 2753 cum
1581 2699 1741 2766 βάσις
1779 2701 2031 2772 coniungi
2071 2719 2224 2775 posse
2257 2706 2364 2777 opi·
2401 2686 2430 2702 ³

394 2793 506 2845 nati
548 2797 690 2843 sunt.
2415 2851 2418 2853 ‚

475 2878 748 2933 Simillimi
797 2877 1009 2947 generis
1063 2876 1253 2929 vitium
1292 2876 1639 2931 commissum
1685 2885 1766 2932 est
1806 2878 1868 2932 V.
1914 2883 1999 2933 17.
2057 2879 2111 2932 in
2154 2879 2328 2934 verbis
2347 2866 2368 2936 τ’
2400 2855 2436 2953 ῗΞ

395 2970 436 3022 οἱ
478 2967 522 3020 δ’
575 2964 659 3019 ἐπὶ
715 2965 921 3026 πάντας
977 2965 1093 3024 τοὺς
1146 2964 1332 3026 τόπους
1391 2973 1735 3028 πλανῆται
1785 2967 2014 3034 χαλεποὶ
2070 2969 2189 3034 πρὸς
2247 2970 2363 3031 τοὺς
2425 2941 2436 3020 Ξ

396 3055 621 3122 δρόμους.
701 3052 839 3106 Vera
878 3052 1036 3106 lectio
1077 3060 1157 3106 est
1196 3052 1494 3115 πλάνητες-ε
1548 3054 1711 3108 Attici
1752 3055 1894 3109 enim
1949 3054 2221 3118 πλάνητας
2277 3074 2364 3130 ap·
2399 3021 2436 3151 3⁴2

394 3143 660 3215 pellabant
700 3159 905 3194 errones
943 3147 995 3194 et
1037 3141 1315 3206 erraticOS,
1368 3159 1471 3195 non
1530 3144 1820 3206 πλανήτας.
1900 3145 2175 3206 Πλανήτης
2228 3145 2363 3200 Tra-
2402 3135 2436 3218 ᾗ

392 3232 634 3302 gicorum
689 3236 767 3282 est
816 3236 869 3282 et
926 3234 1043 3299 post
1087 3227 1256 3281 multa
1309 3229 1519 3283 saecula
1574 3230 1992 3292 Graeculorum,
2049 3232 2141 3301 qui
2194 3233 2436 3293 multa

392 3317 645 3373 vocabula
685 3317 894 3388 poetica
928 3314 1278 3382 ἀπειροκάλως
1313 3324 1650 3371 recoxerunt.
1732 3317 2065 3387 Quamquam
2109 3335 2262 3390 saepe
2302 3320 2360 3374 li-
2431 3307 2436 3362 2·

390 3407 474 3460 hri
514 3406 723 3458 variant
763 3410 816 3458 et
861 3419 1014 3474 saepe
1055 3419 1118 3456 ex
1159 3404 1466 3473 sequiorum
1524 3422 1627 3459 usu
1665 3404 1937 3476 depravati
1979 3413 2140 3471 sunt,
2183 3415 2360 3463 tamen

390 3493 544 3548 facile
582 3492 903 3563 intelligitur
956 3489 1191 3555 πλάνης,
1247 3509 1351 3545 non
1402 3497 1706 3557 πλανήτης,
1744 3495 1797 3546 in
1849 3510 1950 3548 usu
1993 3493 2116 3548 olim
2177 3494 2357 3550 fuisse,

387 3581 644 3635 Dicebant
697 3579 822 3634 olim
876 3595 1059 3633 omnes
1105 3587 1411 3635 constanter
1465 3583 1507 3636 οἱ
1564 3581 1826 3644 πλάνητες
1885 3581 2061 3649 οέςὲρες
2123 3582 2204 3655 (ut
2261 3584 2358 3637 hoc
