2436 4068
1307 203 1414 251 670

382 352 580 412 ἰδιώτας
621 350 921 409 τύπτοντα,
961 346 1097 399 οὐδὲν
1143 345 1310 409 λέγων
1350 343 1638 413 φροντίζειν
1672 347 1878 408 μᾶλλον
1918 347 2076 401 αὐτοῦ
2116 355 2207 411 τῆς
2246 350 2337 404 τά·

380 439 529 503 Eam·
586 438 668 492 δια
727 439 873 489 τοῦτο
926 430 1006 487 οὖν
1062 433 1146 486 καὶ
1202 434 1391 492 αὐτὸς
1443 433 1650 493 τίθησιν.
1731 433 1880 486 Patet
1933 435 2192 490 excidisse
2232 438 2340 490 ὅδὲ

383 524 608 600 (Lysias)
667 523 802 577 οὐδὲν
857 522 1024 586 λέγων
1063 521 1341 588 φροντίζειν
1382 522 1488 574 κτὲ.
1531 520 1621 574 sed
1662 520 1788 590 quid
1829 521 2016 594 Lysias
2071 523 2338 596 Polycrati

379 612 711 684 responderit
764 609 971 663 Codicis
1021 608 1212 662 lacuna
1255 607 1466 662 videtur
1505 608 1806 662 abstulisse.
1886 609 2148 680 Compone
2195 628 2341 666 nunc

381 702 515 756 mihi
556 717 677 754 cum
720 698 802 751 his
859 697 1223 767 Xenophontis
1276 696 1451 749 locum
1505 712 1569 749 ex
1620 697 1834 750 Memor.
1872 697 1912 750 Ι.
1953 715 2007 751 11.
2051 703 2138 752 58.
2193 701 2249 754 τὸ
2287 701 2338 754 δὲ

381 791 605 855 Ὁμήρου
647 788 668 840 ὁ
708 786 987 852 κατήγορος
1033 785 1132 853 ἔφη
1171 784 1426 845 πολλάκις
1470 785 1626 838 αὐτὸν
1665 785 1839 849 λέγειν
1888 783 1963 839 ἔτι
2006 787 2286 848 Ὀδυσσεύς

607 871 776 928 ὅντινα
805 859 903 938 ’μὲν
941 875 1180 939 βασιλῆα
1215 871 1300 926 καὶ
1343 870 1520 939 ἔξοχον
1561 871 1719 939 ἄνδρα
1757 874 1928 940 κιχείη
1969 875 2080 928 κτὲ.
2420 925 2422 928 ,

383 972 434 1018 et
476 962 610 1017 nihil
650 977 763 1015 esse
803 961 998 1032 poterit
1051 961 1252 1014 certius
1291 976 1452 1030 quam
1502 961 1525 1013 ὅ
1561 963 1840 1028 κατήγορος
1896 959 1997 1030 ἔφη
2039 961 2343 1032 significare
2426 975 2427 978 ’

382 1055 403 1105 ὃ
443 1048 777 1117 Πολυκράτης
819 1048 920 1118 ἔφη
953 1049 1003 1102 ἐν
1043 1057 1107 1117 τῇ
1143 1047 1443 1115 Σωκράτους
1480 1051 1786 1118 κατηγορία.

458 1139 552 1192 His
591 1139 760 1213 igitur
800 1137 1075 1207 perspicue
1133 1136 1510 1190 demonstratis
1549 1143 1602 1192 et
1647 1136 1876 1191 firmiter
1913 1137 2222 1192 constitutis
2262 1155 2346 1193 ae·
2430 1127 2431 1130 ¹

384 1228 604 1282 stimare
643 1225 767 1279 licet
806 1241 966 1295 quam
1019 1223 1228 1278 lubrica
1283 1223 1412 1278 fides
1468 1226 1538 1278 sit
1589 1224 1883 1278 multarum
1939 1240 2158 1290 rerum,
2212 1243 2346 1296 quae
2423 1251 2433 1270 v

382 1324 547 1370 testes
585 1313 845 1385 plurimos
885 1319 938 1365 et
978 1311 1424 1383 locupletissimos
1478 1313 1670 1367 habere
1710 1319 1988 1385 putantur.
2067 1313 2347 1369 Aeschinis

385 1402 702 1458 Timarchea
758 1402 812 1454 in
857 1399 1056 1454 iudicio
1106 1400 1286 1454 habita
1329 1408 1409 1455 est
1462 1402 1618 1456 annis
1660 1405 1728 1456 54
1782 1409 1901 1473 post
1951 1393 2185 1455 Socratis
2225 1419 2345 1456 con·
2428 1407 2430 1410 ’

385 1491 780 1546 demnationem
803 1529 817 1552 ,
857 1495 908 1542 et
947 1488 1054 1541 iam
1098 1495 1213 1542 tum
1248 1489 1564 1544 credebatur
1587 1489 1831 1544 Socrates
1867 1488 1955 1542 illo
1977 1490 2203 1544 crimine
2224 1508 2345 1544 con·
2419 1491 2436 1504 ”

383 1579 607 1642 cidisse,
648 1577 712 1631 de
752 1588 855 1647 quo
893 1577 1003 1630 veri
1039 1583 1376 1631 accusatores
1411 1594 1476 1631 ne
1517 1579 1878 1648 cogitaverant
1919 1577 2153 1648 quidem.
2242 1578 2347 1632 Ad-

386 1669 634 1723 hortatur
676 1663 866 1719 Orator
906 1663 1109 1718 iudices
1151 1671 1211 1718 ut
1251 1665 1316 1719 de
1356 1665 1640 1719 Timarcho
1679 1672 1895 1720 sumant
1933 1683 2128 1737 poenas
2166 1684 2346 1738 quem·
2427 1659 2430 1710 s

386 1754 671 1810 admodum
715 1751 839 1805 olim
891 1752 954 1805 de
1003 1751 1220 1806 Socrate
1261 1754 1614 1817 sumsissent,
1671 1751 1746 1809 ὅτι
1787 1755 1994 1821 Κριτίαν
2047 1754 2213 1822 ἐφάνη
2257 1775 2347 1808 πε·
2427 1757 2430 1778 ³

386 1841 684 1901 παιδευκώς.
764 1840 875 1893 Iam
912 1847 1027 1894 tum
1065 1842 1176 1911 ipse
1216 1840 1436 1894 Meletus
1475 1848 1529 1895 et
1563 1842 1773 1915 Anytus
1814 1842 1898 1896 usi
1938 1859 2052 1896 esse
2092 1841 2348 1913 putaban-
2410 1838 2429 1911 fis

387 1941 478 1987 tur
515 1928 1017 1993 criminationibuS,
1074 1945 1205 1999 quas
1261 1928 1506 2001 Sophista
1542 1930 1634 1984 diu
1687 1937 1804 2001 post
1847 1929 2080 1985 Socratis
2123 1936 2349 1984 mortem

386 2021 450 2077 de
491 2036 586 2074 suo
623 2025 737 2072 erat
787 2024 1140 2071 commentuS.
1221 2016 1398 2071 Etiam
1455 2020 1507 2071 in
1551 2018 1640 2071 illa
1681 2035 1738 2073 re
1788 2018 2202 2074 Atheniensibus
2242 2017 2349 2071 dici
2415 2011 2430 2078 ²¹1,

385 2114 593 2180 poterat
630 2104 768 2176 quod
810 2105 946 2159 dixit
984 2104 1394 2159 Demosthenes:
1436 2107 1570 2160 πολύ
1603 2128 1652 2161 τι
1693 2106 1902 2169 σκότος,
1944 2110 2008 2167 ὡς
2051 2106 2233 2171 ἔοικεν,
2273 2105 2349 2163 ἔςι

383 2198 504 2264 παρ’
551 2196 667 2259 ὑμῖν
711 2194 802 2259 πρὸ
854 2201 946 2255 τῆς
983 2194 1245 2254 ἀληθείας.
1323 2195 1536 2248 Poterat
1580 2202 1791 2258 tamen,
1845 2195 1889 2248 si
1931 2194 2051 2265 quis
2090 2194 2187 2248 hoc
2229 2210 2350 2264 age·
2415 2208 2423 2262 ff

385 2292 466 2339 ret
502 2290 552 2337 et
593 2282 770 2334 omnia
804 2280 1088 2350 diligenter
1126 2280 1509 2351 perpenderet,
1557 2299 1645 2335 res
1680 2282 1792 2353 ipsa
1833 2281 2021 2336 docere
2063 2284 2117 2335 in
2165 2282 2350 2336 Socra·
2418 2314 2426 2349 .*

384 2373 452 2425 tis
504 2369 703 2423 iudicio
754 2385 925 2439 neque
980 2365 1270 2422 Alcibiadis
1334 2385 1504 2439 neque
1557 2369 1754 2423 Critiae
1806 2372 2130 2424 mentionem
2185 2369 2347 2423 ullam

386 2459 581 2513 factam
622 2473 738 2511 esse
779 2462 871 2510 aut
927 2457 1087 2510 etiam
1131 2456 1247 2510 fieri
1288 2457 1541 2526 potuisse.
1618 2457 1797 2525 >Unum
1838 2465 2032 2512 testem
2075 2457 2347 2511 oculatum
2420 2447 2423 2451 ’

388 2546 680 2608 habemuS,
722 2544 810 2598 cui
858 2543 921 2598 de
964 2543 1196 2597 Socratis
1242 2543 1438 2598 iudicio
1478 2546 1720 2599 narranti
1754 2544 1899 2599 credi
1943 2547 2140 2616 possit,
2183 2545 2352 2598 Plato·
2415 2558 2418 2559 ’

349 2652 528 2692 nem.
610 2631 759 2686 Plato
814 2632 867 2684 in
922 2631 1174 2702 Apologia
1228 2631 1452 2686 subinde
1493 2634 1607 2704 ipsa
1661 2640 2034 2687 accusatorum
2084 2633 2243 2687 verba
2294 2634 2351 2686 in

388 2725 503 2795 ipso
542 2720 740 2774 iudicio
780 2736 810 2772 a
853 2736 909 2773 se
954 2719 1136 2785 audita
1179 2719 1371 2783 refert,
1424 2720 1588 2774 veluti
1642 2738 1692 2792 p.
1734 2725 1818 2774 17.
1863 2721 1922 2774 A.
1980 2727 2033 2774 et
2083 2722 2352 2791 imprimis
2416 2756 2422 2780 ,-

387 2829 439 2882 p.
481 2812 568 2863 29.
609 2807 662 2861 C.
714 2806 806 2860 ubi
850 2809 1038 2878 ipsum.-
1076 2809 1240 2880 Anyti
1294 2808 1568 2862 exordium
1610 2809 1874 2863 servavit:
1923 2811 2140 2869 ’Ἄνυτος
2183 2808 2283 2877 ἔφη
2321 2810 2348 2873 ἢ
2412 2858 2413 2861 ,

386 2900 478 2960 τὴν
520 2898 684 2963 οέρχην
725 2897 811 2960 μὴ·
840 2883 958 2950 δεῖν·
982 2889 1085 2961 ἐμὲ
1115 2898 1251 2964 δεῦρο
1289 2898 1529 2950 εἰσελθεῖν
1570 2898 1598 2960 ἢ
1642 2899 1812 2959 ἐπειδὴ
1849 2899 2075 2959 εἰσῆλθον
2110 2899 2210 2964 οὐχ
2254 2893 2351 2950 οἷόν
2414 2883 2415 2886 ¹

385 3007 446 3040 τε
479 2982 606 3038 εἶναι
646 2986 703 3038 τὸ
742 2986 815 3051 ,ufey
856 2985 1162 3038 άποκτεῖναί
1207 3006 1307 3050 με,
1360 2985 1526 3050 λέγων
1579 2987 1696 3053 πρὸς
1739 2987 1874 3050 ὑμᾶς
1898 3026 1912 3048 ,
1952 2988 2015 3045 ὡς
2055 2987 2096 3039 εἰ
2139 2986 2350 3053 διαφευ-
2415 2981 2418 2985 ’

386 3073 568 3140 ξοίμην
618 3072 708 3134 ἤδη
762 3071 825 3126 ἂν
881 3072 1015 3135 ὑμῶν
1055 3074 1097 3125 οἱ
1146 3075 1267 3133 υἱεῖς
1309 3073 1688 3135 ἐπιτηδεύοντες
1727 3071 1763 3127 ἃ
1804 3073 2080 3140 Σωκράτης
2121 3072 2346 3127 διδάσκει
2406 3082 2417 3146 {⁵

390 3162 583 3221 πάντες
639 3158 948 3212 παντάπασι
1007 3160 1456 3227 διαφθαρήσονται.
1547 3162 1903 3231 Agnoscimus
1971 3161 2246 3230 ingenium
2299 3168 2351 3214 et

387 3250 685 3304 orationem
738 3246 1006 3308 hominiS,
1064 3263 1220 3315 quem
1272 3249 1417 3302 Plato
1466 3249 1520 3302 in
1575 3249 1794 3301 Menone
1850 3246 2103 3301 describit
2159 3248 2281 3301 inde
2321 3264 2352 3301 a

303 3386 310 3390 .
390 3342 507 3410 pag.
544 3340 632 3390 89.
678 3335 741 3389 Ε.
797 3333 889 3386 ubi
943 3331 1176 3387 demiror
1211 3352 1314 3389 non
1371 3337 1435 3390 ab
1474 3336 1719 3390 omnibus
1760 3343 2028 3406 receptam
2086 3353 2196 3389 esse
2246 3337 2350 3390 evi-

371 3419 601 3481 'dentem
645 3421 1029 3477 correctionem
1067 3422 1138 3482 εἷς
1179 3425 1336 3477 καλὸν
1377 3427 1498 3489 ἡμῖν
1541 3427 1822 3484 ’Άνυτος
1860 3422 1943 3478 ὅδε
1980 3423 2351 3492 παρεκαθέζετο

390 3532 487 3587 pro
545 3511 742 3572 αὐτὸς
802 3508 923 3574 ὅδε,
982 3511 1295 3580 praesertim
1355 3528 1520 3582 quum
1582 3512 1768 3566 multis
1833 3511 2087 3583 exemplis
2148 3517 2357 3566 constet:¹

324 3610 333 3620 “
392 3609 689 3658 ΑΝΤΤΟΣ
732 3599 786 3653 in
828 3597 982 3660 αὐτός
1029 3597 1279 3656 facillime
1326 3599 1605 3673 depravari
1645 3600 1832 3661 solere,
1913 3600 2185 3673 Imprimis
2227 3598 2351 3654 audi
