2436 4068
1327 223 1431 272 276

399 368 606 433 προσθεν
666 366 843 420 τούτου
893 365 1129 423 τιθέντες.
1212 364 1497 418 Usitatiore
1538 365 1699 417 etiam
1754 363 1922 423 forma
1978 367 2267 423 Pausanias
2302 372 2364 427 X.

401 457 453 510 2.
499 459 527 526 §
565 458 615 507 3.
657 453 953 519 ἐπίπροσθεν
991 459 1083 513 τῆς
1134 452 1407 516 εὐσεβείαις
1445 451 1517 504 τοὶ
1563 451 1706 517 κέρδη
1745 453 2044 518 ποιούμενοι.

474 540 624 607 Quod
658 541 908 594 continuo
949 539 1194 609 sequitur
1242 556 1317 593 vs.
1363 537 1530 592 1014.
1572 536 1609 592 οἵ
1648 541 1704 602 γ’
1745 536 1896 600 εἴποις
1937 542 2256 605 ἀντήκουσας
2302 545 2367 600 de

398 630 707 682 coniectura
751 627 1065 680 restitutum
1121 633 1236 691 est,
1284 643 1452 698 quum
1499 627 1552 678 in
1608 626 1758 680 libris
1811 626 1957 680 MSS.
1999 630 2246 684 omnibus
2299 634 2368 687 sit

396 718 515 783 πρὸς
557 713 594 769 οἵ
632 717 687 779 γ’
738 711 908 774 εἴπαις.
988 714 1053 768 Et
1089 715 1212 783 πρός
1255 714 1471 786 quidem
1525 712 1842 768 additicium
1883 731 1998 769 esse
2041 724 2094 770 et
2134 722 2366 790 expungi

393 808 635 873 oportere
674 817 894 872 prorsus
930 803 1225 865 assentior,
1266 802 1358 856 sed
1397 801 1630 855 nondum
1683 802 1784 856 loci
1825 802 2247 859 emendationem
2288 809 2365 861 sic

394 888 685 960 perfectam
729 906 844 943 esse
893 895 1048 959 puto:
1091 889 1244 944 nihili
1296 891 1438 945 enim
1479 895 1561 943 est
1600 910 1667 953 γε
1705 907 1808 943 non
1846 891 1948 944 alio
1983 892 2095 945 loco
2131 894 2365 964 ineptius

393 993 556 1047 quam
598 976 685 1030 bic
720 977 1016 1041 insertum,
1070 977 1413 1048 quamobrem
1457 977 1830 1048 corrigendum
1873 996 1986 1033 esse
2030 980 2108 1033 sic
2147 997 2362 1036 censeo:

390 1063 513 1119 ἅττ’
565 1062 718 1126 εἴποις
777 1067 1131 1128 οὶντήκουσ-ωςε
1193 1065 1444 1137 quidquid
1510 1065 1732 1128 dixisti,
1789 1067 2000 1136 inquit,
2065 1086 2365 1139 responsum

393 1163 467 1206 est
507 1153 632 1207 tibi:
693 1153 942 1224 respondi
990 1154 1055 1207 ad
1094 1154 1308 1216 omnia,
1363 1170 1498 1224 quae
1541 1151 1742 1206 dixisti.
1822 1154 2142 1208 Pronomina
2187 1157 2365 1210 Attica

391 1238 535 1295 ἅττα
573 1247 627 1295 et
665 1239 808 1295 ἄττα
850 1258 1100 1313 persaepe
1139 1241 1480 1295 librariorum
1520 1240 1777 1294 violentas
1817 1257 2008 1296 manus
2063 1251 2362 1297 senserunt.

390 1327 706 1383 Nesciebant
764 1328 1008 1384 Graeculi
1069 1329 1196 1400 quid
1245 1335 1384 1383 esset
1428 1328 1572 1383 ἄττα
1624 1328 1704 1383 vel
1759 1326 1902 1383 ἅττα
1963 1336 2016 1383 et
2065 1330 2205 1385 docti
2254 1348 2362 1386 ma·
2408 1348 2410 1350 ’

389 1417 548 1488 gistri
595 1415 795 1470 frustra
843 1417 1433 1480 seduloinculcabant,
1474 1417 1566 1487 qui
1613 1423 1794 1471 tamen
1847 1424 1898 1470 et
1945 1418 2047 1488 ipsi
2094 1418 2158 1472 de
2205 1435 2266 1474 ea
2306 1437 2364 1475 re

390 1521 496 1558 non
544 1503 830 1558 admodum
883 1511 1040 1560 acute
1086 1505 1428 1576 scriptitant,
1481 1504 1602 1559 vide
1655 1504 1828 1560 Schol.
1874 1504 2106 1560 Platonis
2154 1506 2220 1560 ad
2269 1506 2361 1563 So-

391 1591 626 1663 phistam
665 1610 715 1663 p.
750 1594 888 1656 371,
948 1592 1418 1663 Harpocrationem
1463 1610 1508 1645 v.
1557 1596 1774 1656 Ἄτται,
1829 1592 2250 1649 Grammaticum
2306 1596 2359 1648 in

390 1681 617 1741 Bekkeri
661 1679 859 1735 Anecd.
902 1697 952 1750 p.
989 1683 1098 1735 460
1139 1697 1213 1752 sq.
1265 1689 1317 1735 et
1367 1679 1586 1735 Suidam
1627 1699 1674 1734 v.
1710 1684 1923 1745 Ἄτται,
1979 1683 2071 1752 qui
2111 1699 2295 1736 omnes
2332 1700 2361 1737 e

389 1769 663 1822 communi
698 1767 844 1822 fonte
895 1767 1220 1833 hauserunt,
1265 1778 1318 1823 et
1368 1770 1546 1823 nescio
1586 1787 1743 1840 quem
1785 1771 2142 1840 antiquiorem
2195 1772 2361 1841 magi-

388 1863 564 1910 strum
618 1863 918 1928 sequuntur
969 1865 1021 1911 et
1061 1856 1386 1911 exscribunt.
1467 1857 1568 1910 Pro
1607 1855 1762 1912 ἅτινα
1820 1857 1972 1912 Iones
2023 1855 2165 1912 ἅσσα
2221 1857 2360 1913 dice-

387 1944 547 2009 bant,
604 1952 665 1999 ut
704 1943 848 1998 bico-x
887 1960 982 2015 pro
1020 1944 1170 1998 τινώε
1228 1946 1409 2016 itaque
1449 1953 1509 1999 ut
1547 1946 1687 2000 ποῖόν
1737 1967 1786 2000 τι
1840 1945 2101 2000 Graecum
2149 1952 2229 2000 est
2283 1947 2361 2000 sic

384 2034 439 2087 in
480 2032 674 2106 plurali
713 2049 936 2087 numero
976 2036 1080 2087 ποῖ
1112 2032 1254 2088 ἄσσα
1295 2033 1558 2088 dicebant.
1641 2034 1701 2088 In
1743 2032 1978 2107 Odyssea
2016 2043 2082 2097 T.
2122 2039 2262 2091 218:

687 2121 801 2175 εἶπέ
840 2141 923 2186 μοι
966 2123 1141 2177 ὁπποῖ’
1179 2122 1322 2176 οἷο-σω
1363 2123 1472 2190 περὶ
1512 2121 1634 2190 χροῒ
1669 2119 1866 2187 efficeret
1906 2120 2024 2185 ἕςο,

376 2216 598 2264 tantum
651 2208 834 2272 abest,
894 2215 954 2262 ut
993 2208 1136 2263 ἄσσα
1193 2226 1586 2281 supervacuum
1645 2211 1715 2263 sit
1771 2209 1928 2282 (quae
1979 2210 2356 2277 nonnullorum

384 2297 562 2369 opinio
614 2295 715 2368 est)
767 2301 827 2350 ut
880 2295 1024 2351 salva
1078 2298 1379 2352 Graecitate
1428 2297 1610 2353 abesse
1666 2315 1770 2351 non
1829 2298 2011 2369 possit.
2091 2297 2356 2353 Differunt

383 2385 721 2440 enimcerto
763 2401 866 2438 usu
905 2393 1042 2445 ποῖος
1086 2392 1139 2440 et
1175 2385 1316 2446 ποῖός
1355 2407 1470 2449 τις,
1519 2392 1581 2438 ιιι
1636 2393 1773 2446 ποῖος
1833 2402 1956 2440 cum
1999 2386 2246 2440 irrisione
2279 2385 2355 2439 di-

382 2479 572 2536 catur,
634 2478 692 2526 ut
750 2488 912 2544 supra
965 2473 1327 2538 ostendimuS,
1386 2481 1526 2534 ποῖος
1581 2473 1866 2541 μάγειρος;
1925 2491 2076 2545 quem
2117 2482 2171 2526 tu
2223 2474 2356 2527 mihi

381 2578 598 2632 coquum
647 2562 881 2613 narras?
922 2562 1062 2621 ποῖός
1102 2583 1180 2622 τις
1224 2562 1314 2615 ubi
1356 2563 1495 2616 serio
1533 2562 1812 2633 quaeritur
1863 2560 1928 2615 de
1972 2561 2199 2615 alicuius
2240 2578 2354 2633 per-

380 2635 540 2704 sonae
591 2655 683 2702 aut
735 2648 813 2702 rei
854 2649 1098 2719 ingenio,
1153 2649 1364 2712 indole,
1409 2656 1604 2704 natura
1658 2656 1751 2703 aut
1791 2666 2001 2720 genere.
2081 2649 2140 2703 In
2193 2651 2354 2723 Lysia

380 2738 494 2792 XX.
537 2740 586 2791 2.
642 2736 852 2804 αἱρεθεὶς
909 2737 1005 2791 ὑπὸ
1044 2742 1140 2791 τῶν
1187 2743 1456 2807 φυλετῶν,
1514 2731 1558 2792 οἳ
1611 2736 1766 2804 ἄριςοι
1818 2739 2071 2803 διαγνοῖεν
2123 2737 2186 2791 ἂν
2239 2737 2349 2804 περὶ

378 2829 523 2894 σφῶν
564 2825 731 2880 αὐτῶν
785 2825 941 2879 ὁποῖοί
978 2847 1110 2886 τινες
1146 2827 1307 2891 εἰσ-ἰν,
1369 2828 1414 2880 si
1451 2826 1697 2879 omiseris
1736 2826 1866 2886 τινές
1921 2826 2108 2880 vitiose
2147 2825 2351 2880 dictum

379 2914 500 2967 erit.
581 2910 762 2967 Obiter
815 2912 1039 2968 emenda
1094 2907 1137 2968 οἳ
1176 2914 1308 2982 ἄρις·’
1359 2915 1423 2969 ἂν
1469 2915 1723 2980 διαγνοῖεν
1778 2914 1888 2981 περὶ
1944 2918 2087 2980 σφῶν
2141 2916 2344 2968 αὐτῶνε

379 2998 629 3054 adverbia
682 3001 824 3054 enim
879 3002 931 3054 in
986 3001 1182 3057 talibus
1240 3002 1482 3057 voculam
1543 3000 1606 3055 ἄν
1667 3001 1889 3055 trahunt
1945 3000 2010 3054 ad
2063 3018 2194 3055 sese.
2288 3001 2347 3054 In

379 3087 744 3160 Xenophontis
786 3089 1019 3144 Anabasi
1055 3091 1117 3144 V.
1163 3106 1209 3143 v.
1259 3095 1340 3145 15.
1400 3091 1622 3158 ἐρωτᾶτε
1658 3091 1833 3143 ὁποίων
1867 3094 2009 3142 τινῶν
2051 3091 2190 3154 ἡμῶν
2239 3087 2349 3142 ἔτυ·
2433 3095 2436 3172 j

378 3196 473 3243 χον
514 3177 875 3231 necessarium
914 3185 994 3232 est
1032 3185 1198 3241 τινῶν,
1240 3186 1300 3231 ιιι
1344 3178 1475 3232 bene
1512 3177 1710 3232 Graeca
1747 3178 1816 3230 sit
1849 3177 2034 3230 oratic.
2111 3176 2173 3229 In
2215 3176 2350 3230 Ana·
2432 3178 2436 3223 1

377 3263 492 3320 basi
530 3263 643 3317 VII.
684 3281 751 3317 vi.
797 3269 846 3319 4.
904 3267 1192 3333 ἐρωτώντων
1229 3267 1279 3320 δὲ
1319 3267 1397 3326 τίς
1439 3267 1559 3332 ἀνὴρ
1601 3265 1675 3326 εἴη
1718 3269 1982 3333 Ξενοφῶν,
2038 3265 2347 3331 ἁπεκρίνατο
2431 3231 2435 3319 i

376 3350 452 3406 ὅτι
493 3351 563 3406 τὰ
599 3352 693 3417 μὲν
732 3350 880 3406 ἄλλοι
920 3354 994 3416 εἴη
1034 3357 1087 3408 οὐ
1128 3353 1320 3416 κακός,
1359 3353 1766 3422 φιλοςροιτιώτης
1809 3352 1890 3414 δέ,
1933 3357 2139 3422 poterat
2178 3352 2347 3405 Xeno·
2428 3322 2436 3459 fi

376 3439 516 3511 phon
557 3457 652 3511 pro
690 3440 768 3500 τίς
808 3443 929 3509 ἀνήρ
970 3441 1202 3497 scribere
1241 3440 1381 3501 ποῖός
1420 3462 1497 3500 τις
1538 3442 1696 3507 ἁνήρ,
1738 3440 1828 3494 sed
1867 3447 2003 3499 ποῖος
2045 3441 2165 3507 ἀνήρ
2219 3440 2346 3493 scri·
2428 3462 2430 3517 ᾗ

376 3527 499 3581 bere
539 3545 642 3581 non
684 3534 910 3600 poterat.
993 3530 1177 3601 Itaque
1223 3531 1299 3583 sic
1337 3530 1532 3600 passim
1575 3526 1752 3591 οἷο-σοι,
1796 3527 1939 3582 ἄσσα
1965 3571 1977 3592 ,
2022 3531 2130 3582 ποῖ’
2168 3527 2343 3589 ἄττοι,
2428 3529 2429 3536 ’

378 3616 508 3669 ὁποῖ’
561 3615 702 3671 ἄττα
745 3622 797 3670 et
845 3616 1038 3673 similia
1095 3624 1386 3672 occurrunt
1427 3623 1478 3672 et
1525 3618 1822 3673 rectissime
1877 3615 2016 3688 apud
2056 3616 2342 3674 Homerum

1714 3718 1743 3753 Q
2428 3699 2436 3867 1

2428 3871 2436 3927 ἐ

2426 3947 2436 3983 ,¹³

2426 3985 2436 4031 ι
