2436 4068
1013 189 1114 238 577

84 343 261 411 potest
299 333 442 407 apud
484 331 802 387 Aeschinem
844 331 900 384 iu
939 327 1256 384 Timarchea
1309 330 1338 398 §
1380 332 1435 383 5.
1466 324 1589 382 ὅταν
1623 328 1697 392 μὴ
1731 330 2066 390 καταλύησθε

6 458 10 462 -
84 427 183 480 ὑπὸ
222 429 319 478 τῶν
358 421 786 490 παρανομούντων
842 419 928 473 καὶ
982 420 1225 483 ἀσελγῶς
1277 415 1605 482 βιούντων
1651 431 1758 469 non
1812 433 1928 472 esse
1967 417 2067 471 hoc

83 511 432 585 participium
485 510 722 580 positum
776 524 873 579 pro
925 507 1120 575 ζώντων
1169 503 1260 559 sed
1304 521 1398 576 pro
1447 502 1726 572 ζησάντων.
1807 503 1938 572 Quis
1986 512 2068 559 est

85 599 279 655 talium
333 612 517 652 rerum
570 596 778 667 peritus
833 595 926 666 qui
979 595 1120 648 serio
1173 592 1360 648 credat
1407 594 1650 658 ἀσελγῶς
1704 592 1817 659 βιοῖ
1863 610 1959 665 pro
2006 595 2069 664 ζῇ

82 687 264 743 Attice
320 683 428 739 dici
479 682 673 755 posse?
755 682 891 736 Hinc
933 681 1102 735 facile·
1139 687 1364 752 apparet
1415 696 1577 752 quam
1619 678 1908 735 infeliciter
1951 680 2065 736 Ste-

83 773 296 848 phanus
334 770 624 827 tentaverit
662 769 841 824 locum
895 769 1085 842 Lysiae
1121 768 1209 822 vl.
1254 772 1343 822 51.
1396 771 1537 822 τοῦτ’
1589 767 1664 826 ἔτι
1703 769 1761 823 τὸ
1815 769 1902 824 τὸν
1952 769 2066 836 βίον

82 863 345 929 ἀβίωτον,
405 875 669 931 reponens
709 862 769 913 τὸ
806 858 892 912 τὸν
949 857 1062 924 βίον
1119 854 1306 930 (βιοῦν)
1355 854 1616 921 ἀβίωτον,
1675 855 1817 927 quod
1871 856 2066 912 nollem

84 949 334 1006 Editores
389 947 736 1019 recepissent.
815 944 1006 1001 Melius
1043 943 1307 1015 recipient
1358 943 1419 998 τὸ
1476 942 1510 1010 ζ
1521 950 1586 1006 ἦν
1638 944 1753 1010 βίον
1807 945 2064 1010 ἀβίωτον,

83 1037 269 1094 nullus
306 1037 452 1091 enim
505 1033 736 1090 articulo
774 1034 861 1089 τόν
902 1033 1051 1088 locus
1090 1038 1188 1088 est.
1267 1029 1545 1086 Philemon
1585 1030 1728 1103 apud
1779 1030 2066 1088 Stobaeum

79 1124 262 1182 Floril.
306 1123 535 1180 xcvnl.
582 1127 668 1177 14.

388 1215 538 1279 ἡμεῖς
578 1211 623 1264 δ’
661 1209 887 1276 ἀβίωτον
925 1207 1092 1276 ζῶμεν
1134 1205 1378 1276 ἄνθρωποι
1417 1207 1566 1273 βίον,

82 1302 174 1359 cui
228 1300 394 1358 redde
447 1297 728 1367 ἅνθρωποι,
785 1313 908 1351 nam
963 1296 1226 1352 Graecum
1280 1302 1361 1351 est
1402 1298 1551 1362 ἡμεῖς
1589 1296 1632 1350 οἱ
1672 1294 1954 1365 ἅνθρωποι,
2008 1305 2068 1351 ut

85 1390 292 1464 opinor.
371 1387 557 1444 Solent
598 1391 780 1441 autem
836 1385 1140 1457 promiscue
1188 1385 1314 1457 poni
1352 1383 1500 1450 βιούς
1552 1389 1606 1439 et
1648 1385 1953 1451 βεβιωκώς,
2007 1391 2068 1440 ut

77 1479 402 1542 τελευτήσας
448 1483 504 1531 et
551 1475 951 1537 τετελευτηκώς.
1029 1475 1270 1542 Αἷσχρῶς
1320 1473 1589 1540 βεβιωκώς
1631 1473 1687 1527 in
1742 1490 1802 1528 re
1857 1472 2065 1527 similli-

80 1582 171 1623 ma
220 1564 358 1621 dixit
409 1562 703 1620 Aeschines
757 1562 813 1616 in
867 1561 1186 1616 Timarchea
1237 1564 1267 1633 §
1312 1565 1367 1618 5.
1449 1560 1598 1616 Idem
1647 1561 1702 1614 in
1753 1560 2065 1635 Ctesiphon-

79 1661 168 1710 tea
216 1655 248 1725 §
295 1656 421 1708 174.
477 1650 757 1707 coniunxit
806 1650 961 1711 δεινὸς
1015 1650 1192 1716 λέγειν
1242 1656 1297 1705 et
1346 1650 1504 1711 κακὸς
1555 1650 1756 1716 βιῶναι.
1836 1650 1896 1704 In
1945 1649 2062 1726 *dia-

81 1741 203 1814 logo
244 1741 437 1796 incerti
477 1740 717 1795 auctoris
750 1740 862 1807 περὶ
903 1740 1089 1807 αρετῆς
1137 1739 1280 1793 inter
1328 1738 1629 1792 Platonicos
1669 1738 1755 1793 edi
1795 1737 1951 1793 solito
1991 1738 2063 1794 le-

78 1830 229 1902 gitur
268 1846 320 1902 p.
354 1832 464 1884 578
503 1829 565 1883 A.
605 1827 797 1883 τούτων
830 1823 975 1881 οἶσθα
1008 1827 1094 1881 τὸν
1133 1824 1298 1895 ἕτερον
1325 1826 1486 1896 μέχρι
1518 1828 1686 1894 γήρως
1736 1827 2062 1894 βιοῦντα,

79 1917 136 1973 id
178 1925 261 1973 est
298 1917 494 1971 vixisse
534 1933 704 1988 usque
739 1914 806 1970 ad
842 1921 1191 1970 senectutem.
1274 1914 1449 1970 Semel
1488 1914 1642 1970 video
1678 1916 1926 1982 βιοῦντας
1968 1933 2063 1988 pro

76 2006 271 2076 ζῶντας
323 2006 558 2079 positum
607 2003 750 2077 apud
805 2004 1074 2059 incertum
1133 2010 1411 2059 auctorem
1469 2003 1694 2059 Axiochi
1747 2021 1797 2077 p.
1835 2007 1942 2059 368
1997 2005 2055 2060 B.

72 2096 210 2163 μήτε
232 2135 248 2159 ,
298 2097 364 2156 ὦς
409 2095 722 2165 ὦπεφῆνατο
763 2093 921 2157 Βίας,
959 2093 1013 2146 ἐν
1050 2098 1158 2155 τοῖς
1194 2091 1483 2155 τεθνηκόσιν
1517 2091 1641 2147 ὄντα
1679 2094 1816 2158 μήτε
1856 2094 1908 2147 ἐν
1947 2101 2054 2155 τοῖς

72 2185 373 2252 βιοῦσιν,
427 2181 519 2237 sed
576 2182 780 2236 Biantis
840 2181 1146 2235 Prienensis
1186 2179 1286 2235 hoc
1338 2179 1560 2236 verbum
1622 2187 1704 2236 est
1756 2180 1936 2235 Ionice
1985 2180 2057 2236 lo-

72 2271 312 2344 quentiS.
386 2269 597 2342 Ecquid
652 2286 796 2324 nunc
849 2268 984 2324 mihi
1038 2267 1225 2324 credes
1269 2269 1324 2323 in
1377 2269 1616 2324 Platonis
1670 2267 1951 2325 Phaedone
1997 2287 2053 2342 p.

77 2363 183 2415 113
223 2359 286 2415 Ι).
334 2357 634 2431 philosophi
686 2374 909 2412 manum
944 2374 1059 2413 esse
1105 2356 1158 2412 οἵ
1186 2378 1245 2412 τε
1298 2363 1471 2419 καλῶς
1523 2358 1835 2425 βιοῦντες
1874 2358 1962 2414 καὶ
2006 2361 2050 2413 οἱ

0 2481 2 2527 k
70 2450 180 2514 μή,
219 2464 316 2520 pro
353 2445 684 2514 βιώσαντεςῖ
722 2446 1007 2511 Graeculi,
1047 2444 1244 2518 quibus
1261 2444 1825 2513 &meum-,videbatur
1864 2445 2049 2515 ζῶντες

71 2535 414 2608 significare,
453 2534 519 2590 de
557 2551 655 2589 suo
692 2535 943 2589 aot-istum
979 2533 1273 2599 dederunt,
1314 2551 1420 2606 quo
1474 2534 1768 2590 utebantur
1807 2535 1941 2606 ipsi,
1996 2542 2052 2591 et

70 2641 177 2679 non
217 2624 390 2695 magis
445 2624 644 2691 βιώσας
684 2640 780 2695 pro
837 2623 982 2689 βιούς
1026 2622 1199 2695 potuit
1254 2621 1403 2677 Plato
1448 2623 1562 2695 ipse
1603 2621 1840 2677 scrihere
1886 2639 2047 2695 quam

70 2711 372 2780 ἀποδράσας
412 2727 510 2785 pro
547 2711 792 2780 ἀποδράς.
875 2709 978 2766 Sed
1018 2710 1085 2765 ad
1127 2709 1540 2766 Oeconomicum
1593 2710 1901 2770 revertendi
1941 2713 2048 2768 iam

71 2806 286 2873 tempus
322 2806 420 2855 est.

144 2888 206 2943 In
244 2888 332 2944 lv,
377 2892 430 2944 8.
494 2889 856 2944 necessarium
890 2888 996 2956 γάρ
1037 2886 1235 2943 excidit
1277 2886 1746 2961 supplendumque
1781 2895 1862 2943 est
1900 2891 2047 2958 παρα

67 2977 165 3045 μὲν
206 2976 351 3051 (γὰρ)
410 2978 569 3045 Κύρου
608 2978 767 3039 οὐδεὶς
817 2978 1038 3043 λέγεται
1086 2979 1444 3043 αὐτομολῆσαι
1499 2977 1621 3045 πρὸς
1664 2976 1751 3032 τὸν
1792 2978 2045 3044 βασιλέα.

69 3064 316 3122 Diximus
356 3064 421 3121 de
458 3082 519 3120 ea
559 3083 618 3121 re
658 3065 912 3121 nonnulla
956 3067 1006 3119 in
1047 3063 1431 3137 superioribus,

146 3152 327 3210 Sensit
364 3155 418 3208 in
464 3156 492 3225 S
540 3158 624 3210 19.
680 3153 1019 3209 Heindorfius
1057 3152 1319 3208 emblema
1354 3170 1470 3209 csse
1512 3170 1576 3209 ex
1608 3153 1839 3210 Anabasi
1882 3156 2047 3210 inser·

70 3247 188 3296 tum
232 3242 394 3314 [πλήν
427 3262 494 3307 γε
532 3243 780 3310 Ἀριαίου.
862 3245 1084 3311 Ἀριαῖος
1123 3243 1167 3297 δ’
1208 3241 1398 3311 ἔτυχεν
1437 3243 1521 3298 ἐπὶ
1579 3245 1651 3312 τῷ
1692 3244 1930 3312 εὐωνύμῳ
1966 3243 2046 3298 κέ·

0 3349 5 3407 Ι
70 3348 187 3396 ρατι
239 3331 609 3402 cumulator}
688 3330 821 3399 Quis
881 3336 1123 3385 nostrum
1168 3347 1270 3385 non
1327 3329 1631 3386 subrideret
1684 3331 1729 3385 si
1776 3347 1937 3403 quem
1990 3332 2046 3386 in

0 3426 5 3502 f
72 3415 236 3471 simili
277 3434 336 3472 re
372 3416 681 3474 huiusmodi
722 3417 851 3490 quid
896 3418 1321 3492 interponentem
1364 3417 1720 3473 audiremus?

0 3506 2 3519 '
149 3502 208 3558 ln
266 3506 294 3573 §
340 3507 426 3559 23.
489 3508 787 3563 rectissime
827 3506 1031 3562 «lictum
1077 3515 1157 3563 cst
1204 3508 1315 3563 ἰδὼν
1355 3512 1454 3562 τῶν
1493 3507 1713 3572 ἱματίων
1753 3507 1810 3561 τὸ
1848 3506 2042 3568 καλλος

72 3590 132 3646 ὧν
187 3592 330 3660 εἶχεν
371 3594 459 3649 scil
520 3596 824 3666 importune
869 3597 924 3650 τὸ
980 3597 1171 3658 καλλος
1229 3597 1352 3651 hinc
1411 3595 1695 3666 repetitum
1756 3595 2047 3651 insinuavit
