2436 4068
0 2861 29 3110 Ἴ-α---ιήη--ιο
16 2707 32 2839 -‚o-·-v
16 2602 27 2662 5-
15 2484 26 2565 ’κ’-

0 2991 31 3202 „se-*⁴

1058 180 1164 229 559

122 334 207 382 est
244 333 484 386 Acme,
524 327 622 376 τῶν
662 324 719 376 ἐκ
761 330 853 386 τῆς
894 325 1113 387 Ἀσίας,
1169 340 1329 395 quam
1377 323 1561 377 Critici
1612 325 1791 378 neseio
1843 324 2107 395 quomodo

121 418 458 486 spreverunt.
537 410 783 464 lbid.1V.
823 429 892 466 lv.
936 415 986 464 6.
1029 413 1114 466 διὰ
1152 413 1209 466 τὸ
1252 412 1340 466 καὶ
1382 408 1518 479 ὅρους
1553 414 1892 467 ἀνασπᾶσθαι
1925 429 2107 466 emen-

121 501 189 556 da
247 500 610 563 οἷνεσποὲσθαι,
673 515 797 553 nam
853 498 1059 554 dudum
1110 500 1210 553 hoc
1257 499 1462 554 sactum
1511 507 1646 554 erat.
1727 500 1860 555 lbid.
1904 501 1992 554 lv.
2038 517 2105 554 ιν.

123 592 211 643 19.
271 606 368 661 pro
418 588 491 643 τα
538 588 714 655 νεώρια
754 587 903 655 ᾕρηκε
955 587 1000 639 εἰ
1042 586 1219 641 locum
1262 587 1551 658 diiigenter
1590 588 1936 661 perpenderis
1989 604 2105 642 sen-

117 677 221 731 ties
283 676 489 747 requiri
542 676 731 743 ῇρῆκει.
810 673 943 728 lbid.
980 674 1069 728 lv,
1115 693 1221 729 vni.
1279 679 1332 729 4.
1389 674 1514 729 ὅταν
1572 677 1625 731 δέ
1673 698 1808 739 τινες
1867 678 1918 731 ἐν
1974 673 2145 742 συμ-Ἰ

117 770 303 834 φοραῖς
355 762 640 830 γενομένων
700 763 871 832 Φίλων
924 763 1134 829 βέβαιοι
1186 766 1387 829 φανῶσι
1441 767 1583 818 τοῦτ’
1630 767 1703 827 εἰς
1751 767 1839 821 τὸν
1885 762 2107 821 ἅπαντα

116 852 296 922 χρόνον
352 851 768 919 μνημονεύεται,
821 850 1077 906 videntur
1130 849 1229 904 hoc
1285 849 1400 904 loco
1462 853 1672 908 scribae
1719 852 1863 908 idem
1918 852 2108 908 secisse

115 940 258 1013 quod
310 957 468 1012 saepe
521 940 682 995 aiibi:
741 956 910 1012 quum
967 938 1251 1005 γενομένων
1304 939 1450 1008 φίλοι
1509 948 1649 995 esset
1699 942 1966 1013 scriptum
2028 957 2106 996 se·

115 1045 288 1100 quens
328 1028 649 1083 vocabulum
696 1028 763 1083 ad
804 1027 1174 1101 praecedentis
1216 1025 1444 1082 sormam
1495 1028 1664 1081 invita
1706 1030 1975 1083 sententia
2021 1046 2106 1083 ac-

114 1116 518 1172 commodantes
553 1116 819 1172 dederunt
851 1116 1136 1182 γενομένων
1171 1116 1405 1184 φίλων.
1487 1114 1849 1170 Utilissimum
1890 1123 1972 1171 est
2008 1117 2109 1171 hoc

116 1205 374 1260 vitiorum
411 1222 582 1276 genus
622 1211 677 1259 et
711 1204 1070 1276 plurimorum
1113 1203 1435 1258 mendorum
1470 1202 1672 1258 fontem
1714 1204 1876 1276 probe
1914 1222 2107 1277 cogno·

123 1293 282 1348 visse.
363 1292 443 1348 Ad
481 1292 762 1365 Euripidis
795 1293 976 1348 Ionem
1014 1310 1094 1346 vs·
1140 1295 1334 1356 1120„
1378 1290 1468 1346 ubi
1510 1291 1564 1345 in
1608 1290 1761 1347 libris
1802 1299 1918 1347 est:

498 1382 780 1447 ε’γνώσμεθ’
820 1379 879 1445 ἐξ
917 1380 1026 1435 ἴσου
1067 1380 1151 1434 κὲν
1192 1379 1401 1442 ὑςοέτοις
1444 1388 1659 1445 κακοῖς,

113 1486 244 1543 pro:

497 1557 676 1623 ἔγνως.
716 1556 946 1623 μεθέξεις
987 1559 1078 1612 οὐκ
1117 1557 1169 1612 ἐν
1210 1556 1416 1618 ὑςοέτοις
1458 1562 1650 1621 κακοῦ,

117 1645 572 1719 deprehendimus
615 1645 1001 1700 homunciones
1038 1647 1123 1700 ἐπ’
1164 1646 1443 1715 αὐτοφώρῳ
1483 1645 1784 1718 genitivum
1840 1648 2002 1699 κακοῦ
2039 1643 2107 1699 ad

117 1733 444 1807 praecedens
481 1733 692 1795 ὑςιέτοις
745 1734 912 1789 stulte
963 1734 1448 1789 accommodantes,
1529 1733 1825 1789 verissime
1865 1732 1933 1787 ad
1980 1732 2031 1787 h.
2070 1732 2106 1786 Ι.

118 1821 401 1878 admonuit
436 1821 702 1877 Badham:
754 1824 835 1877 »εἰ
872 1823 991 1895 quis
1031 1822 1165 1878 hanc
1204 1823 1499 1877 scribarum
1542 1821 1963 1877 consuetudinem
2009 1821 2107 1876 mi·

117 1928 219 1965 nus
254 1911 476 1965 attendit
514 1911 579 1966 de
614 1911 795 1966 mullis
824 1911 1222 1966 correctionibus
1264 1918 1434 1982 utpote
1471 1911 1633 1964 nimis
1672 1910 1957 1964 audacibus
2014 1910 2107 1964 du-

119 2000 334 2065 bitabit,
372 2018 506 2072 quae
545 2008 715 2055 certae
751 2008 799 2054 et
835 2001 1156 2054 necessariae
1196 1999 1364 2053 videri
1401 1999 1644 2053 debent.''
1686 1998 1920 2055 Adducit
1959 1998 2105 2054 dein-

116 2087 184 2143 de
224 2087 386 2142 huius
423 2087 500 2142 rei
529 2087 835 2161 exemplum
875 2087 1373 2143 luculentissimum
1413 2103 1478 2142 ex
1511 2087 1742 2142 Anabasi
1780 2087 1893 2142 Vll.
1937 2105 1971 2142 1.
2015 2091 2104 2142 28.

119 2175 211 2231 nbi
251 2191 415 2230 sensu
455 2192 686 2230 vacuum
729 2183 809 2231 est
861 2176 1003 2248 quod
1039 2175 1296 2231 exhibent
1350 2175 1474 2228 libri
1525 2193 1735 2231 omnes:
1776 2176 2107 2242 Λακεδαιμο·

115 2265 229 2320 νίων
263 2263 360 2329 μὲν
399 2263 488 2317 καὶ
539 2269 639 2318 τῶν
692 2264 928 2332 Ἀχαιῶν
972 2262 1277 2332 συμμάχων
1319 2264 1696 2333 ὑπαρχόντων,
1738 2265 2018 2327 Ἀθηναίων
2053 2265 2106 2320 δὲ

114 2351 203 2408 καὶ
257 2349 359 2406 ὅσοι
401 2352 605 2413 ἐκείνοις
649 2352 772 2408 τότε
825 2350 955 2417 ἦσαν
1005 2352 1284 2420 σύμμαχοι
1338 2352 1547 2407 πάντων
1580 2353 2105 2420 προσγεγενημένων,

115 2449 172 2497 et
211 2439 347 2495 nihil
391 2441 573 2495 verius
620 2448 704 2496 est
755 2440 1014 2496 Badhami
1074 2440 1474 2496 emendatione:
1534 2443 2105 2508 Λακεδαιμονίοις

114 2530 212 2596 μὲν
267 2527 355 2584 καὶ
407 2534 507 2583 τῶν
551 2530 853 2598 ἀρχαίων
905 2529 1208 2597 συμμάχων
1260 2530 1615 2598 ὑπαρχόντων.
1698 2531 1986 2604 praerepta
2025 2538 2110 2586 est

116 2623 299 2674 autem
340 2616 634 2689 palmariae
674 2618 1026 2673 correctionis
1076 2617 1195 2673 laus
1235 2634 1266 2672 a
1305 2617 1578 2683 Dobraeo,
1633 2619 1832 2674 eximio
1872 2619 2106 2684 Critico,

115 2707 172 2762 in
212 2706 372 2762 cuius
413 2704 748 2761 Adversariis
789 2706 828 2761 Ι.
884 2723 935 2779 p.
971 2711 1094 2761 155.
1137 2706 1203 2761 ad
1259 2706 1309 2761 h.
1349 2705 1382 2760 1.
1425 2713 1743 2762 annotatum
1783 2714 1866 2763 est
1902 2708 2105 2764 brevis-

115 2796 284 2851 sime:
347 2821 370 2843 ι
399 2794 541 2867 Leqe
578 2797 1005 2861 Λακεδαιμονίοις
1043 2797 1140 2862 μὲν
1177 2796 1264 2851 καὶ
1301 2800 1399 2850 τῶν
1438 2796 1730 2864 αρχαΙων.”
1808 2796 1965 2852 Iuvat
2001 2796 2106 2852 alia

115 2899 287 2957 pauca
328 2882 646 2938 mendorum
688 2883 928 2956 exempla
981 2883 1047 2938 ab
1087 2882 1271 2939 eadem
1333 2884 1514 2956 inepta
1565 2883 1873 2956 corrigendi
1926 2903 2104 2942 socor-

114 2971 204 3028 dia
244 2970 608 3044 profectorum
651 2970 907 3028 indicare.
990 2972 1048 3027 ln
1090 2973 1342 3027 Isocratis
1391 2973 1725 3047 Panegyrico
1773 2971 1814 3047 §
1848 2978 1940 3030 97.
1993 2993 2104 3031 om-

116 3061 268 3117 nium
309 3059 570 3115 librorum
613 3076 881 3115 consensu
921 3060 1135 3117 editur:
1177 3061 1649 3130 καταισχυνθέντες
1698 3061 1804 3131 γαρ
1845 3072 2103 3120 Πελοπον-

115 3152 269 3215 νήσιοι
307 3150 401 3212 τὴν
440 3149 625 3217 ἀρετὴν
665 3150 835 3204 αὐτῶν
882 3149 970 3205 καὶ
1011 3149 1313 3217 νομίσαντες
1354 3150 1830 3220 προδιαφθαρέντων
1867 3154 1965 3219 μὲν
2003 3159 2103 3210 τῶν

116 3238 370 3307 ἡμετέρων
406 3239 508 3293 οὐδ’
547 3238 693 3292 αὐτοὶ
744 3239 1055 3303 σωθήσεσθαι
1096 3238 1639 3308 κατορθωσάντων
1681 3239 1725 3293 δ’
1769 3242 1841 3301 εἷς
1880 3242 2100 3307 οὶτιμΙαν

117 3325 216 3386 τὰς
253 3326 422 3380 αὐτῶν
458 3325 634 3387 πόλεις
674 3328 1028 3391 καταςησειν,
1083 3326 1176 3381 sed
1221 3328 1645 3396 κατορθώσαντας
1695 3328 2099 3385 rescribendum

120 3429 236 3468 esse
271 3430 475 3470 censeo.
556 3414 831 3486 Perpende
878 3426 1059 3472 autem
1115 3433 1326 3471 mecum
1376 3417 1486 3471 sic:
1545 3417 1679 3477 τίνες
1722 3412 1850 3477 ἦσαν
1890 3419 1931 3470 οἱ
1973 3419 2101 3483 μέλ-

117 3514 293 3562 λοντες
351 3502 449 3563 τὰς
507 3505 919 3565 Πελοποννησίων
978 3504 1157 3566 πόλεις
1218 3506 1289 3567 εἷς
1343 3506 1562 3571 οὶτιμίαν
1622 3505 1977 3569 καταςήσεινς
2044 3514 2101 3561 ut

121 3606 263 3645 num:
300 3589 498 3661 legitur
527 3591 956 3663 respondendnm
994 3601 1102 3649 cst:
1148 3595 1188 3648 οἱ
1213 3595 1631 3657 Πελοποννήσιοι,
1673 3590 1762 3646 scd
1806 3590 2099 3649 absurdum
