<?xml version="1.0" encoding="UTF-8"?>
<!DOCTYPE html PUBLIC "-//W3C//DTD XHTML 1.0 Transitional//EN"
    "http://www.w3.org/TR/xhtml1/DTD/xhtml1-transitional.dtd">
<html xmlns="http://www.w3.org/1999/xhtml" xml:lang="en" lang="en">
 <head>
  <title>
</title>
<meta http-equiv="Content-Type" content="text/html;charset=utf-8" />
  <meta name='ocr-system' content='tesseract 3.04.00' />
  <meta name='ocr-capabilities' content='ocr_page ocr_carea ocr_par ocr_line ocrx_word'/>
</head>
<body>
  <div class='ocr_page' id='page_1' title='image "./novaelectionesqu00cobeuoft/novaelectionesqu00cobeuoft_0150.png"; bbox 0 0 2436 4068; ppageno 0'>
   <div class='ocr_carea' id='block_1_1' title="bbox 1330 289 1431 338">
    <p class='ocr_par' dir='ltr' id='par_1_1' title="bbox 1330 289 1431 338">
     <span class='ocr_line' id='line_1_1' title="bbox 1330 289 1431 338; baseline 0.02 -2"><span class='ocrx_word' id='word_1_1' title='bbox 1330 289 1431 338; x_wconf 82' lang='lat'><strong>116</strong></span> 
     </span>
    </p>
   </div>
   <div class='ocr_carea' id='block_1_2' title="bbox 387 429 2392 3743">
    <p class='ocr_par' dir='ltr' id='par_1_2' title="bbox 612 429 2090 500">
     <span class='ocr_line' id='line_1_2' title="bbox 612 429 2090 500; baseline -0.001 -15"><span class='ocrx_word' id='word_1_2' title='bbox 612 431 934 500; x_wconf 81' lang='grc' dir='ltr'><em>φεισόμεσθα</em></span> <span class='ocrx_word' id='word_1_3' title='bbox 975 429 1079 498; x_wconf 72' lang='grc' dir='ltr'><strong>γάρ</strong></span> <span class='ocrx_word' id='word_1_4' title='bbox 1115 452 1163 485; x_wconf 88' lang='grc' dir='ltr'><em>τι</em></span> <span class='ocrx_word' id='word_1_5' title='bbox 1202 431 1353 483; x_wconf 82' lang='grc' dir='ltr'><em>τῶνδε</em></span> <span class='ocrx_word' id='word_1_6' title='bbox 1394 432 1599 493; x_wconf 74' lang='grc' dir='ltr'><em>μάλλον</em></span> <span class='ocrx_word' id='word_1_7' title='bbox 1641 432 1789 495; x_wconf 76' lang='grc' dir='ltr'><em>ἡμεῖς</em></span> <span class='ocrx_word' id='word_1_8' title='bbox 1831 432 1859 493; x_wconf 79' lang='grc' dir='ltr'>ἢ</span> <span class='ocrx_word' id='word_1_9' title='bbox 1900 432 2090 494; x_wconf 82' lang='grc' dir='ltr'><em>λύκων,</em></span> 
     </span>
    </p>

    <p class='ocr_par' dir='ltr' id='par_1_3' title="bbox 387 516 2017 677">
     <span class='ocr_line' id='line_1_3' title="bbox 613 516 2017 584; baseline 0 -12"><span class='ocrx_word' id='word_1_10' title='bbox 613 520 641 581; x_wconf 77' lang='grc' dir='ltr'>ἢ</span> <span class='ocrx_word' id='word_1_11' title='bbox 678 519 821 580; x_wconf 86' lang='grc' dir='ltr'><em>τίνας</em></span> <span class='ocrx_word' id='word_1_12' title='bbox 860 518 1117 583; x_wconf 84' lang='grc' dir='ltr'><em>τισαίμεθ’</em></span> <span class='ocrx_word' id='word_1_13' title='bbox 1152 518 1346 578; x_wconf 73' lang='grc' dir='ltr'><em>ἄλλους</em></span> <span class='ocrx_word' id='word_1_14' title='bbox 1387 517 1533 570; x_wconf 74' lang='grc' dir='ltr'><em>τῶνδ’</em></span> <span class='ocrx_word' id='word_1_15' title='bbox 1566 516 1630 570; x_wconf 70' lang='grc' dir='ltr'><strong>ἂν</strong></span> <span class='ocrx_word' id='word_1_16' title='bbox 1670 519 1870 584; x_wconf 81' lang='grc' dir='ltr'><em>ἐχθίους</em></span> <span class='ocrx_word' id='word_1_17' title='bbox 1912 519 2017 580; x_wconf 79' lang='grc' dir='ltr'><em>ἔτι;</em></span> 
     </span>
     <span class='ocr_line' id='line_1_4' title="bbox 387 605 1262 677; baseline 0.001 -18"><span class='ocrx_word' id='word_1_18' title='bbox 387 605 583 676; x_wconf 88' lang='lat' dir='ltr'><strong>quibus</strong></span> <span class='ocrx_word' id='word_1_19' title='bbox 622 607 797 677; x_wconf 85' lang='lat' dir='ltr'><strong>Epops</strong></span> <span class='ocrx_word' id='word_1_20' title='bbox 838 606 912 659; x_wconf 87' lang='lat' dir='ltr'><strong>ita</strong></span> <span class='ocrx_word' id='word_1_21' title='bbox 949 605 1262 677; x_wconf 81' lang='lat' dir='ltr'>respondet:</span> 
     </span>
    </p>

    <p class='ocr_par' dir='ltr' id='par_1_4' title="bbox 392 692 2376 1009">
     <span class='ocr_line' id='line_1_5' title="bbox 618 692 2167 762; baseline -0.001 -16"><span class='ocrx_word' id='word_1_22' title='bbox 618 695 660 747; x_wconf 80' lang='grc' dir='ltr'><strong>εἰ</strong></span> <span class='ocrx_word' id='word_1_23' title='bbox 699 695 751 747; x_wconf 81' lang='grc' dir='ltr'><strong>δὲ</strong></span> <span class='ocrx_word' id='word_1_24' title='bbox 788 694 881 754; x_wconf 71' lang='grc' dir='ltr'><strong>τὴν</strong></span> <span class='ocrx_word' id='word_1_25' title='bbox 917 693 1075 762; x_wconf 87' lang='grc' dir='ltr'><em>φύσιν</em></span> <span class='ocrx_word' id='word_1_26' title='bbox 1114 693 1209 758; x_wconf 76' lang='grc' dir='ltr'><strong>μὲν</strong></span> <span class='ocrx_word' id='word_1_27' title='bbox 1250 692 1442 760; x_wconf 78' lang='grc' dir='ltr'><em>ἐχθροὶ,</em></span> <span class='ocrx_word' id='word_1_28' title='bbox 1481 695 1566 747; x_wconf 82' lang='grc' dir='ltr'><strong>τὸν</strong></span> <span class='ocrx_word' id='word_1_29' title='bbox 1607 694 1659 747; x_wconf 80' lang='grc' dir='ltr'><strong>δὲ</strong></span> <span class='ocrx_word' id='word_1_30' title='bbox 1699 697 1808 747; x_wconf 78' lang='grc' dir='ltr'><em>νοῦν</em></span> <span class='ocrx_word' id='word_1_31' title='bbox 1841 693 1966 748; x_wconf 77' lang='grc' dir='ltr'><em>εἰσὶν</em></span> <span class='ocrx_word' id='word_1_32' title='bbox 2004 692 2167 761; x_wconf 91' lang='grc' dir='ltr'><em>φίλοι.</em></span> 
     </span>
     <span class='ocr_line' id='line_1_6' title="bbox 394 777 2372 851; baseline -0.002 -19"><span class='ocrx_word' id='word_1_33' title='bbox 394 779 515 850; x_wconf 83' lang='lat' dir='ltr'><strong>quis</strong></span> <span class='ocrx_word' id='word_1_34' title='bbox 564 779 698 833; x_wconf 88' lang='lat' dir='ltr'><strong>vidit</strong></span> <span class='ocrx_word' id='word_1_35' title='bbox 748 796 1006 851; x_wconf 88' lang='lat' dir='ltr'><strong>umquam</strong></span> <span class='ocrx_word' id='word_1_36' title='bbox 1045 779 1142 845; x_wconf 83' lang='grc' dir='ltr'><strong>μέν</strong></span> <span class='ocrx_word' id='word_1_37' title='bbox 1180 786 1233 834; x_wconf 93' lang='lat' dir='ltr'><strong>et</strong></span> <span class='ocrx_word' id='word_1_38' title='bbox 1277 779 1330 834; x_wconf 80' lang='grc' dir='ltr'><strong>δέ</strong></span> <span class='ocrx_word' id='word_1_39' title='bbox 1371 780 1470 834; x_wconf 92' lang='lat' dir='ltr'><strong>hoc</strong></span> <span class='ocrx_word' id='word_1_40' title='bbox 1520 779 1676 834; x_wconf 88' lang='lat' dir='ltr'><strong>modo</strong></span> <span class='ocrx_word' id='word_1_41' title='bbox 1724 781 1780 833; x_wconf 92' lang='lat' dir='ltr'><strong>in</strong></span> <span class='ocrx_word' id='word_1_42' title='bbox 1824 781 2023 851; x_wconf 81' lang='lat' dir='ltr'>protasi</span> <span class='ocrx_word' id='word_1_43' title='bbox 2067 785 2120 833; x_wconf 88' lang='lat' dir='ltr'><strong>et</strong></span> <span class='ocrx_word' id='word_1_44' title='bbox 2159 777 2372 849; x_wconf 85' lang='lat' dir='ltr'><strong>apodosi</strong></span> 
     </span>
     <span class='ocr_line' id='line_1_7' title="bbox 392 867 2376 939; baseline -0.001 -19"><span class='ocrx_word' id='word_1_45' title='bbox 392 868 564 937; x_wconf 85' lang='lat' dir='ltr'><strong>posita</strong></span> <span class='ocrx_word' id='word_1_46' title='bbox 593 873 646 921; x_wconf 86' lang='lat' dir='ltr'><strong>et</strong></span> <span class='ocrx_word' id='word_1_47' title='bbox 676 868 797 938; x_wconf 88' lang='lat' dir='ltr'><strong>quis</strong></span> <span class='ocrx_word' id='word_1_48' title='bbox 827 869 901 922; x_wconf 87' lang='lat' dir='ltr'><strong>ita</strong></span> <span class='ocrx_word' id='word_1_49' title='bbox 931 867 1036 922; x_wconf 86' lang='lat' dir='ltr'><strong>dici</strong></span> <span class='ocrx_word' id='word_1_50' title='bbox 1067 883 1218 939; x_wconf 91' lang='lat' dir='ltr'><strong>posse</strong></span> <span class='ocrx_word' id='word_1_51' title='bbox 1247 868 1434 938; x_wconf 80' lang='lat' dir='ltr'><strong>putat?</strong></span> <span class='ocrx_word' id='word_1_52' title='bbox 1489 867 1631 921; x_wconf 89' lang='lat' dir='ltr'><strong>Nihil</strong></span> <span class='ocrx_word' id='word_1_53' title='bbox 1663 868 1866 923; x_wconf 85' lang='lat' dir='ltr'><strong>certius</strong></span> <span class='ocrx_word' id='word_1_54' title='bbox 1894 875 1974 922; x_wconf 86' lang='lat' dir='ltr'><strong>est</strong></span> <span class='ocrx_word' id='word_1_55' title='bbox 2004 883 2164 938; x_wconf 89' lang='lat' dir='ltr'><strong>quam</strong></span> <span class='ocrx_word' id='word_1_56' title='bbox 2200 882 2376 920; x_wconf 87' lang='lat' dir='ltr'><strong>emcn-</strong></span> 
     </span>
     <span class='ocr_line' id='line_1_8' title="bbox 395 954 811 1009; baseline 0 -1"><span class='ocrx_word' id='word_1_57' title='bbox 395 954 632 1009; x_wconf 85' lang='lat' dir='ltr'><strong>dandum</strong></span> <span class='ocrx_word' id='word_1_58' title='bbox 669 971 811 1009; x_wconf 86' lang='lat' dir='ltr'><strong>esse:</strong></span> 
     </span>
    </p>

    <p class='ocr_par' dir='ltr' id='par_1_5' title="bbox 393 1039 2149 1185">
     <span class='ocr_line' id='line_1_9' title="bbox 619 1039 2149 1112; baseline -0.001 -16"><span class='ocrx_word' id='word_1_59' title='bbox 619 1039 723 1096; x_wconf 74' lang='grc' dir='ltr'><em>οἵδε</em></span> <span class='ocrx_word' id='word_1_60' title='bbox 758 1042 851 1104; x_wconf 77' lang='grc' dir='ltr'><strong>την</strong></span> <span class='ocrx_word' id='word_1_61' title='bbox 889 1043 1047 1111; x_wconf 90' lang='grc' dir='ltr'><em>φύσιν</em></span> <span class='ocrx_word' id='word_1_62' title='bbox 1087 1045 1181 1109; x_wconf 80' lang='grc' dir='ltr'><strong>μὲν</strong></span> <span class='ocrx_word' id='word_1_63' title='bbox 1222 1044 1420 1111; x_wconf 77' lang='grc' dir='ltr'><em>ἐχθροὶ,</em></span> <span class='ocrx_word' id='word_1_64' title='bbox 1453 1043 1538 1096; x_wconf 81' lang='grc' dir='ltr'><strong>τὸν</strong></span> <span class='ocrx_word' id='word_1_65' title='bbox 1575 1043 1628 1096; x_wconf 78' lang='grc' dir='ltr'><strong>δὲ</strong></span> <span class='ocrx_word' id='word_1_66' title='bbox 1665 1047 1773 1097; x_wconf 78' lang='grc' dir='ltr'><em>νοῦν</em></span> <span class='ocrx_word' id='word_1_67' title='bbox 1809 1044 1934 1097; x_wconf 77' lang='grc' dir='ltr'><em>εἰσὶν</em></span> <span class='ocrx_word' id='word_1_68' title='bbox 1973 1041 2149 1112; x_wconf 90' lang='grc' dir='ltr'><em>φίλοι,</em></span> 
     </span>
     <span class='ocr_line' id='line_1_10' title="bbox 393 1130 959 1185; baseline 0.002 -2"><span class='ocrx_word' id='word_1_69' title='bbox 393 1137 454 1185; x_wconf 91' lang='lat' dir='ltr'><strong>ut</strong></span> <span class='ocrx_word' id='word_1_70' title='bbox 488 1130 671 1183; x_wconf 86' lang='lat' dir='ltr'><strong>statim</strong></span> <span class='ocrx_word' id='word_1_71' title='bbox 712 1146 789 1182; x_wconf 87' lang='lat' dir='ltr'><strong>VS.</strong></span> <span class='ocrx_word' id='word_1_72' title='bbox 834 1130 959 1184; x_wconf 69' lang='lat'><strong>572.</strong></span> 
     </span>
    </p>

    <p class='ocr_par' dir='ltr' id='par_1_6' title="bbox 387 1215 2383 1552">
     <span class='ocr_line' id='line_1_11' title="bbox 620 1215 2095 1286; baseline 0 -15"><span class='ocrx_word' id='word_1_73' title='bbox 620 1222 726 1278; x_wconf 83' lang='grc' dir='ltr'><em>πῶς</em></span> <span class='ocrx_word' id='word_1_74' title='bbox 767 1217 810 1270; x_wconf 92' lang='grc' dir='ltr'><strong>δ’</strong></span> <span class='ocrx_word' id='word_1_75' title='bbox 851 1216 914 1274; x_wconf 71' lang='grc' dir='ltr'><strong>ἂν</strong></span> <span class='ocrx_word' id='word_1_76' title='bbox 955 1215 1050 1272; x_wconf 77' lang='grc' dir='ltr'><em>οἵδ’</em></span> <span class='ocrx_word' id='word_1_77' title='bbox 1089 1221 1229 1284; x_wconf 68' lang='grc' dir='ltr'><em>ἡμᾶς</em></span> <span class='ocrx_word' id='word_1_78' title='bbox 1270 1239 1319 1272; x_wconf 91' lang='grc' dir='ltr'><em>τι</em></span> <span class='ocrx_word' id='word_1_79' title='bbox 1359 1220 1611 1286; x_wconf 79' lang='grc' dir='ltr'><em>χρήσιμον</em></span> <span class='ocrx_word' id='word_1_80' title='bbox 1645 1217 1903 1282; x_wconf 73' lang='grc' dir='ltr'><em>διδάξειάν</em></span> <span class='ocrx_word' id='word_1_81' title='bbox 1941 1236 2095 1279; x_wconf 86' lang='grc' dir='ltr'><em>ποτε;</em></span> 
     </span>
     <span class='ocr_line' id='line_1_12' title="bbox 387 1303 2377 1379; baseline -0.003 -18"><span class='ocrx_word' id='word_1_82' title='bbox 387 1314 445 1362; x_wconf 85' lang='lat' dir='ltr'><strong>et</strong></span> <span class='ocrx_word' id='word_1_83' title='bbox 485 1305 628 1360; x_wconf 92' lang='lat' dir='ltr'><strong>alibi.</strong></span> <span class='ocrx_word' id='word_1_84' title='bbox 710 1304 769 1359; x_wconf 89' lang='lat' dir='ltr'><strong>Id</strong></span> <span class='ocrx_word' id='word_1_85' title='bbox 806 1306 980 1375; x_wconf 89' lang='lat' dir='ltr'><strong>ipsum</strong></span> <span class='ocrx_word' id='word_1_86' title='bbox 1023 1322 1167 1360; x_wconf 91' lang='lat' dir='ltr'><strong>nunc</strong></span> <span class='ocrx_word' id='word_1_87' title='bbox 1217 1305 1369 1360; x_wconf 87' lang='lat' dir='ltr'><strong>video</strong></span> <span class='ocrx_word' id='word_1_88' title='bbox 1418 1308 1751 1379; x_wconf 82' lang='lat' dir='ltr'><strong>praecepisse</strong></span> <span class='ocrx_word' id='word_1_89' title='bbox 1797 1307 2001 1362; x_wconf 89' lang='lat' dir='ltr'><strong>dudum</strong></span> <span class='ocrx_word' id='word_1_90' title='bbox 2047 1303 2377 1363; x_wconf 88' lang='lat' dir='ltr'><strong>Dobraeum,</strong></span> 
     </span>
     <span class='ocr_line' id='line_1_13' title="bbox 392 1391 2383 1464; baseline -0.003 -16"><span class='ocrx_word' id='word_1_91' title='bbox 392 1397 447 1448; x_wconf 83' lang='lat' dir='ltr'><strong>in</strong></span> <span class='ocrx_word' id='word_1_92' title='bbox 500 1395 655 1448; x_wconf 88' lang='lat' dir='ltr'><strong>cuius</strong></span> <span class='ocrx_word' id='word_1_93' title='bbox 706 1392 1040 1446; x_wconf 86' lang='lat' dir='ltr'><strong>Adversariis</strong></span> <span class='ocrx_word' id='word_1_94' title='bbox 1093 1393 1157 1447; x_wconf 91' lang='grc' dir='ltr'><strong>ΙΙ.</strong></span> <span class='ocrx_word' id='word_1_95' title='bbox 1201 1411 1250 1464; x_wconf 87' lang='lat' dir='ltr'><strong>p.</strong></span> <span class='ocrx_word' id='word_1_96' title='bbox 1291 1397 1418 1448; x_wconf 71' lang='lat'><strong>217.</strong></span> <span class='ocrx_word' id='word_1_97' title='bbox 1457 1393 1524 1448; x_wconf 88' lang='lat' dir='ltr'><strong>ad</strong></span> <span class='ocrx_word' id='word_1_98' title='bbox 1564 1393 1616 1448; x_wconf 95' lang='lat' dir='ltr'><strong>h.</strong></span> <span class='ocrx_word' id='word_1_99' title='bbox 1651 1393 1688 1448; x_wconf 94' lang='lat' dir='ltr'><strong>l.</strong></span> <span class='ocrx_word' id='word_1_100' title='bbox 1733 1399 2047 1446; x_wconf 88' lang='lat' dir='ltr'><strong>annotatum</strong></span> <span class='ocrx_word' id='word_1_101' title='bbox 2087 1399 2190 1446; x_wconf 85' lang='lat' dir='ltr'><strong>est:</strong></span> <span class='ocrx_word' id='word_1_102' title='bbox 2237 1391 2383 1462; x_wconf 72' lang='lat' dir='ltr'><strong>»leye</strong></span> 
     </span>
     <span class='ocr_line' id='line_1_14' title="bbox 387 1479 1850 1552; baseline -0.001 -16"><span class='ocrx_word' id='word_1_103' title='bbox 387 1479 495 1537; x_wconf 76' lang='grc' dir='ltr'><em>,οἵδε</em></span> <span class='ocrx_word' id='word_1_104' title='bbox 531 1482 621 1542; x_wconf 67' lang='grc' dir='ltr'><strong>τὴν</strong></span> <span class='ocrx_word' id='word_1_105' title='bbox 661 1481 877 1548; x_wconf 84' lang='grc' dir='ltr'><em>φύσιν.”</em></span> <span class='ocrx_word' id='word_1_106' title='bbox 914 1479 1076 1551; x_wconf 85' lang='lat' dir='ltr'><strong>idque</strong></span> <span class='ocrx_word' id='word_1_107' title='bbox 1115 1481 1240 1535; x_wconf 92' lang='lat' dir='ltr'><strong>olim</strong></span> <span class='ocrx_word' id='word_1_108' title='bbox 1281 1489 1557 1552; x_wconf 86' lang='lat' dir='ltr'><strong>receptum</strong></span> <span class='ocrx_word' id='word_1_109' title='bbox 1596 1481 1850 1552; x_wconf 87' lang='lat' dir='ltr'><strong>oportuit.</strong></span> 
     </span>
    </p>

    <p class='ocr_par' dir='ltr' id='par_1_7' title="bbox 394 1565 2389 2077">
     <span class='ocr_line' id='line_1_15' title="bbox 470 1565 2381 1638; baseline -0.002 -16"><span class='ocrx_word' id='word_1_110' title='bbox 470 1567 852 1623; x_wconf 84' lang='lat' dir='ltr'><strong>Graeculorum</strong></span> <span class='ocrx_word' id='word_1_111' title='bbox 908 1568 1125 1622; x_wconf 84' lang='lat' dir='ltr'>inscitia</span> <span class='ocrx_word' id='word_1_112' title='bbox 1174 1574 1227 1623; x_wconf 90' lang='lat' dir='ltr'><strong>et</strong></span> <span class='ocrx_word' id='word_1_113' title='bbox 1267 1570 1545 1623; x_wconf 76' lang='lat' dir='ltr'><strong>temeritas</strong></span> <span class='ocrx_word' id='word_1_114' title='bbox 1594 1567 1805 1632; x_wconf 90' lang='lat' dir='ltr'><strong>eadem,</strong></span> <span class='ocrx_word' id='word_1_115' title='bbox 1854 1585 1960 1638; x_wconf 86' lang='lat' dir='ltr'><strong>qua</strong></span> <span class='ocrx_word' id='word_1_116' title='bbox 2000 1565 2050 1621; x_wconf 81' lang='grc' dir='ltr'><em>οἷ</em></span> <span class='ocrx_word' id='word_1_117' title='bbox 2081 1584 2183 1620; x_wconf 90' lang='lat' dir='ltr'><strong>non</strong></span> <span class='ocrx_word' id='word_1_118' title='bbox 2227 1566 2381 1619; x_wconf 87' lang='lat' dir='ltr'><strong>intel-</strong></span> 
     </span>
     <span class='ocr_line' id='line_1_16' title="bbox 394 1653 2381 1728; baseline -0.002 -19"><span class='ocrx_word' id='word_1_119' title='bbox 394 1657 594 1711; x_wconf 86' lang='lat' dir='ltr'><strong>lectum</strong></span> <span class='ocrx_word' id='word_1_120' title='bbox 647 1655 748 1709; x_wconf 89' lang='lat' dir='ltr'><strong>sibi</strong></span> <span class='ocrx_word' id='word_1_121' title='bbox 797 1654 1025 1710; x_wconf 88' lang='lat' dir='ltr'><strong>mirifice</strong></span> <span class='ocrx_word' id='word_1_122' title='bbox 1072 1655 1464 1728; x_wconf 86' lang='lat' dir='ltr'><strong>depravarunt,</strong></span> <span class='ocrx_word' id='word_1_123' title='bbox 1519 1656 1732 1727; x_wconf 87' lang='lat' dir='ltr'><strong>saepius</strong></span> <span class='ocrx_word' id='word_1_124' title='bbox 1786 1655 1921 1709; x_wconf 91' lang='lat' dir='ltr'><strong>mihi</strong></span> <span class='ocrx_word' id='word_1_125' title='bbox 1973 1661 2154 1708; x_wconf 87' lang='lat' dir='ltr'><strong>notata</strong></span> <span class='ocrx_word' id='word_1_126' title='bbox 2205 1661 2285 1706; x_wconf 87' lang='lat' dir='ltr'><strong>est</strong></span> <span class='ocrx_word' id='word_1_127' title='bbox 2326 1653 2381 1706; x_wconf 91' lang='lat' dir='ltr'><strong>in</strong></span> 
     </span>
     <span class='ocr_line' id='line_1_17' title="bbox 396 1740 2383 1816; baseline -0.002 -19"><span class='ocrx_word' id='word_1_128' title='bbox 396 1744 710 1815; x_wconf 86' lang='lat' dir='ltr'><strong>pronomine</strong></span> <span class='ocrx_word' id='word_1_129' title='bbox 738 1744 914 1811; x_wconf 79' lang='grc' dir='ltr'><em>σφίσι,</em></span> <span class='ocrx_word' id='word_1_130' title='bbox 956 1760 1060 1814; x_wconf 86' lang='lat' dir='ltr'><strong>quo</strong></span> <span class='ocrx_word' id='word_1_131' title='bbox 1090 1760 1259 1814; x_wconf 90' lang='lat' dir='ltr'><strong>quum</strong></span> <span class='ocrx_word' id='word_1_132' title='bbox 1289 1761 1393 1797; x_wconf 92' lang='lat' dir='ltr'><strong>non</strong></span> <span class='ocrx_word' id='word_1_133' title='bbox 1425 1743 1656 1816; x_wconf 85' lang='lat' dir='ltr'><strong>amplius</strong></span> <span class='ocrx_word' id='word_1_134' title='bbox 1686 1749 1992 1806; x_wconf 87' lang='lat' dir='ltr'><strong>uterentur,</strong></span> <span class='ocrx_word' id='word_1_135' title='bbox 2034 1740 2223 1795; x_wconf 81' lang='lat' dir='ltr'><strong>stolide</strong></span> <span class='ocrx_word' id='word_1_136' title='bbox 2253 1745 2383 1809; x_wconf 82' lang='grc' dir='ltr'><em>φησι</em></span> 
     </span>
     <span class='ocr_line' id='line_1_18' title="bbox 395 1828 2385 1902; baseline -0.002 -17"><span class='ocrx_word' id='word_1_137' title='bbox 395 1831 736 1885; x_wconf 85' lang='lat' dir='ltr'><strong>substituunt</strong></span> <span class='ocrx_word' id='word_1_138' title='bbox 773 1836 867 1884; x_wconf 86' lang='lat' dir='ltr'><strong>aut</strong></span> <span class='ocrx_word' id='word_1_139' title='bbox 905 1837 1041 1899; x_wconf 80' lang='grc' dir='ltr'><em>φασι</em></span> <span class='ocrx_word' id='word_1_140' title='bbox 1077 1847 1172 1902; x_wconf 88' lang='lat' dir='ltr'><strong>pro</strong></span> <span class='ocrx_word' id='word_1_141' title='bbox 1211 1832 1390 1901; x_wconf 83' lang='grc' dir='ltr'><em>σφίσι,</em></span> <span class='ocrx_word' id='word_1_142' title='bbox 1435 1848 1541 1902; x_wconf 90' lang='lat' dir='ltr'><strong>quo</strong></span> <span class='ocrx_word' id='word_1_143' title='bbox 1576 1829 1716 1885; x_wconf 83' lang='lat' dir='ltr'><strong>sacto</strong></span> <span class='ocrx_word' id='word_1_144' title='bbox 1751 1847 1912 1902; x_wconf 90' lang='lat' dir='ltr'><strong>quam</strong></span> <span class='ocrx_word' id='word_1_145' title='bbox 1953 1828 2182 1884; x_wconf 89' lang='lat' dir='ltr'><strong>ridicula</strong></span> <span class='ocrx_word' id='word_1_146' title='bbox 2216 1829 2385 1882; x_wconf 90' lang='lat' dir='ltr'><strong>oratio</strong></span> 
     </span>
     <span class='ocr_line' id='line_1_19' title="bbox 396 1916 2389 1991; baseline -0.003 -17"><span class='ocrx_word' id='word_1_147' title='bbox 396 1926 549 1974; x_wconf 89' lang='lat' dir='ltr'><strong>exeat</strong></span> <span class='ocrx_word' id='word_1_148' title='bbox 590 1919 644 1971; x_wconf 89' lang='lat' dir='ltr'><strong>in</strong></span> <span class='ocrx_word' id='word_1_149' title='bbox 687 1918 958 1973; x_wconf 88' lang='lat' dir='ltr'><strong>nonnullis</strong></span> <span class='ocrx_word' id='word_1_150' title='bbox 1008 1919 1267 1991; x_wconf 85' lang='lat' dir='ltr'><strong>exemplis</strong></span> <span class='ocrx_word' id='word_1_151' title='bbox 1313 1919 1593 1973; x_wconf 83' lang='lat' dir='ltr'><strong>ostendere</strong></span> <span class='ocrx_word' id='word_1_152' title='bbox 1632 1920 1798 1973; x_wconf 89' lang='lat' dir='ltr'><strong>iuvat.</strong></span> <span class='ocrx_word' id='word_1_153' title='bbox 1881 1918 2218 1972; x_wconf 86' lang='lat' dir='ltr'><strong>Pherecratis</strong></span> <span class='ocrx_word' id='word_1_154' title='bbox 2258 1916 2389 1987; x_wconf 88' lang='lat' dir='ltr'><strong>lepi-</strong></span> 
     </span>
     <span class='ocr_line' id='line_1_20' title="bbox 399 2005 2384 2077; baseline -0.001 -18"><span class='ocrx_word' id='word_1_155' title='bbox 399 2007 500 2061; x_wconf 86' lang='lat' dir='ltr'><strong>dus</strong></span> <span class='ocrx_word' id='word_1_156' title='bbox 538 2007 685 2061; x_wconf 89' lang='lat' dir='ltr'><strong>locus</strong></span> <span class='ocrx_word' id='word_1_157' title='bbox 725 2013 805 2060; x_wconf 87' lang='lat' dir='ltr'><strong>est</strong></span> <span class='ocrx_word' id='word_1_158' title='bbox 841 2006 981 2077; x_wconf 87' lang='lat' dir='ltr'><strong>apud</strong></span> <span class='ocrx_word' id='word_1_159' title='bbox 1023 2006 1213 2061; x_wconf 86' lang='lat' dir='ltr'><strong>Athen.</strong></span> <span class='ocrx_word' id='word_1_160' title='bbox 1253 2007 1344 2061; x_wconf 88' lang='lat' dir='ltr'><strong>XI.</strong></span> <span class='ocrx_word' id='word_1_161' title='bbox 1384 2011 1509 2061; x_wconf 83' lang='lat'><strong>481.</strong></span> <span class='ocrx_word' id='word_1_162' title='bbox 1543 2007 1599 2061; x_wconf 91' lang='lat' dir='ltr'><strong>B.</strong></span> <span class='ocrx_word' id='word_1_163' title='bbox 1642 2006 1706 2060; x_wconf 92' lang='lat' dir='ltr'><strong>de</strong></span> <span class='ocrx_word' id='word_1_164' title='bbox 1746 2005 2036 2059; x_wconf 85' lang='lat' dir='ltr'><strong>mulierum</strong></span> <span class='ocrx_word' id='word_1_165' title='bbox 2075 2005 2384 2058; x_wconf 83' lang='lat' dir='ltr'><strong>vinositatc:</strong></span> 
     </span>
    </p>

    <p class='ocr_par' dir='ltr' id='par_1_8' title="bbox 625 2090 1978 2161">
     <span class='ocr_line' id='line_1_21' title="bbox 625 2090 1978 2161; baseline 0 -14"><span class='ocrx_word' id='word_1_166' title='bbox 625 2090 721 2148; x_wconf 72' lang='grc' dir='ltr'><strong>εἶτ’</strong></span> <span class='ocrx_word' id='word_1_167' title='bbox 757 2094 1171 2161; x_wconf 66' lang='grc' dir='ltr'><em>ἐκεραμεύσαντο</em></span> <span class='ocrx_word' id='word_1_168' title='bbox 1207 2103 1313 2155; x_wconf 84' lang='grc' dir='ltr'><em>τοῖς</em></span> <span class='ocrx_word' id='word_1_169' title='bbox 1350 2096 1444 2160; x_wconf 79' lang='grc' dir='ltr'><strong>μὲν</strong></span> <span class='ocrx_word' id='word_1_170' title='bbox 1485 2094 1725 2161; x_wconf 80' lang='grc' dir='ltr'><em>άνδράσιν</em></span> <span class='ocrx_word' id='word_1_171' title='bbox 1761 2094 1978 2161; x_wconf 78' lang='grc' dir='ltr'><em>ποτήρια</em></span> 
     </span>
    </p>

    <p class='ocr_par' dir='ltr' id='par_1_9' title="bbox 625 2180 2275 2249">
     <span class='ocr_line' id='line_1_22' title="bbox 625 2180 2275 2249; baseline 0 -15"><span class='ocrx_word' id='word_1_172' title='bbox 625 2182 864 2245; x_wconf 91' lang='grc' dir='ltr'><em>πλατέα,</em></span> <span class='ocrx_word' id='word_1_173' title='bbox 904 2182 1110 2249; x_wconf 80' lang='grc' dir='ltr'><em>τοίχους</em></span> <span class='ocrx_word' id='word_1_174' title='bbox 1144 2185 1232 2237; x_wconf 80' lang='grc' dir='ltr'><em>οὐκ</em></span> <span class='ocrx_word' id='word_1_175' title='bbox 1267 2182 1456 2249; x_wconf 81' lang='grc' dir='ltr'><em>ἔχοντ’,</em></span> <span class='ocrx_word' id='word_1_176' title='bbox 1490 2184 1617 2236; x_wconf 67' lang='grc' dir='ltr'><em>ἀλλ’</em></span> <span class='ocrx_word' id='word_1_177' title='bbox 1647 2183 1775 2236; x_wconf 80' lang='grc' dir='ltr'><em>αὐτὸ</em></span> <span class='ocrx_word' id='word_1_178' title='bbox 1804 2180 2068 2249; x_wconf 84' lang='grc' dir='ltr'><em>τοῦδαφος</em></span> <span class='ocrx_word' id='word_1_179' title='bbox 2102 2180 2275 2246; x_wconf 86' lang='grc' dir='ltr'><em>μόνον,</em></span> 
     </span>
    </p>

    <p class='ocr_par' dir='ltr' id='par_1_10' title="bbox 396 2267 2392 3743">
     <span class='ocr_line' id='line_1_23' title="bbox 625 2267 2129 2337; baseline -0.001 -15"><span class='ocrx_word' id='word_1_180' title='bbox 625 2269 761 2337; x_wconf 78' lang='grc' dir='ltr'><em>φασὶ</em></span> <span class='ocrx_word' id='word_1_181' title='bbox 801 2271 844 2323; x_wconf 84' lang='grc' dir='ltr'><strong>δ’</strong></span> <span class='ocrx_word' id='word_1_182' title='bbox 886 2272 1127 2324; x_wconf 79' lang='grc' dir='ltr'><em>αὐταῖσιν</em></span> <span class='ocrx_word' id='word_1_183' title='bbox 1162 2271 1381 2334; x_wconf 91' lang='grc' dir='ltr'><em>βαθείας</em></span> <span class='ocrx_word' id='word_1_184' title='bbox 1423 2269 1642 2330; x_wconf 77' lang='grc' dir='ltr'><em>κύλικας</em></span> <span class='ocrx_word' id='word_1_185' title='bbox 1682 2267 1847 2336; x_wconf 71' lang='grc' dir='ltr'><em>ὥσπερ</em></span> <span class='ocrx_word' id='word_1_186' title='bbox 1882 2267 2129 2329; x_wconf 83' lang='grc' dir='ltr'><em>ὁλκάδας.</em></span> 
     </span>
     <span class='ocr_line' id='line_1_24' title="bbox 398 2354 2387 2427; baseline -0.002 -16"><span class='ocrx_word' id='word_1_187' title='bbox 398 2357 660 2427; x_wconf 85' lang='lat' dir='ltr'><strong>Bergkius</strong></span> <span class='ocrx_word' id='word_1_188' title='bbox 707 2373 893 2411; x_wconf 86' lang='lat' dir='ltr'><strong>verum</strong></span> <span class='ocrx_word' id='word_1_189' title='bbox 944 2356 1106 2411; x_wconf 87' lang='lat' dir='ltr'><strong>vidit:</strong></span> <span class='ocrx_word' id='word_1_190' title='bbox 1157 2358 1308 2424; x_wconf 82' lang='grc' dir='ltr'><em>σφίσι</em></span> <span class='ocrx_word' id='word_1_191' title='bbox 1350 2357 1403 2412; x_wconf 80' lang='grc' dir='ltr'><strong>δέ</strong></span> <span class='ocrx_word' id='word_1_192' title='bbox 1446 2359 1503 2422; x_wconf 74' lang='grc' dir='ltr'><strong>γ’</strong></span> <span class='ocrx_word' id='word_1_193' title='bbox 1540 2360 1801 2412; x_wconf 74' lang='grc' dir='ltr'><em>αὐταῖσιν.</em></span> <span class='ocrx_word' id='word_1_194' title='bbox 1883 2355 2082 2426; x_wconf 85' lang='lat' dir='ltr'><strong>Eadem</strong></span> <span class='ocrx_word' id='word_1_195' title='bbox 2119 2354 2387 2410; x_wconf 87' lang='lat' dir='ltr'><strong>medicina</strong></span> 
     </span>
     <span class='ocr_line' id='line_1_25' title="bbox 397 2441 2385 2518; baseline -0.001 -19"><span class='ocrx_word' id='word_1_196' title='bbox 397 2444 661 2499; x_wconf 88' lang='lat' dir='ltr'><strong>utendum</strong></span> <span class='ocrx_word' id='word_1_197' title='bbox 701 2445 754 2497; x_wconf 91' lang='lat' dir='ltr'><strong>in</strong></span> <span class='ocrx_word' id='word_1_198' title='bbox 791 2445 1054 2518; x_wconf 85' lang='lat' dir='ltr'><strong>Polyaeno</strong></span> <span class='ocrx_word' id='word_1_199' title='bbox 1087 2445 1174 2498; x_wconf 93' lang='lat' dir='ltr'><strong>IV.</strong></span> <span class='ocrx_word' id='word_1_200' title='bbox 1211 2462 1283 2498; x_wconf 80' lang='lat'><strong>111.</strong></span> <span class='ocrx_word' id='word_1_201' title='bbox 1324 2450 1374 2502; x_wconf 90' lang='lat'><strong>7.</strong></span> <span class='ocrx_word' id='word_1_202' title='bbox 1409 2448 1452 2499; x_wconf 84' lang='grc' dir='ltr'><em>οἱ</em></span> <span class='ocrx_word' id='word_1_203' title='bbox 1484 2445 1781 2505; x_wconf 81' lang='grc' dir='ltr'><em>Μακεδόνες</em></span> <span class='ocrx_word' id='word_1_204' title='bbox 1823 2441 1951 2505; x_wconf 74' lang='grc' dir='ltr'><em>ἦσαν</em></span> <span class='ocrx_word' id='word_1_205' title='bbox 1997 2445 2248 2511; x_wconf 81' lang='grc' dir='ltr'><em>ἐπαχθεῖς</em></span> <span class='ocrx_word' id='word_1_206' title='bbox 2294 2443 2385 2515; x_wconf 78' lang='grc' dir='ltr'><strong>[τῷ</strong></span> 
     </span>
     <span class='ocr_line' id='line_1_26' title="bbox 397 2530 2386 2604; baseline -0.001 -18"><span class='ocrx_word' id='word_1_207' title='bbox 397 2530 743 2604; x_wconf 72' lang='grc' dir='ltr'><em>Ἀλεξάνδρῳ]</em></span> <span class='ocrx_word' id='word_1_208' title='bbox 789 2534 876 2587; x_wconf 79' lang='grc' dir='ltr'><em>καὶ</em></span> <span class='ocrx_word' id='word_1_209' title='bbox 918 2535 1100 2600; x_wconf 87' lang='grc' dir='ltr'><em>βαρεῖς</em></span> <span class='ocrx_word' id='word_1_210' title='bbox 1141 2534 1227 2587; x_wconf 78' lang='grc' dir='ltr'><em>καὶ</em></span> <span class='ocrx_word' id='word_1_211' title='bbox 1273 2532 1478 2597; x_wconf 88' lang='grc' dir='ltr'><em>πάντα,</em></span> <span class='ocrx_word' id='word_1_212' title='bbox 1519 2533 1713 2603; x_wconf 77' lang='grc' dir='ltr'><em>φασὶν,</em></span> <span class='ocrx_word' id='word_1_213' title='bbox 1750 2535 1925 2593; x_wconf 83' lang='grc' dir='ltr'><em>αὐτοῖς</em></span> <span class='ocrx_word' id='word_1_214' title='bbox 1960 2531 2224 2599; x_wconf 81' lang='grc' dir='ltr'><em>ἐβιάζοντο</em></span> <span class='ocrx_word' id='word_1_215' title='bbox 2264 2535 2386 2599; x_wconf 90' lang='grc' dir='ltr'><em>παρ’</em></span> 
     </span>
     <span class='ocr_line' id='line_1_27' title="bbox 396 2618 2386 2692; baseline -0.002 -17"><span class='ocrx_word' id='word_1_216' title='bbox 396 2625 556 2675; x_wconf 78' lang='grc' dir='ltr'><em>αὐτοῦ</em></span> <span class='ocrx_word' id='word_1_217' title='bbox 603 2621 902 2685; x_wconf 68' lang='grc' dir='ltr'><em>γίγνεσθαι,</em></span> <span class='ocrx_word' id='word_1_218' title='bbox 947 2620 1039 2674; x_wconf 88' lang='lat' dir='ltr'><strong>ubi</strong></span> <span class='ocrx_word' id='word_1_219' title='bbox 1085 2622 1207 2692; x_wconf 88' lang='lat' dir='ltr'><strong>quis</strong></span> <span class='ocrx_word' id='word_1_220' title='bbox 1256 2638 1357 2675; x_wconf 92' lang='lat' dir='ltr'><strong>non</strong></span> <span class='ocrx_word' id='word_1_221' title='bbox 1408 2620 1552 2675; x_wconf 89' lang='lat' dir='ltr'><strong>videt</strong></span> <span class='ocrx_word' id='word_1_222' title='bbox 1601 2619 1994 2674; x_wconf 85' lang='lat' dir='ltr'><strong>emendandum</strong></span> <span class='ocrx_word' id='word_1_223' title='bbox 2043 2635 2158 2673; x_wconf 89' lang='lat' dir='ltr'><strong>esse</strong></span> <span class='ocrx_word' id='word_1_224' title='bbox 2208 2618 2386 2673; x_wconf 80' lang='grc' dir='ltr'><em>πάντα</em></span> 
     </span>
     <span class='ocr_line' id='line_1_28' title="bbox 399 2708 2387 2777; baseline -0.001 -15"><span class='ocrx_word' id='word_1_225' title='bbox 399 2710 581 2777; x_wconf 79' lang='grc' dir='ltr'><em>σφίσιν</em></span> <span class='ocrx_word' id='word_1_226' title='bbox 621 2711 814 2768; x_wconf 80' lang='grc' dir='ltr'><em>αὐτοῖς.</em></span> <span class='ocrx_word' id='word_1_227' title='bbox 896 2708 1136 2762; x_wconf 86' lang='lat' dir='ltr'><strong>Iulianus</strong></span> <span class='ocrx_word' id='word_1_228' title='bbox 1185 2709 1239 2761; x_wconf 91' lang='lat' dir='ltr'><strong>in</strong></span> <span class='ocrx_word' id='word_1_229' title='bbox 1294 2725 1354 2763; x_wconf 92' lang='lat' dir='ltr'><strong>ea</strong></span> <span class='ocrx_word' id='word_1_230' title='bbox 1402 2709 1667 2774; x_wconf 89' lang='lat' dir='ltr'><strong>oratione,</strong></span> <span class='ocrx_word' id='word_1_231' title='bbox 1717 2709 1804 2762; x_wconf 91' lang='lat' dir='ltr'><strong>cui</strong></span> <span class='ocrx_word' id='word_1_232' title='bbox 1852 2723 2042 2761; x_wconf 87' lang='lat' dir='ltr'><strong>nomen</strong></span> <span class='ocrx_word' id='word_1_233' title='bbox 2096 2714 2177 2761; x_wconf 86' lang='lat' dir='ltr'><strong>est</strong></span> <span class='ocrx_word' id='word_1_234' title='bbox 2224 2715 2387 2761; x_wconf 81' lang='grc' dir='ltr'><em>Μισο-</em></span> 
     </span>
     <span class='ocr_line' id='line_1_29' title="bbox 396 2794 2388 2866; baseline -0.001 -16"><span class='ocrx_word' id='word_1_235' title='bbox 396 2797 616 2859; x_wconf 48' lang='grc' dir='ltr'><strong>,πώγωμ</strong></span> <span class='ocrx_word' id='word_1_236' title='bbox 653 2801 702 2866; x_wconf 85' lang='lat' dir='ltr'><strong>p&#39;.</strong></span> <span class='ocrx_word' id='word_1_237' title='bbox 741 2801 866 2850; x_wconf 83' lang='lat'><strong>557.</strong></span> <span class='ocrx_word' id='word_1_238' title='bbox 909 2795 963 2849; x_wconf 90' lang='lat' dir='ltr'><strong>C.</strong></span> <span class='ocrx_word' id='word_1_239' title='bbox 1006 2795 1071 2850; x_wconf 87' lang='lat' dir='ltr'><strong>de</strong></span> <span class='ocrx_word' id='word_1_240' title='bbox 1111 2796 1462 2851; x_wconf 86' lang='lat' dir='ltr'><strong>harbarorum</strong></span> <span class='ocrx_word' id='word_1_241' title='bbox 1504 2803 1653 2851; x_wconf 91' lang='lat' dir='ltr'><strong>trans</strong></span> <span class='ocrx_word' id='word_1_242' title='bbox 1692 2795 1938 2850; x_wconf 89' lang='lat' dir='ltr'><strong>Rhenum</strong></span> <span class='ocrx_word' id='word_1_243' title='bbox 1973 2794 2220 2849; x_wconf 87' lang='lat' dir='ltr'><strong>cantibus</strong></span> <span class='ocrx_word' id='word_1_244' title='bbox 2260 2795 2388 2850; x_wconf 85' lang='lat' dir='ltr'><strong>haec</strong></span> 
     </span>
     <span class='ocr_line' id='line_1_30' title="bbox 401 2883 2387 2951; baseline -0.001 -13"><span class='ocrx_word' id='word_1_245' title='bbox 401 2891 810 2938; x_wconf 81' lang='lat' dir='ltr'><strong>commemorat:</strong></span> <span class='ocrx_word' id='word_1_246' title='bbox 852 2883 1146 2950; x_wconf 72' lang='grc' dir='ltr'><em>ἐθεασάμην</em></span> <span class='ocrx_word' id='word_1_247' title='bbox 1187 2905 1263 2939; x_wconf 90' lang='grc' dir='ltr'><strong>τοι</strong></span> <span class='ocrx_word' id='word_1_248' title='bbox 1308 2885 1395 2939; x_wconf 79' lang='grc' dir='ltr'><em>καὶ</em></span> <span class='ocrx_word' id='word_1_249' title='bbox 1437 2886 1554 2946; x_wconf 84' lang='grc' dir='ltr'><em>τοὺς</em></span> <span class='ocrx_word' id='word_1_250' title='bbox 1594 2886 1716 2951; x_wconf 80' lang='grc' dir='ltr'><em>ὑπὲρ</em></span> <span class='ocrx_word' id='word_1_251' title='bbox 1753 2885 1839 2938; x_wconf 81' lang='grc' dir='ltr'><strong>τὸν</strong></span> <span class='ocrx_word' id='word_1_252' title='bbox 1884 2888 2051 2946; x_wconf 79' lang='grc' dir='ltr'><em>Ῥῆνον</em></span> <span class='ocrx_word' id='word_1_253' title='bbox 2090 2883 2387 2950; x_wconf 81' lang='grc' dir='ltr'><em>βαρβάρους</em></span> 
     </span>
     <span class='ocr_line' id='line_1_31' title="bbox 400 2969 2387 3040; baseline 0 -17"><span class='ocrx_word' id='word_1_254' title='bbox 400 2969 563 3038; x_wconf 72' lang='grc' dir='ltr'><em>ἄγρια</em></span> <span class='ocrx_word' id='word_1_255' title='bbox 597 2971 733 3035; x_wconf 84' lang='grc' dir='ltr'><em>μέλη</em></span> <span class='ocrx_word' id='word_1_256' title='bbox 767 2970 905 3034; x_wconf 72' lang='grc' dir='ltr'><em>λέξει</em></span> <span class='ocrx_word' id='word_1_257' title='bbox 935 2972 1258 3038; x_wconf 75' lang='grc' dir='ltr'><em>πεποιημένα</em></span> <span class='ocrx_word' id='word_1_258' title='bbox 1286 2974 1637 3040; x_wconf 74' lang='grc' dir='ltr'><em>’παραπλήσια</em></span> <span class='ocrx_word' id='word_1_259' title='bbox 1663 2978 1769 3032; x_wconf 84' lang='grc' dir='ltr'><em>τοῖς</em></span> <span class='ocrx_word' id='word_1_260' title='bbox 1800 2977 2056 3039; x_wconf 76' lang='grc' dir='ltr'><em>κρωγμοῑς</em></span> <span class='ocrx_word' id='word_1_261' title='bbox 2085 2977 2181 3024; x_wconf 82' lang='grc' dir='ltr'><strong>τῶν</strong></span> <span class='ocrx_word' id='word_1_262' title='bbox 2215 2972 2387 3038; x_wconf 81' lang='grc' dir='ltr'><em>τραχὺ</em></span> 
     </span>
     <span class='ocr_line' id='line_1_32' title="bbox 400 3058 2389 3130; baseline 0 -18"><span class='ocrx_word' id='word_1_263' title='bbox 400 3060 632 3123; x_wconf 81' lang='grc' dir='ltr'><em>βοώντων</em></span> <span class='ocrx_word' id='word_1_264' title='bbox 663 3060 853 3125; x_wconf 76' lang='grc' dir='ltr'><em>ὀρνίθων</em></span> <span class='ocrx_word' id='word_1_265' title='bbox 887 3061 1106 3128; x_wconf 72' lang='grc' dir='ltr'><em>ᾄδοντας</em></span> <span class='ocrx_word' id='word_1_266' title='bbox 1141 3061 1229 3115; x_wconf 80' lang='grc' dir='ltr'><em>καὶ</em></span> <span class='ocrx_word' id='word_1_267' title='bbox 1265 3061 1688 3130; x_wconf 78' lang='grc' dir='ltr'><em>εὐφραινομένους</em></span> <span class='ocrx_word' id='word_1_268' title='bbox 1722 3061 1773 3113; x_wconf 80' lang='grc' dir='ltr'><strong>ἐν</strong></span> <span class='ocrx_word' id='word_1_269' title='bbox 1805 3067 1912 3120; x_wconf 87' lang='grc' dir='ltr'><em>τοῖς</em></span> <span class='ocrx_word' id='word_1_270' title='bbox 1945 3059 2160 3124; x_wconf 87' lang='grc' dir='ltr'><em>μέλεσι,</em></span> <span class='ocrx_word' id='word_1_271' title='bbox 2201 3058 2389 3112; x_wconf 84' lang='lat' dir='ltr'><strong>deinde</strong></span> 
     </span>
     <span class='ocr_line' id='line_1_33' title="bbox 402 3143 2391 3214; baseline -0.001 -15"><span class='ocrx_word' id='word_1_272' title='bbox 402 3145 682 3214; x_wconf 88' lang='lat' dir='ltr'><strong>subiungit</strong></span> <span class='ocrx_word' id='word_1_273' title='bbox 731 3145 1154 3202; x_wconf 86' lang='lat' dir='ltr'><strong>observationem</strong></span> <span class='ocrx_word' id='word_1_274' title='bbox 1200 3150 1540 3203; x_wconf 86' lang='lat' dir='ltr'><strong>verissimam</strong></span> <span class='ocrx_word' id='word_1_275' title='bbox 1575 3148 1740 3202; x_wconf 88' lang='lat' dir='ltr'><strong>hanc:</strong></span> <span class='ocrx_word' id='word_1_276' title='bbox 1782 3143 1908 3200; x_wconf 77' lang='grc' dir='ltr'><em>εἶναι</em></span> <span class='ocrx_word' id='word_1_277' title='bbox 1952 3147 2056 3212; x_wconf 71' lang='grc' dir='ltr'><em>γαρ</em></span> <span class='ocrx_word' id='word_1_278' title='bbox 2086 3143 2228 3211; x_wconf 75' lang='grc' dir='ltr'><em>οἶμαι</em></span> <span class='ocrx_word' id='word_1_279' title='bbox 2264 3166 2391 3212; x_wconf 86' lang='grc' dir='ltr'><em>συμ-</em></span> 
     </span>
     <span class='ocr_line' id='line_1_34' title="bbox 399 3232 2389 3303; baseline 0.001 -19"><span class='ocrx_word' id='word_1_280' title='bbox 399 3232 572 3297; x_wconf 85' lang='grc' dir='ltr'><em>βαίνει</em></span> <span class='ocrx_word' id='word_1_281' title='bbox 607 3239 713 3293; x_wconf 83' lang='grc' dir='ltr'><em>τοῖς</em></span> <span class='ocrx_word' id='word_1_282' title='bbox 748 3235 972 3300; x_wconf 80' lang='grc' dir='ltr'><em>φαύλοις</em></span> <span class='ocrx_word' id='word_1_283' title='bbox 1006 3237 1096 3297; x_wconf 76' lang='grc' dir='ltr'><strong>την</strong></span> <span class='ocrx_word' id='word_1_284' title='bbox 1125 3237 1370 3301; x_wconf 78' lang='grc' dir='ltr'><em>μουσικην</em></span> <span class='ocrx_word' id='word_1_285' title='bbox 1404 3243 1644 3303; x_wconf 77' lang='grc' dir='ltr'><em>λυπηροῖς</em></span> <span class='ocrx_word' id='word_1_286' title='bbox 1677 3237 1772 3302; x_wconf 78' lang='grc' dir='ltr'><strong>μὲν</strong></span> <span class='ocrx_word' id='word_1_287' title='bbox 1806 3241 1910 3295; x_wconf 83' lang='grc' dir='ltr'><em>τοῖς</em></span> <span class='ocrx_word' id='word_1_288' title='bbox 1946 3233 2192 3300; x_wconf 88' lang='grc' dir='ltr'><em>θεάτροις,</em></span> <span class='ocrx_word' id='word_1_289' title='bbox 2233 3233 2389 3301; x_wconf 87' lang='grc' dir='ltr'><em>φύσει</em></span> 
     </span>
     <span class='ocr_line' id='line_1_35' title="bbox 400 3321 2390 3393; baseline 0.002 -21"><span class='ocrx_word' id='word_1_290' title='bbox 400 3321 444 3372; x_wconf 81' lang='grc' dir='ltr'><strong>δ’</strong></span> <span class='ocrx_word' id='word_1_291' title='bbox 485 3322 659 3380; x_wconf 77' lang='grc' dir='ltr'><em>αὐτοῖς</em></span> <span class='ocrx_word' id='word_1_292' title='bbox 699 3321 901 3382; x_wconf 75' lang='grc' dir='ltr'><em>ἧδίςοις.</em></span> <span class='ocrx_word' id='word_1_293' title='bbox 983 3323 1247 3393; x_wconf 80' lang='lat' dir='ltr'><strong>Egregius</strong></span> <span class='ocrx_word' id='word_1_294' title='bbox 1286 3323 1458 3378; x_wconf 86' lang='lat' dir='ltr'><strong>Codex</strong></span> <span class='ocrx_word' id='word_1_295' title='bbox 1493 3325 1785 3377; x_wconf 90' lang='lat' dir='ltr'><strong>Vossianus</strong></span> <span class='ocrx_word' id='word_1_296' title='bbox 1826 3327 1894 3376; x_wconf 94' lang='grc'><strong>77</strong></span> <span class='ocrx_word' id='word_1_297' title='bbox 1914 3364 1927 3386; x_wconf 84' lang='grc'>,</span> <span class='ocrx_word' id='word_1_298' title='bbox 1969 3338 2031 3375; x_wconf 86' lang='lat' dir='ltr'><strong>ex</strong></span> <span class='ocrx_word' id='word_1_299' title='bbox 2071 3337 2175 3390; x_wconf 91' lang='lat' dir='ltr'><strong>quo</strong></span> <span class='ocrx_word' id='word_1_300' title='bbox 2213 3338 2390 3375; x_wconf 88' lang='lat' dir='ltr'><strong>mana-</strong></span> 
     </span>
     <span class='ocr_line' id='line_1_36' title="bbox 400 3407 2390 3479; baseline 0.002 -19"><span class='ocrx_word' id='word_1_301' title='bbox 400 3408 479 3460; x_wconf 84' lang='lat' dir='ltr'><strong>vit</strong></span> <span class='ocrx_word' id='word_1_302' title='bbox 514 3407 775 3478; x_wconf 86' lang='lat' dir='ltr'><strong>quidquid</strong></span> <span class='ocrx_word' id='word_1_303' title='bbox 811 3410 1236 3479; x_wconf 84' lang='lat' dir='ltr'><strong>apographorum</strong></span> <span class='ocrx_word' id='word_1_304' title='bbox 1272 3411 1445 3465; x_wconf 91' lang='lat' dir='ltr'><strong>adhuc</strong></span> <span class='ocrx_word' id='word_1_305' title='bbox 1481 3411 1673 3465; x_wconf 90' lang='lat' dir='ltr'><strong>Iuliani</strong></span> <span class='ocrx_word' id='word_1_306' title='bbox 1707 3409 1965 3472; x_wconf 89' lang='lat' dir='ltr'><strong>innotuit,</strong></span> <span class='ocrx_word' id='word_1_307' title='bbox 2004 3408 2218 3473; x_wconf 57' lang='lat' dir='ltr'><strong>exhibet</strong></span> <span class='ocrx_word' id='word_1_308' title='bbox 2254 3409 2390 3464; x_wconf 89' lang='lat' dir='ltr'><strong>hanc</strong></span> 
     </span>
     <span class='ocr_line' id='line_1_37' title="bbox 400 3494 2389 3568; baseline 0.002 -22"><span class='ocrx_word' id='word_1_309' title='bbox 400 3494 709 3550; x_wconf 85' lang='lat' dir='ltr'><strong>lectionem:</strong></span> <span class='ocrx_word' id='word_1_310' title='bbox 754 3495 885 3564; x_wconf 79' lang='grc' dir='ltr'><em>φησὶ</em></span> <span class='ocrx_word' id='word_1_311' title='bbox 928 3497 970 3548; x_wconf 86' lang='grc' dir='ltr'><strong>δ’</strong></span> <span class='ocrx_word' id='word_1_312' title='bbox 1003 3499 1177 3558; x_wconf 82' lang='grc' dir='ltr'><em>αὑτοῖς</em></span> <span class='ocrx_word' id='word_1_313' title='bbox 1216 3499 1428 3561; x_wconf 74' lang='grc' dir='ltr'><em>ἡδίςοις,</em></span> <span class='ocrx_word' id='word_1_314' title='bbox 1471 3515 1607 3568; x_wconf 88' lang='lat' dir='ltr'><strong>quae</strong></span> <span class='ocrx_word' id='word_1_315' title='bbox 1647 3497 1773 3550; x_wconf 91' lang='lat' dir='ltr'><strong>olim</strong></span> <span class='ocrx_word' id='word_1_316' title='bbox 1827 3496 2004 3549; x_wconf 89' lang='lat' dir='ltr'><strong>nescio</strong></span> <span class='ocrx_word' id='word_1_317' title='bbox 2039 3498 2159 3567; x_wconf 88' lang='lat' dir='ltr'><strong>quis</strong></span> <span class='ocrx_word' id='word_1_318' title='bbox 2198 3498 2272 3550; x_wconf 89' lang='lat' dir='ltr'><strong>ita</strong></span> <span class='ocrx_word' id='word_1_319' title='bbox 2312 3498 2389 3550; x_wconf 91' lang='lat' dir='ltr'><strong>in-</strong></span> 
     </span>
     <span class='ocr_line' id='line_1_38' title="bbox 398 3582 2383 3654; baseline 0.002 -20"><span class='ocrx_word' id='word_1_320' title='bbox 398 3582 711 3652; x_wconf 85' lang='lat' dir='ltr'><strong>terpolavit,</strong></span> <span class='ocrx_word' id='word_1_321' title='bbox 753 3589 814 3636; x_wconf 90' lang='lat' dir='ltr'><strong>ut</strong></span> <span class='ocrx_word' id='word_1_322' title='bbox 851 3583 1007 3651; x_wconf 84' lang='grc' dir='ltr'><em>φύσει</em></span> <span class='ocrx_word' id='word_1_323' title='bbox 1045 3600 1140 3654; x_wconf 87' lang='lat' dir='ltr'><strong>pro</strong></span> <span class='ocrx_word' id='word_1_324' title='bbox 1178 3586 1313 3652; x_wconf 78' lang='grc' dir='ltr'><em>φησί</em></span> <span class='ocrx_word' id='word_1_325' title='bbox 1353 3586 1701 3649; x_wconf 85' lang='lat' dir='ltr'><strong>rescriberet,</strong></span> <span class='ocrx_word' id='word_1_326' title='bbox 1744 3583 2032 3638; x_wconf 88' lang='lat' dir='ltr'><strong>admodum</strong></span> <span class='ocrx_word' id='word_1_327' title='bbox 2074 3583 2383 3646; x_wconf 78' lang='lat' dir='ltr'><strong>infeliciter,</strong></span> 
     </span>
     <span class='ocr_line' id='line_1_39' title="bbox 400 3669 2392 3743; baseline 0.002 -22"><span class='ocrx_word' id='word_1_328' title='bbox 400 3674 457 3720; x_wconf 89' lang='lat' dir='ltr'><strong>ut</strong></span> <span class='ocrx_word' id='word_1_329' title='bbox 496 3669 671 3732; x_wconf 87' lang='lat' dir='ltr'><strong>vides,</strong></span> <span class='ocrx_word' id='word_1_330' title='bbox 714 3686 838 3724; x_wconf 90' lang='lat' dir='ltr'><strong>nam</strong></span> <span class='ocrx_word' id='word_1_331' title='bbox 876 3671 1078 3724; x_wconf 83' lang='lat' dir='ltr'><strong>dudum</strong></span> <span class='ocrx_word' id='word_1_332' title='bbox 1118 3672 1426 3727; x_wconf 82' lang='lat' dir='ltr'><strong>intellexisti</strong></span> <span class='ocrx_word' id='word_1_333' title='bbox 1464 3674 1614 3742; x_wconf 75' lang='grc' dir='ltr'><em>σφίσι</em></span> <span class='ocrx_word' id='word_1_334' title='bbox 1652 3674 1695 3726; x_wconf 80' lang='grc' dir='ltr'><strong>δ’</strong></span> <span class='ocrx_word' id='word_1_335' title='bbox 1733 3674 1907 3731; x_wconf 76' lang='grc' dir='ltr'><em>αὐτοῖς</em></span> <span class='ocrx_word' id='word_1_336' title='bbox 1948 3672 2153 3743; x_wconf 83' lang='lat' dir='ltr'><strong>abipso</strong></span> <span class='ocrx_word' id='word_1_337' title='bbox 2188 3672 2392 3725; x_wconf 81' lang='lat' dir='ltr'><strong>Iuliano</strong></span> 
     </span>
    </p>
   </div>
  </div>
 </body>
</html>
