2436 4068
1368 215 1471 264 5⁶24

421 357 615 412 factam
655 357 845 411 vitium
903 355 1119 409 subesse
1167 355 1488 426 suspicetur.
1572 354 1787 421 Quoties
1845 356 2004 410 etiam
2053 372 2194 410 nunc
2250 354 2390 424 apud

423 444 831 499 Demosthenem
872 441 1071 510 legitur
1121 441 1372 510 ἄνθρωπος
1414 441 1504 495 ubi
1546 440 1858 513 Philippus,
1906 450 1958 496 et
1997 443 2138 514 apud
2179 441 2393 496 Aeschi-

422 548 548 586 nem
590 531 679 585 ubi
721 528 1102 584 Demosthenes
1146 546 1269 583 cum
1313 535 1588 583 contemtu
1636 535 1687 582 et
1735 528 1853 581 odio
1893 530 2262 599 significatur,
2302 529 2394 582 ubi

421 618 618 673 Orator
655 623 881 687 uterque
926 614 1179 683 ἅνθρωπος
1219 617 1445 671 dixerat.
1531 616 1701 683 Quam
1753 632 1908 687 saepe
1957 618 2078 684 οένήρ
2128 619 2182 672 in
2224 616 2394 670 Comi·

424 721 614 760 corum
656 705 883 758 senariis
927 703 1128 774 legitur
1168 705 1220 758 in
1263 706 1463 776 optimo
1512 719 1722 774 quoque
1766 703 1991 769 Codice,
2031 704 2121 758 ubi
2159 710 2395 758 metrum

416 793 640 863 longam
685 791 941 865 syllabam
990 791 1223 861 postulat
1271 799 1324 846 et
1363 792 1629 846 sententia
1664 792 1763 845 loci
1807 791 2095 846 articulum
2137 793 2396 864 requirit,

426 887 490 935 ut
535 879 676 952 apud
722 878 867 934 Stob.
910 879 1021 933 Ecl.
1065 879 1277 952 Physic.
1319 880 1358 933 I.
1404 897 1471 933 iv.
1518 883 1605 933 50.

726 969 903 1035 ἐχθρὸς
942 968 1038 1032 μὲν
1075 969 1197 1034 ἀνὴρ
1236 967 1384 1021 ἄλλα
1424 969 1514 1029 τὴν
1556 966 1715 1027 Δίκην
1754 966 1908 1032 σέβω.

424 1053 518 1108 ubi
571 1054 866 1110 Heerenius
918 1071 1014 1126 pro
1073 1071 1168 1108 sua
1225 1055 1382 1108 metri
1438 1054 1630 1124 peritia
1683 1053 1850 1108 edidit
1901 1055 2076 1121 ἐχθρὸς
2129 1055 2251 1122 ἀνὴρ
2298 1055 2395 1119 μέν

424 1141 738 1197 trochaeum
792 1159 994 1215 ponens
1042 1143 1096 1196 in
1138 1144 1312 1214 prima
1362 1141 1518 1196 sede:
1574 1140 1877 1195 emendavit
1931 1141 2107 1194 locum
2167 1141 2395 1197 Gaisfor-

425 1229 563 1295 duS,
603 1237 656 1285 et
696 1230 835 1302 apud
886 1229 1233 1284 Plutarchum
1273 1231 1327 1283 in
1369 1229 1606 1283 Aristide
1650 1246 1764 1300 cap.
1798 1229 1885 1282 IV.

727 1320 884 1387 σοφὸς
926 1319 1029 1386 γὰρ
1072 1320 1192 1386 ἀνὴρ
1231 1325 1324 1380 τῆς
1363 1318 1416 1371 δὲ
1455 1317 1623 1384 χειρὸς
1664 1319 1718 1370 οὐ
1760 1321 1984 1383 κρατῶν,

424 1405 518 1459 ubi
570 1404 988 1461 Valckenaerius
1043 1407 1095 1459 in
1155 1407 1323 1460 Diatr.
1382 1423 1433 1476 p.
1477 1408 1602 1459 2⁵20.
1656 1411 1835 1459 vetere
1887 1405 2152 1475 opinionis
2217 1423 2397 1462 errore

425 1494 547 1560 ὡνήρ
589 1494 856 1563 reposuit,
910 1511 1046 1564 quae
1103 1493 1294 1547 Dorica
1347 1494 1515 1546 erasis
1561 1500 1677 1557 est,
1732 1493 1967 1546 Atticam
2021 1494 2142 1560 ἁνήρ
2190 1494 2398 1565 primus

425 1581 668 1634 restituit
712 1580 1048 1636 SchaeferuS.
1131 1581 1392 1636 Similiter
1431 1582 1627 1652 passim
1678 1587 1956 1652 peccatum
2002 1589 2083 1634 est
2135 1581 2186 1633 in
2238 1580 2396 1635 Codd.

425 1667 674 1721 omnibus
709 1669 760 1721 in
802 1671 974 1734 (ἐγών,
1018 1669 1280 1737 ἀδελφός,
1321 1669 1626 1731 Ἀπόλλων,
1667 1668 1803 1721 aliis·
1882 1667 2107 1722 Multum
2147 1668 2296 1722 abest
2336 1677 2397 1723 ut

422 1754 579 1809 'hodie
632 1755 712 1809 vel
761 1774 789 1811 e
833 1758 1005 1829 poetis
1059 1756 1239 1811 sordes
1286 1756 1589 1810 istiusmodi
1643 1772 1827 1809 omnes
1887 1757 1996 1810 sint
2052 1763 2393 1827 expurgatae.

423 1843 522 1899 Ubi
562 1850 793 1899 metrum
838 1843 1077 1899 fraudem
1121 1845 1314 1915 retegit
1348 1844 1533 1898 Critici
1581 1842 1752 1896 officio
1793 1859 1890 1896 suo
1924 1843 2260 1914 funguntur,
2305 1845 2393 1898 ubi

424 1938 656 1986 metrum
700 1932 906 1987 salvum
944 1940 1024 1987 est
1058 1933 1239 1987 minus
1271 1932 1555 1987 attendunt
1586 1931 1861 1995 animum,
1905 1939 1964 1984 ut
1997 1932 2052 1984 in
2095 1932 2392 2004 Lysistrata

426 2023 551 2073 166.

876 2113 930 2164 οὐ
970 2111 1074 2177 γὰρ
1114 2110 1342 2164 οὐδέποτ’
1381 2109 1788 2176 εὐφρανθήσεται

726 2196 848 2263 ἁνήρ
873 2239 885 2257 ,
926 2198 1016 2251 ἐὰν
1056 2200 1128 2263 μὴ
1169 2205 1233 2266 τῇ
1274 2196 1480 2261 γυναικὶ
1522 2197 1789 2264 συμφέρῃ,

421 2284 545 2355 quis
581 2284 895 2354 praesertim
931 2284 1236 2339 admonitus
1275 2301 1378 2338 non
1418 2283 1561 2338 videt
1606 2284 1807 2354 requiri
1846 2282 2002 2349 ἁνήρῗ
2084 2283 2198 2337 Alio
2237 2285 2390 2339 modo

424 2375 478 2425 iu
521 2371 703 2425 eadem
742 2389 802 2426 re
842 2380 1117 2441 peccatum
1160 2380 1240 2426 est
1281 2374 1333 2425 in
1377 2371 1576 2425 Avibus
1629 2389 1705 2424 vs.
1751 2375 1877 2425 584.

575 2456 661 2512 εἷθ’
701 2456 731 2512 δ’
764 2462 819 2523 γ’
861 2461 1131 2515 Ἀπόλλων
1172 2460 1340 2526 ἱατρός
1381 2465 1436 2524 γ’
1477 2460 1538 2513 ὢν
1580 2459 1751 2514 ἶοὲσθω.
1792 2460 2092 2527 μισθοφορεῖ
2126 2461 2196 2513 δέ.

421 2547 512 2601 ubi
556 2547 779 2601 alteram
819 2550 874 2611 γ’
915 2549 1172 2602 omittunt
1212 2548 1334 2601 libri
1376 2548 1600 2619 optimi,
1654 2564 1930 2618 perperam
1971 2554 2022 2600 et
2062 2557 2245 2601 contra
2288 2566 2392 2603 me-

422 2643 600 2695 trum,
660 2635 752 2690 sed
805 2636 952 2706 prior
1004 2657 1071 2701 ys
1126 2637 1352 2707 pessime
1402 2635 1638 2689 abun-dat
1691 2641 1743 2688 et
1798 2634 2096 2703 magistello
2151 2635 2390 2691 debetur.

422 2722 830 2778 Emendandum
883 2731 965 2778 est
1015 2722 1103 2778 εἷθ’
1144 2724 1415 2779 Ἀπόλλων
1456 2723 1624 2791 ἱατρός
1661 2728 1716 2788 γ’
1757 2723 1818 2776 ὢν
1859 2722 2030 2776 ἰάσθω.
2111 2721 2293 2776 Obiter
2334 2725 2388 2777 in

416 2811 604 2865 eadem
646 2810 823 2865 fabula
862 2829 939 2865 VS.
979 2816 1103 2866 722.

564 2895 644 2966 ἄρ’
684 2902 737 2954 οὐ
779 2904 1007 2967 φανερῶς
1049 2903 1198 2965 ἡμεῖς
1240 2901 1357 2965 ὑμῖν
1397 2900 1550 2964 ἐσμὲν
1589 2906 1830 2964 μαντεῖος
1869 2898 2173 2960 Ἀπόλλων;

421 3002 613 3039 revoca
653 2986 940 3057 fugitivum
979 2988 1270 3042 articulum
1311 2988 1466 3052 ἐσμὲν
1506 2989 1528 3040 ὃ
1565 2996 1806 3052 μαντεῖος
1846 2985 2134 3039 Ἀπόλλων.
2215 2988 2272 3040 In
2316 2991 2389 3042 vi-

421 3073 564 3125 cinia
602 3090 679 3127 vs.
735 3079 859 3128 705.
902 3075 1302 3146 subindigneris
1337 3092 1440 3128 non
1481 3092 1596 3129 esse
1637 3081 1904 3145 receptam
1946 3073 2169 3127 Dobraei
2212 3092 2387 3130 emen·

419 3160 687 3214 dationem
728 3163 1066 3216 verissimam
1107 3171 1160 3218 et
1200 3165 1540 3234 perspicuam
1582 3164 1634 3216 in
1674 3161 1884 3216 verbis:

1772 3247 1864 3302 ὧδε
1904 3250 1998 3314 μέν
2038 3251 2192 3314 ἔσμεν

493 3335 628 3389 πολὺ
667 3336 1018 3402 πρεσβύτατοι
1060 3339 1263 3392 πάντων
1304 3338 1565 3405 μακάρων.
1610 3340 1757 3402 ἡμεῖς
1799 3337 1842 3389 δ’
1882 3339 1944 3397 ὡς
1985 3339 2136 3402 ἐσμὲν
2164 3342 2385 3405 ’Ἑρωτος

492 3430 704 3484 πολλοῖς
743 3425 890 3487 δῆλον
915 3445 926 3455 ·
969 3426 1268 3490 πετόμεσθά
1308 3449 1368 3480 τε
1404 3427 1507 3491 γαρ
1550 3425 1634 3478 καὶ
1676 3432 1835 3479 τοῖσιν
1871 3427 2011 3491 ἐρῶσι
2053 3426 2331 3491 σύνεσμεν,

415 3511 742 3582 quicumque
798 3513 941 3567 enim
991 3513 1089 3567 hoc
1142 3519 1263 3582 aget
1318 3511 1517 3565 incidet
1557 3513 1609 3564 in
1664 3511 1883 3565 eandem
1926 3513 2386 3578 emendationem,

419 3614 579 3668 quam
621 3598 890 3654 Dobraeus
932 3602 1138 3671 primus
1178 3607 1230 3653 et
1279 3599 1422 3653 solus
1464 3600 1711 3670 protulit:
1769 3598 1858 3654 ὧδε
1899 3602 1993 3665 μέν
2045 3603 2198 3666 ἐσμεν
2254 3605 2383 3657 πολὺ
