2436 4068
1044 156 1147 206 759

90 301 399 365 πολιτείαν,
442 307 500 354 ut
528 305 782 371 appareat
803 296 858 353 εὖ
897 300 1256 353 communiter
1288 298 1354 353 ad
1387 299 1714 367 διασώζονται
1745 309 1796 356 et
1823 304 2072 371 διαπρατ·

101 410 276 445 τονται
329 405 444 443 esse
497 385 858 459 referendum)
901 393 955 440 et
1007 388 1203 441 ilerum
1235 387 1326 441 ΠΙ.
1375 392 1430 442 1:
1488 395 1580 451 τῆς
1613 391 1888 452 Ἀθηναίων
1927 407 2071 450 πολι-

96 478 244 539 τείας
301 478 387 532 τὸν
436 478 531 542 μὲν
578 475 758 542 τρόπον
815 477 905 529 οὐκ
955 476 1181 539 ἐπαινῶ,
1239 476 1509 543 ἐπειδήπερ
1565 477 1608 530 δ’
1669 476 1832 542 ἔδοξεν
1892 483 2069 544 αὐτοῖς

98 566 524 631 δημοκρατεῖσθαι
571 562 629 619 εὖ
682 584 767 628 μοι
817 565 1011 618 δοκοῦσι
1065 562 1396 630 διασώζεσθαι
1447 567 1539 627 τὴν
1580 567 1926 634 δημοκρατίαν
1950 612 1962 632 ,
2017 578 2070 624 et

99 653 140 708 I.
182 658 244 714 8:
300 652 376 715 εἴη
430 653 526 718 μὲν
573 649 655 707 οὖν
706 650 771 705 ἂν
816 654 844 714 ἧ
888 651 1036 711 πόλις
1077 653 1166 705 οὐκ
1209 654 1314 705 oza-b
1358 654 1593 708 τοιούτων
1644 655 1999 722 διαιτημάτων
2039 662 2066 721 ἧ

94 742 351 808 βελτίςη,
390 742 516 795 ἀλλ’
556 743 584 803 ἦ
623 741 941 807 δημοκρατία
993 739 1180 805 adme*
1219 738 1283 792 ἂν
1332 739 1533 807 σώζοιτο
1579 740 1752 804 οὕτως.
1833 744 1921 799 Sic
1975 746 2073 817 igi·

4 868 5 872 1
37 895 41 900 ,
94 837 188 885 tur
227 828 517 901 Xenophon
558 845 683 883 cum
727 827 1007 899 Spartanis
1047 827 1318 881 disserens
1354 830 1558 898 patiiae
1597 839 1650 884 et
1689 833 1887 887 civium
1926 851 2069 889 amo·

4 910 5 914 ’
40 929 49 977 ζ
93 934 206 972 rem
242 935 366 972 cum
391 917 759 972 Democratiae
798 916 919 970 odio
953 915 1301 979 conciliabat,
1342 924 1392 970 et
1428 915 1514 970 illo
1556 919 1708 972 modo
1745 929 1949 990 poterat
1973 924 2066 978 De-

0 984 50 1091 4ϊ’·
91 1008 384 1062 mocratiae
436 1007 569 1060 vitia
616 1013 668 1060 et
725 1004 927 1075 flagitia
979 1004 1224 1075 quamvis
1277 1003 1488 1058 duriter
1547 1007 1619 1060 ita
1680 1009 2070 1079 reprehendere

33 1101 36 1106 ’
91 1103 154 1151 ut
210 1096 341 1150 nihil
378 1095 443 1149 de
482 1096 600 1150 eius
658 1093 1025 1149 benevolentia
1063 1100 1115 1148 et
1158 1093 1384 1148 caritate
1440 1110 1565 1164 erga
1613 1096 1766 1151 cives
1826 1098 2069 1155 detrahe-

37 1252 42 1254 *
91 1193 260 1240 retur.
338 1183 595 1254 Colloquii
649 1182 878 1237 obscura
936 1180 1196 1254 quaedam
1253 1182 1476 1253 vestigia
1531 1199 1750 1239 cernere
1799 1186 1934 1240 mihi
1995 1191 2067 1242 vi-

26 1274 219 1333 deor
266 1274 320 1327 in
366 1270 487 1326 his:
529 1271 569 1326 Ι.
612 1275 679 1326 8:
735 1293 758 1326 ο
798 1291 904 1339 γαρ
944 1271 1007 1325 σὺ
1045 1269 1264 1337 νομίζεις
1317 1273 1406 1325 οὐκ
1443 1273 1763 1336 εὐνοαεισθαι
1805 1277 1910 1331 οέπὸ
1955 1279 2068 1333 τού·

87 1383 177 1419 του
227 1362 400 1430 ἰσχύει
441 1362 465 1415 0‘
504 1362 691 1426 δῆμος·
747 1381 789 1415 ει
830 1361 874 1414 δ’
914 1360 1153 1425 εὐνομίαν
1209 1359 1378 1426 ζητεῖς
1421 1363 1598 1428 πρῶτα
1642 1364 1737 1428 μὲν
1790 1363 1903 1433 οψει
1954 1369 2064 1421 κτὲ.

10 1459 41 1545 ’ἲ
85 1459 142 1507 et
183 1454 213 1522 §
256 1454 360 1505 10:
412 1450 679 1511 Ἀθηνησιν
716 1450 817 1516 οὐχ
858 1448 1215 1512 ὑπεκςήσεταί
1257 1468 1331 1503 σοι
1376 1449 1626 1511 δόοῢλος.
1680 1458 1731 1504 et
1783 1454 1812 1521 Β
1859 1458 1957 1508 11:
2013 1456 2064 1508 ἐν

84 1541 138 1595 δὲ
175 1547 240 1608 τῇ
280 1538 631 1603 Λακεδαίμονι
666 1537 689 1590 ὃ
727 1538 848 1602 ἐμος
897 1538 1070 1598 δοῦλος
1119 1557 1176 1590 σε
1229 1537 1462 1592 δέδοικεν.
1519 1559 1583 1592 αν
1628 1538 1680 1592 δὲ
1729 1541 1861 1610 δεδίη
1904 1542 1926 1595 ὁ
1977 1543 2060 1603 σὸς

0 1572 35 1709 4
83 1629 258 1688 δοῦλος
299 1626 395 1692 ε’μέ
432 1627 542 1680 κτὲ.
581 1633 637 1680 et
668 1625 735 1680 ΙΙ.
782 1631 881 1680 11:
934 1646 1022 1679 και
1077 1626 1136 1688 δη
1187 1625 1298 1688 νῆές
1337 1645 1423 1691 μοι
1463 1626 1607 1679 εἰσίν.
1650 1632 1703 1680 el
1746 1628 1775 1696 §
1820 1631 1918 1682 12:
1972 1650 2060 1684 και

0 1708 36 1739 ³²*
84 1717 189 1782 ἐγὼ
226 1715 323 1783 μὲν
361 1715 503 1770 οὐδὲν
544 1718 700 1768 πονῶν
738 1714 796 1768 ἐκ
828 1720 922 1777 τῆς
972 1721 1072 1778 γῆς
1115 1714 1294 1769 πάντα
1333 1718 1510 1768 ταῦτα
1563 1713 1669 1782 ἔχω
1714 1715 1797 1769 δια
1844 1718 1937 1780 τὴν
1973 1718 2062 1773 θοί-

83 1818 326 1867 λατταν,
380 1810 434 1858 et
476 1805 505 1873 §
551 1806 620 1857 19
661 1809 715 1857 et.
755 1805 855 1867 20,
910 1809 961 1856 et
1002 1802 1093 1856 111.
1137 1807 1188 1857 ὅ.
1239 1809 1292 1857 et
1332 1801 1453 1857 aliis
1492 1802 1640 1857 locis,
1720 1803 1927 1859 Dixerit
1966 1806 2060 1860 ali-

7 1911 10 1941 z
83 1893 242 1965 quis:
285 1898 373 1945 »at
424 1892 498 1946 ita
538 1907 724 1945 omnes
765 1906 924 1961 saepe
963 1889 1133 1944 solent
1172 1888 1407 1945 secunda
1446 1907 1672 1962 persona
1715 1893 1795 1946 uti
1836 1903 1889 1947 et
1937 1911 2062 1950 cum

7 1965 10 2021 4
81 1980 280 2036 lectore
318 1978 485 2034 veluti
526 1978 772 2050 colloqui.
852 1978 1105 2033 Facimus
1146 1978 1245 2034 hoc
1284 1995 1503 2043 omneS‚
1562 1985 1615 2034 et
1673 1986 1735 2035 tu
1788 1982 1902 2052 ipse
1953 2000 2067 2039 sae-

86 2070 207 2141 pius
245 2069 320 2123 ita
370 2067 564 2123 faciS.'’
645 2066 767 2121 Scio
814 2066 1060 2138 equidem
1102 2084 1258 2139 saepe
1311 2067 1387 2121 ita
1431 2066 1583 2132 fieri,
1636 2068 1727 2122 sed
1781 2071 1838 2123 in
1899 2074 2064 2127 certis

83 2155 405 2229 quibusdam
448 2155 624 2210 verbis
662 2162 714 2208 et
768 2154 1162 2221 locutionihuS,
1218 2162 1278 2210 ut
1330 2155 1384 2208 in
1423 2155 1586 2223 φαίης
1640 2177 1726 2212 κεν
1781 2158 2064 2216 Homerico

78 2254 132 2300 et
166 2245 325 2307 εἴποις
362 2243 425 2298 ἄν
467 2244 804 2307 Atticorum,
844 2250 897 2297 et
934 2243 1218 2298 similibus.
1301 2242 1403 2298 Sed
1441 2245 1562 2315 quis
1602 2245 1859 2303 Veterum
1898 2249 1962 2304 σύ
2002 2251 2058 2303 in

78 2334 173 2389 tali
227 2350 286 2388 re
341 2333 518 2405 posuit
576 2348 870 2403 umquam,
928 2339 1020 2387 aut
1073 2332 1194 2396 σός,
1246 2338 1305 2386 ut
1350 2333 1402 2386 in
1445 2332 1620 2387 verbis
1677 2336 1698 2388 ὂ
1744 2337 1829 2397 σὸς
1882 2339 2057 2398 δοῦλος

76 2424 170 2489 ἐμὲ
207 2421 458 2478 δέδοικενῖ
540 2419 684 2475 Nihil
726 2419 809 2474 his
848 2420 1022 2475 simile
1062 2438 1146 2476 uie
1186 2420 1360 2492 legere
1402 2422 1661 2486 memini,
1704 2424 1808 2478 nisi
1850 2425 1899 2478 in
1947 2426 2060 2497 epi-

25 2519 28 2522 ’
77 2517 380 2583 grammate
419 2508 647 2581 quodam
671 2550 687 2574 ‚
727 2508 868 2580 quod
905 2509 956 2562 in
1001 2509 1283 2563 Lucianeis
1320 2509 1735 2565 circumfertur:

23 2597 27 2610 ’
408 2599 534 2652 ἀλλ’
573 2594 595 2651 ὃ
635 2598 699 2652 σὺ
739 2596 1020 2665 θαυμάζεις
1060 2599 1193 2652 τοῦθ’
1234 2598 1439 2665 ἑτέροισι
1480 2598 1668 2663 γέλως.

156 2685 310 2759 Apud
350 2685 570 2741 Veteres
610 2686 673 2741 σύ
713 2703 816 2740 non
858 2685 1078 2739 additur
1118 2692 1170 2740 et
1210 2685 1428 2757 perinde
1470 2694 1550 2741 est
1587 2686 1794 2744 dicere:

0 2818 22 2843 f,
379 2772 503 2841 ὕδωρ
542 2775 593 2829 δὲ
634 2775 788 2829 πίνων
825 2774 961 2829 οὐδὲν
1002 2774 1064 2829 ἂν
1104 2773 1330 2836 τέκοις
1371 2774 1547 2844 σοφόν.

0 2847 27 2923 ῩῙ
78 2870 134 2918 et
171 2862 306 2917 οὐδὲν
345 2862 411 2917 ἂν
449 2862 582 2918 τέκοι
636 2884 733 2924 τις.
813 2863 1094 2917 Praeterea
1135 2861 1264 2933 quid
1323 2862 1485 2918 facies
1533 2863 1649 2918 loco
1685 2864 1776 2920 111.
1831 2870 1922 2920 10:
1980 2868 2054 2922 δο-

16 2943 18 2945 ¹
79 2956 220 3007 πιοῦσι
264 2951 315 3005 δὲ
359 2952 612 3013 Ἀθηναῖοι
652 2952 738 3005 καὶ
778 2951 933 3006 τοῦτό
969 2970 1088 3016 μοι
1128 2954 1217 3006 οὐκ
1255 2953 1398 3021 ὀρθῶς
1437 2953 1776 3020 βουλεύεσθαι
1817 2951 1892 3009 ὅτι
1935 2957 2053 3016 τοὺς

78 3041 278 3109 χείρους
310 3042 568 3107 αἱροῦνται
611 3041 662 3094 ἐν
702 3047 820 3101 ταῖς
856 3040 1038 3096 πόλεσι
1076 3048 1195 3103 ταῖς
1236 3041 1624 3110 ςασιαζούσαις.
1707 3045 1773 3097 Οἱ
1820 3043 1870 3096 δὲ
1903 3049 2052 3099 τοῦτο

78 3129 303 3199 γνώμῃ
349 3132 596 3191 ποιοῦσιν,
653 3145 754 3182 non
792 3136 872 3184 est
909 3131 1053 3185 enim
1104 3130 1339 3186 eiusdem
1383 3131 1616 3185 hominis
1657 3130 1840 3185 cadem
1892 3132 2052 3187 simul

78 3215 466 3289 reprehendere
517 3223 570 3271 et
625 3225 766 3272 recte
808 3225 860 3272 et
901 3218 1087 3274 ordine
1128 3218 1243 3274 fieri
1295 3218 1630 3275 contendere.
1714 3218 1879 3272 Video
1927 3219 2051 3273 Edi-

81 3309 223 3359 tores
263 3303 327 3358 de
379 3305 611 3359 Weiskii
652 3307 959 3361 coniectura
1015 3305 1388 3363 substituisse:
1446 3309 1641 3362 δοκοῦσι
1697 3307 1747 3360 δὲ
1798 3308 2049 3369 Ἀθηναῖοι

80 3394 166 3447 καὶ
211 3392 361 3447 τοῦτο’
412 3413 503 3448 τοι
562 3396 650 3448 οὐκ
702 3396 845 3462 ὀρθῶς
885 3396 1252 3461 βουλεύεσθαι,
1297 3396 1384 3451 sed
1431 3396 1550 3466 quis
1591 3394 1895 3449 admonitus
1948 3414 2047 3450 nou

81 3482 329 3537 concedet
378 3481 587 3536 voculae
626 3504 697 3536 τοι
739 3483 941 3539 nullum
981 3505 1095 3540 vssc
1141 3488 1190 3540 in
1235 3504 1291 3541 ca
1329 3503 1382 3538 rc
1423 3483 1594 3537 locum
1633 3490 1682 3537 ct
1724 3500 1823 3537 non
1871 3485 2048 3538 minus
