2436 4068
1344 205 1409 253 16

438 392 441 395 .
764 347 800 401 ἅ
840 345 1176 416 φησινόὖτος
1213 346 1454 409 μαινίδας
1496 345 1581 398 καὶ
1622 346 1890 411 τριγλίδας
1915 388 1929 401 .

384 437 563 506 itaque
613 442 757 489 certa
802 435 1008 488 ratione
1062 432 1124 494 οἷς
1173 438 1303 501 φησι
1355 431 1561 486 refinxi.
1655 430 1826 487 Affine
1880 442 1961 488 est
2014 435 2367 511 Sannyrionis

386 523 526 594 apud
567 523 876 594 Harpocrat.
908 539 955 574 v,
995 522 1244 582 πέλανος.

983 610 1204 662 πέλανον
1246 613 1507 674 καλοῦμεν
1550 612 1698 674 ἡμεῖς
1734 610 1776 662 οἱ
1819 610 1945 673 θεοί,

685 696 720 751 ἃ
761 701 964 751 καλεῖτ’
1004 697 1239 762 άσέμνως
1280 697 1465 765 άλφιθ’
1506 698 1652 761 ὑμεῖς
1688 698 1731 750 οἱ
1771 698 1962 764 βροτοί.

384 786 748 855 Quodcunque
794 786 963 855 igitur
1014 785 1136 854 quis
1176 791 1270 838 aut
1315 783 1538 838 verbum
1580 791 1673 838 aut
1718 784 1920 838 dictum
1964 802 2070 840 non
2112 788 2365 861 intelligit

381 873 468 926 illo
503 872 657 926 modo
697 872 870 926 utitur
913 873 1098 934 vocula
1134 879 1272 934 πῶς,
1318 878 1378 925 ut
1418 872 1681 929 rationem
1719 879 1959 942 quaerat.
2039 874 2177 930 Hine
2217 883 2365 932 certa

381 960 647 1015 medicina
678 967 865 1032 parata
907 959 1186 1015 Xenarcho
1225 967 1306 1014 est
1343 958 1484 1030 apud
1523 958 1715 1012 Athen.
1758 959 1824 1014 X.
1863 964 1989 1014 418.
2030 962 2091 1016 E.

384 1076 388 1078 *
458 1066 461 1070 ·
545 1067 548 1071 ·
691 1049 858 1103 Ιἑπτά
899 1049 951 1102 δὲ
994 1048 1238 1109 καπάνας
1279 1047 1491 1115 ἔτρεφον
1530 1048 1602 1107 εἷς
1643 1048 1967 1112 Ὀλυμπίαν.

721 1136 774 1190 τί
809 1137 1014 1201 λέγεις-ς
1058 1135 1302 1197 καπάνας
1343 1135 1606 1188 Θετταλοί

722 1224 917 1285 πάντες
958 1229 1173 1278 καλοῦσι
1215 1224 1313 1284 τοὶς
1353 1224 1578 1285 άπήνας.
1620 1232 1677 1275 Β.
1718 1222 1989 1287 μανθάνω.

382 1329 505 1366 nam
548 1313 670 1383 quis
707 1320 970 1384 punctum
1010 1311 1264 1382 temporis
1301 1308 1592 1373 dubitabit,
1635 1311 1764 1380 quin
1806 1318 1962 1381 poeta
2002 1311 2236 1367 dederit:

609 1410 663 1453 B.
724 1402 777 1455 τί
812 1402 1019 1466 λέγεις,
1060 1399 1331 1462 καπάνας,
1371 1403 1505 1459 πῶς;
1544 1406 1609 1451 A.
1652 1397 1896 1460 καπάνας
1936 1402 2200 1455 Θετταλοί

721 1487 917 1557 πάντες
957 1492 1173 1542 καλοῦσι
1210 1488 1309 1548 τας
1351 1488 1578 1550 άπήνας.
1619 1496 1674 1540 Β.
1713 1470 1972 1551 μανθάνω.

383 1577 461 1630 Ex
496 1577 580 1630 his
615 1576 844 1646 denique
873 1575 1233 1647 Antiphanem
1270 1576 1324 1628 in
1359 1574 1504 1628 hune
1545 1573 1762 1627 modum
1797 1575 2077 1646 scripsisse
2105 1575 2366 1633 arbitror:

723 1664 959 1730 οἰνάριον,
998 1660 1154 1727 εἶδος,
1195 1666 1249 1726 νὴ
1292 1663 1435 1726 Δία,
1474 1666 1625 1723 σκιάς
1665 1661 1866 1730 τρόπον.

609 1763 664 1805 Β.
724 1758 830 1814 πῶς
866 1748 1022 1812 εἶδος;
1063 1760 1128 1804 Α.
1170 1748 1266 1804 οἷον
1302 1759 1407 1811 τοῖς
1446 1755 1663 1818 παροῦσι
1695 1751 1948 1819 συμφέρει

718 1838 1069 1902 άπαξάπασιν
1106 1837 1361 1906 ὀξυβάφῳ
1400 1839 1636 1906 ποτηρίῳ.

381 1927 672 1982 Subiieiam
707 1927 792 1981 his
826 1927 931 1980 duo
968 1926 1299 1996 fragmenta,
1340 1925 1430 1980 ubi
1461 1923 1595 1986 ὅπως
1625 1925 1984 1983 revocandum
2020 1932 2130 1991 est,
2165 1928 2366 1982 utrobi-

378 2033 481 2087 que
517 2016 692 2069 verbis
742 2021 1082 2086 praepostere
1133 2013 1407 2085 dispositis
1444 2015 1498 2067 in
1539 2020 1644 2075 πῶς
1689 2013 2058 2085 depravatum.
2118 2015 2364 2072 Alterum

378 2111 458 2158 est
497 2104 666 2175 ipsius
705 2101 1029 2173 Antiphanis
1068 2101 1210 2173 apud
1249 2100 1441 2156 Athen.
1483 2102 1571 2155 VI.
1610 2105 1735 2164 257.
1776 2102 1819 2156 E

1556 2189 1833 2257 ἐρριπίζετο

680 2280 777 2333 ὑπὸ
816 2285 913 2332 τῶν
949 2279 1247 2346 περιςερῶν,
1288 2279 1375 2331 ὑπ’
1415 2276 1582 2331 άλλου
1619 2277 1662 2330 δ’
1699 2276 1894 2338 οὐδενός

638 2403 649 2412 .
680 2369 889 2422 δειπνῶν
929 2366 951 2420 ὃ
988 2365 1263 2431 βασιλεύς.
1305 2375 1360 2418 Β.
1403 2370 1541 2427 πῶς,
1583 2364 1746 2427 ε’άσας
1787 2364 1970 2421 τάλλα
2005 2366 2111 2435 γάρ

678 2455 926 2522 ἐρήσομαί
963 2475 1022 2508 σε
1062 2458 1237 2508 τοῦτο.
1281 2458 1415 2515 πῶςς
1458 2463 1522 2506 Α.
1565 2454 1814 2521 ἠλείφετο

678 2544 735 2596 ἐκ
770 2551 864 2606 τῆς
906 2543 1095 2609 Συρίας
1136 2541 1303 2606 ἥκοντι
1344 2541 1551 2609 τοιούτῳ
1591 2541 1731 2608 μύρῳ
1772 2542 1879 2595 κτὲ.

376 2632 474 2698 Qui
518 2631 618 2684 hoe
656 2631 869 2701 quaerit
913 2646 1020 2683 non
1074 2629 1417 2683 vehementer
1468 2635 1560 2682 aut
1610 2629 1876 2683 concitate
1919 2629 2012 2684 sed
2055 2628 2262 2702 placide
2307 2638 2360 2687 et

373 2718 655 2773 subridens
693 2718 932 2788 quaeiit,
974 2733 1140 2787 quare
1179 2716 1552 2771 scribendum:

675 2805 923 2873 ἐρήσομαί
956 2826 1014 2857 σε
1052 2806 1205 2858 τουθ’.
1245 2813 1311 2858 A.
1353 2801 1515 2866 ὅςπως
1558 2805 1804 2874 ἠλείφετο
1841 2807 1950 2860 κτὲ.
2051 2860 2054 2863 ,

374 2893 659 2947 Simillima
693 2899 774 2947 est
810 2893 948 2946 ratio
981 2893 1036 2945 in
1072 2892 1420 2946 Mnesimaehi
1460 2891 1574 2945 loeo
1603 2892 1745 2963 apud
1766 2893 1959 2948 Athen.
1982 2893 2125 2953 VIII.
2150 2899 2276 2955 559.
2301 2895 2356 2952 G.

597 2983 742 3045 άλλ’,
781 2980 1049 3045 άντιβολῶ
1075 2983 1141 3044 τ’,
1182 2980 1434 3034 ἐπίταττέ
1466 3000 1552 3046 μοι
1592 2982 1666 3045 μὴ
1707 2980 1864 3036 πόλλ’
1900 2980 2077 3047 άγαν,

594 3070 714 3134 μηδ’
757 3066 920 3136 ἑὲγρια
958 3070 1077 3123 λίαν
1116 3070 1236 3134 μηδ’
1276 3067 1707 3136 ἐπηργυρωμένα,

592 3157 780 3224 με’τρια
820 3157 871 3209 δὲ
901 3159 978 3224 ’τῷ
1017 3158 1124 3225 θείῳ
1165 3161 1406 3211 σεαυτοῦ.
1452 3167 1507 3209 B.
1549 3162 1654 3217 πῶς
1690 3155 1765 3209 ἔτι

549 3297 554 3301 ,
589 3243 899 3310 μετριώτερ’,
939 3241 974 3297 ὦ
1012 3244 1264 3309 δαιμόνιε,
1304 3250 1441 3307 πῶςς
1478 3253 1544 3298 Α.
1587 3243 1837 3309 σύντεμνε
1869 3244 1956 3297 καὶ

591 3329 910 3393 ἐπεξαπάτα
952 3351 1045 3394 με.
1088 3334 1205 3392 τοὺς
1241 3334 1335 3397 μὲν
1369 3334 1518 3399 ἰχθῦς
1557 3351 1642 3397 μοι
1683 3331 1834 3386 κάλει

588 3419 835 3486 ἰχθύδιον,
877 3417 998 3484 ὄψον
1038 3419 1080 3471 δ’
1120 3418 1183 3472 άν
1224 3419 1384 3487 λέγῃς
1422 3417 1586 3486 ἕτερον
1623 3419 1773 3473 κάλει

590 3506 831 3575 ὀψάριον.
873 3506 1002 3569 ἥδιον
1037 3506 1140 3573 γάρ
1181 3509 1480 3571 άπολοῦμαι
1521 3506 1672 3561 πολύ.

363 3575 569 3664 Qiianto
609 3595 802 3651 melius
841 3593 973 3650 haec
1010 3595 1087 3649 sie
1124 3592 1458 3648 dividentur:
