2436 4068
1027 261 1130 310 179

91 414 199 462 est:
242 405 618 460 Ἀεπάσιονε
663 405 933 470 ἀσμένως,
978 406 1260 472 χαίροντα,
1306 421 1401 476 pro
1450 403 1740 469 ἀσπάσιον,
1783 409 1862 460 uti
1899 408 2075 471 vich‚

90 502 146 550 et
179 493 516 554 Ἀναθέης;
557 494 875 558 βασιλίσσης
911 508 1007 563 pro
1039 493 1300 554 ἀνάσσης.
1342 493 1420 547 sic
1453 507 1492 552 C
1524 501 1578 548 et
1608 512 1636 552 Ε
1670 500 1724 547 et
1761 502 1806 548 Ο
1844 503 1897 549 et
1934 506 1978 550 Θ
2012 497 2078 551 al)

91 581 396 636 hominibus
438 583 680 636 omnium
722 597 906 635 rerum
948 580 1309 650 ignarissimis
1360 591 1616 654 perpetuo
1667 583 2074 654 perturbantur.

89 674 334 724 Διεσοῦτο
371 668 513 741 apud
556 668 883 742 Hesychium
925 674 1006 722 est
1047 684 1142 739 pro
1191 669 1452 734 διέσσυτο,
1508 671 1693 732 Θέσπις
1734 688 1831 742 pro
1874 672 2077 737 θέσπις,

90 758 348 827 Θεόφατα
401 775 497 829 pro
544 758 822 825 θέσφατα,
877 755 1079 810 Ὓελεῖν
1119 773 1215 827 pro
1257 759 1441 813 ὑθλεῖν.
1523 761 1586 814 In
1637 758 1758 812 aiiis
1807 777 1910 814 non
1952 763 2079 815 sim-

88 846 208 919 plex
247 846 440 899 vitium
478 852 587 906 est,
627 843 720 898 sed
763 844 817 896 in
859 842 1067 897 duabus
1107 844 1271 898 simul
1323 844 1580 900 litterulis
1621 855 1878 918 peccatur
1921 856 1982 903 ut
2022 850 2076 903 in

87 932 249 994 Ἰάδος
305 951 400 1005 pro
446 932 591 994 ἶλλός
639 939 693 986 et
736 932 942 986 Ἰάλασι
986 947 1081 1003 pro
1126 931 1340 994 ἰλλάσι,
1386 940 1439 987 et
1482 942 1755 990 Σκιλλεῖον
1800 953 1895 1007 pro
1933 958 2078 992 σκια-

86 1023 233 1077 δεῖον.
328 1021 417 1076 Sic
480 1019 940 1088 Τετάργιστοε
1015 1019 1273 1087 ἐκορέσθη,
1325 1022 1557 1085 ἐπλήσθη
1626 1031 1928 1078 monstrum
1998 1034 2080 1080 est

88 1126 156 1170 ex
201 1109 491 1177 τετάρπετο
543 1117 731 1163 natum
797 1107 1034 1163 confusis
1084 1118 1313 1163 Π--ΓΙ
1362 1116 1415 1163 et
1461 1121 1595 1165 C—-
1631 1127 1687 1168 Ε.
1772 1111 1860 1165 Sic
1911 1118 2078 1182 Σφε-

23 1247 49 1262 „
86 1199 331 1266 τρίδεςε
373 1198 727 1263 ἐπιβλήματα
757 1213 822 1251 ex
861 1197 1162 1266 Ἐφεςρίδες
1199 1204 1397 1252 ortum.
1476 1196 1762 1268 Multiplici
1798 1200 1927 1254 vitio
1963 1218 2079 1272 pro-

40 1293 48 1340 f
87 1285 190 1341 diit
237 1287 715 1354 Ἀρτίτμαγενε
771 1285 1122 1354 ἐχωρίσθησαν
1167 1302 1232 1340 ex
1279 1284 1411 1340 locis
1465 1285 1791 1351 Homericis,
1838 1287 1927 1341 ubi
1968 1296 2077 1344 est:

85 1375 158 1431 τώ
208 1378 265 1439 γ’
318 1378 381 1435 ὥς
420 1374 774 1439 βουλεύσαντε
832 1373 1144 1439 διέτμαγεν,
1192 1373 1478 1440 διέτμαγεν
1524 1375 1888 1442 ἀρθμήσαντε,
1954 1378 2075 1432 sim.

89 1464 256 1520 Recte
314 1463 498 1518 eadem
556 1461 731 1534 glossa
788 1478 885 1516 suo
942 1461 1057 1515 loco
1112 1463 1315 1533 scripta
1375 1469 1578 1518 exstat:
1642 1464 2079 1531 Διέτμαγενῑ

39 1550 42 1558 ’
86 1553 453 1620 ἐχωρίσθησαν.
532 1551 778 1619 Περιττόν
818 1552 872 1604 in
927 1550 1133 1613 ποιητόν
1176 1550 1526 1623 depravatum
1568 1558 1648 1606 est
1693 1569 1742 1606 V.
1794 1562 1882 1607 Πε
1895 1555 2022 1622 ριεί
2035 1576 2082 1622 ρ·

89 1659 381 1707 γασμακ
438 1641 647 1702 ποιητὸν
685 1641 923 1703 ε’ποιήσα.
997 1640 1215 1705 Βέβαιον
1271 1640 1325 1694 in
1379 1641 1592 1706 βιβλίον
1627 1640 1758 1694 abiit
1799 1658 1846 1695 V.
1891 1642 2079 1710 Φερέγ-

40 1749 41 1752 ’
85 1748 247 1795 γουςτ
296 1728 461 1797 φέρων
500 1731 559 1783 τὸ
598 1729 816 1795 βέβαιον
858 1745 954 1800 pro
1001 1729 1292 1794 Φερέγγυος
1332 1761 1407 1770 -
1446 1729 1687 1795 βέβαιον.
1744 1729 1914 1796 Quam
1965 1748 2080 1802 pos-

90 1817 162 1871 sit
216 1816 366 1871 locus
416 1815 662 1871 funditus
711 1816 1092 1888 pessumdatus
1155 1826 1303 1872 certa
1362 1818 1492 1872 crisi
1553 1818 1607 1871 iu
1665 1818 1936 1889 integrum
1997 1836 2078 1874 re-

90 1906 245 1960 stitui
280 1904 552 1961 iucuiento
592 1904 790 1959 indicio
824 1912 905 1959 est
945 1906 1221 1960 annotatio
1258 1922 1287 1960 e
1319 1904 1458 1968 λέξει
1498 1914 1696 1975 κωμικῇ
1732 1906 1874 1977 apud
1912 1907 2078 1981 Hesy-

90 1992 277 2047 chium
310 2001 523 2048 servata
561 2010 609 2047 v.
652 1993 904 2061 Σιδάρεοιε
955 1994 1101 2062 παρα
1141 1993 1506 2062 Ἀριστοφάνει
1548 1994 1599 2046 ἐν
1639 1995 1950 2063 Νεφέλαις,
1991 2005 2079 2051 Σι-

91 2081 255 2149 δάρεοι
295 2081 420 2145 θεοὶ,
464 2083 527 2142 ὥς
569 2082 621 2136 ἕν
666 2082 954 2151 Βυζαντίῳ.
1010 2082 1087 2136 ἔτι
1126 2083 1221 2137 εἶσὶ
1264 2083 1314 2137 ἐν
1352 2083 1423 2148 τῷ
1463 2083 1640 2149 λεπτῷ
1682 2083 1998 2149 νομίσματι,
2039 2081 2075 2153 ᾧ

87 2171 267 2237 σιδηρῷ
320 2170 408 2223 καὶ
462 2170 699 2238 ἐλαχίςῳ
752 2172 972 2238 ἐχρῶντο
1020 2169 1304 2238 Βυζάντιοι.
1382 2170 1442 2224 In
1486 2171 1600 2241 ipso
1639 2169 1831 2226 Codice
1878 2179 1961 2227 est
2001 2172 2076 2228 ἔτι

89 2258 185 2313 εἶσὶ
229 2257 527 2326 βυζάντιοι.
582 2259 804 2330 optime!
860 2275 983 2312 nam
1035 2260 1111 2314 ἔτι
1166 2259 1263 2314 εἶσὶ
1314 2265 1503 2312 natum
1553 2264 1634 2313 est
1687 2275 1751 2313 ex
1799 2267 2077 2325 ΕΠΕΙΟΙ,

8 2367 25 2419 t
88 2346 200 2400 ἐπεὶ
239 2348 283 2400 οἱ
319 2346 580 2413 Βυζάντιοι
616 2348 795 2414 λεπτῷ
841 2348 1163 2416 νομισματίῳ
1204 2348 1381 2415 σιδηρῷ
1419 2347 1506 2401 καὶ
1559 2348 1796 2416 ἐλαχίςῳ
1837 2349 2077 2417 ἐχρῶντο.

7 2431 54 2514 {4
89 2432 180 2489 Sic
218 2433 389 2488 solent
425 2434 660 2489 scribere
695 2434 1042 2507 InterpreteS.
1123 2434 1451 2509 Hesychius:
1494 2438 1777 2499 Σικελὸς
1819 2442 2079 2505 epm-teb-

7 2513 59 2640 ἠ
84 2542 234 2585 rna:
274 2523 387 2578 ἐπεὶ
424 2522 581 2586 ξένοις
618 2524 841 2591 ἐχρῶντο
881 2524 1190 2592 ςρατιώταις
1230 2527 1293 2585 ὡς
1333 2524 1418 2578 ἐπὶ
1457 2526 1591 2580 πολὺ
1634 2529 1677 2580 οἱ
1706 2526 1820 2594 περὶ
1851 2527 2077 2595 Ἱέρωνα,

0 2614 35 2691 ἰζ
88 2616 148 2668 οἱ
173 2611 646 2679 Παραλύομαιε
686 2610 807 2666 ἐπεὶ·
842 2612 940 2668 ὑπὸ
978 2619 1078 2668 τῶν
1114 2613 1368 2668 πλουσίων
1407 2616 1451 2668 οἱ
1482 2613 1698 2678 πένητες
1735 2617 2077 2683 παρελύοντο,

0 2689 1 2699 ’
79 2697 181 2756 nbi
215 2704 552 2768 παραλοῦμαι
587 2706 638 2755 et
674 2705 986 2767 παρελοῦντο
1028 2718 1217 2757 verum
1251 2709 1349 2757 est.
1402 2702 1609 2758 Addam
1642 2706 1862 2759 tertium
1899 2722 2077 2761 exem-

185 2805 263 2852 m,
305 2797 365 2844 ut
404 2790 644 2860 ineptum
686 2788 1004 2845 vocabulum
1037 2807 1066 2845 e
1099 2790 1421 2846 Graecitatis
1454 2808 1584 2863 gaza
1621 2792 1850 2847 eiiciam.
1913 2793 2076 2867 Hesy-

76 2874 274 2933 chius:
314 2881 797 2932 Μελλονικιάνε
844 2878 1128 2947 ἐπίβραδυς
1169 2879 1256 2934 καὶ
1297 2883 1566 2946 μελλητὴς
1602 2881 1624 2934 ὅ
1665 2881 1855 2942 Νικίας
1896 2882 2074 2947 ἐλέγε-

30 2990 41 3032 ·‚
90 2982 180 3030 το,
219 2964 345 3020 hinc
385 2964 791 3020 Hemsterhusio
826 2974 1048 3022 auctore
1093 2969 1376 3036 ἐπίβραδυς
1417 2970 1469 3023 in
1512 2968 1753 3024 ordinem
1798 2978 2074 3041 receptum

93 3059 199 3118 est,
239 3054 466 3109 nimium
498 3052 849 3121 festinanter,
893 3070 1018 3110 nam
1051 3057 1173 3127 quis
1211 3073 1313 3110 non
1367 3055 1511 3111 videt
1553 3056 1666 3111 ἐπεὶ
1715 3058 1911 3126 βραδύς
1961 3074 2076 3112 esse

48 3197 55 3214 ,
90 3141 520 3199 emendandum?
602 3141 826 3215 Saepius
868 3144 939 3199 ita
975 3144 1057 3207 fit,
1102 3151 1160 3199 ut
1203 3145 1294 3216 qui
1343 3162 1476 3200 nova
1521 3144 1777 3200 vocabula
1814 3153 2077 3201 venentur

54 3229 59 3239 '
94 3228 288 3286 nubem
328 3248 424 3303 pro
460 3231 665 3286 lunone
701 3230 1099 3303 amplectantur
1138 3240 1191 3288 et
1232 3234 1552 3291 Graecitatis
1589 3234 1768 3306 copias
1805 3234 2076 3288 mercibus

60 3309 298 3375 'hittonis
348 3326 596 3390 augeant.
689 3319 916 3391 Egregia
964 3337 1122 3393 opera
1176 3338 1293 3376 esse
1347 3323 1544 3394 poterit
1596 3322 1740 3377 iliius
1793 3323 1885 3393 qui
1941 3321 2074 3376 hene

94 3402 292 3463 Graece
318 3408 494 3462 sciens
529 3406 805 3479 complura
837 3408 999 3464 obiter
1031 3413 1260 3465 eximere
1292 3410 1502 3466 Lexicis
1536 3411 1783 3466 instituet
1821 3409 2075 3464 vocabula

92 3492 224 3550 vitio
267 3503 421 3558 nata,
461 3494 616 3567 quaie
658 3504 739 3551 est
791 3496 857 3550 ab
907 3497 1314 3554 Hemsterhusio
1367 3506 1638 3571 repertum
1694 3506 1746 3552 et
1790 3497 2071 3569 probatum

88 3581 468 3648 ὀμετάκλαςον
504 3586 556 3639 in
601 3584 966 3656 Xenophontis
1003 3585 1068 3640 ad
1117 3587 1434 3643 Aeschinem
1478 3585 1698 3659 epistola
1737 3584 1876 3656 apud
1921 3585 2069 3643 Stoi».

86 3667 276 3735 ‹Piorih
318 3671 519 3728 LXXX.
569 3677 634 3727 12
674 3675 985 3741 τεθαύμακα
1026 3677 1082 3731 τὸ
1135 3676 1509 3739 ἀμετάκλαςόν
1558 3695 1643 3730 σου
1699 3680 1788 3736 τῆς
1843 3675 2071 3740 γνώμης..
