2436 4068
1005 258 1105 306 155

67 399 476 471 Aristophanem
515 398 655 469 apud
697 398 977 453 Herodian.
1020 421 1078 454 π.
1113 409 1190 454 Μ.
1230 410 1296 453 Λ.
1336 416 1385 470 p.
1409 404 1474 463 8,
1513 403 1581 454 55
1621 402 1672 454 ἐν
1712 403 2042 469 Ἀγχομενοῦ

63 496 117 543 et
148 487 287 559 apud
326 486 639 558 Eupolidem
683 486 941 540 Athenaei
984 504 1033 558 p.
1061 492 1184 542 106.
1220 488 1276 542 Β.

363 573 516 638 ἅπαξ
552 577 665 629 ποτ’
703 576 752 627 ἐν
794 574 1019 636 Φαίακος
1060 574 1264 644 ἔφαγον
1297 577 1506 643 καρίδας
1529 619 1540 630 .

64 671 118 718 et
157 662 296 734 quod
336 662 552 717 Cratino
592 661 927 716 reddidimus

363 752 581 818 τρίγλην
613 751 656 803 δ’
693 748 743 802 εἴ
775 770 854 810 τις
888 749 1138 811 ἐδηδοκοίη
1179 754 1220 803 ’ν
1259 751 1428 805 τένθου
1460 753 1592 813 τινὸς
1626 754 1801 821 ἀνδρός
1823 795 1838 815 ,

63 846 117 894 et
154 837 445 910 Antiphani

0 934 24 993 '1
361 927 605 995 Φαινίνδα
643 924 838 992 παίζων
877 932 1017 988 νῆςις
1060 925 1110 978 ἐν
1150 925 1414 982 Φαινεςίου
1439 969 1452 982 .

0 994 27 1070 f
64 1022 119 1071 et
149 1030 304 1086 saepe
342 1013 495 1076 alibi,
543 1012 683 1084 quod
737 1012 1113 1084 Aristophanis
1152 1029 1343 1067 caussa
1389 1013 1678 1079 admone0,
1732 1017 1820 1070 cui
1864 1033 2057 1088 nuper-

0 1079 28 1203 'ff
62 1103 202 1159 rime
235 1102 499 1173 Bergkins
537 1101 707 1154 invito
751 1101 993 1155 restituit
1026 1102 1273 1155 vitiosam
1319 1100 1580 1156 librorum
1631 1104 1957 1175 scripturam
2002 1107 2055 1159 in

0 1214 10 1257 g
43 1189 349 1263 ¹Bqtlitihus
388 1207 464 1243 vs,
489 1192 622 1244 400:

0 1287 12 1301 ““
77 1308 82 1311 -
363 1279 412 1333 εἴ
443 1299 502 1332 σε
534 1279 609 1343 μη
644 1282 778 1342 μισῶ
818 1278 1060 1344 γενοίμην
1095 1274 1147 1332 ἓν
1186 1278 1432 1346 Κρατίνου
1472 1278 1641 1348 κῴδιον
1665 1322 1679 1341 ,

362 1368 448 1421 καὶ
493 1366 822 1431 διδασκοίμην
861 1367 1132 1436 προσᾴδειν
1167 1367 1434 1433 Μορσίμου
1475 1368 1766 1436 τραγῳδίαν
1791 1409 1803 1421 .

64 1457 182 1512 iure
233 1456 377 1511 enim
419 1454 660 1509 omnium
699 1452 949 1524 plausum
990 1453 1116 1507 tulit
1157 1453 1460 1508 emendatio
1500 1457 1551 1509 ἐν
1591 1457 1865 1523 Κρατίνουε
1909 1471 2057 1528 prae·

66 1637 173 1689 tem
213 1630 379 1705 venit)
433 1630 555 1697 πρὸς
594 1630 763 1700 ᾄδειν,
823 1646 992 1702 quum
1051 1647 1207 1684 nemo
1268 1647 1526 1702 umquam
1585 1630 1841 1704 expedire·
1893 1633 2058 1703 possit

62 1721 306 1793 suspicor
352 1719 564 1789 ὑπᾴδειν
603 1719 871 1785 Μορσίμου
909 1719 1203 1787 τραγῳδίαν
1247 1735 1279 1773 a
1318 1718 1542 1774 Comico.
1573 1721 1836 1791 scriptum
1879 1719 2056 1781 fuisse.

24 1849 36 1873 f.
61 1807 276 1870 Dicitur
325 1807 470 1862 enim
510 1808 720 1877 ὑπᾴδειν
770 1814 829 1861 ut
868 1808 1231 1876 ὑπαγορεύειν,
1286 1807 1641 1876 ὑπογράφειν,
1695 1810 2056 1876 ὑπορχεῖσθαι,

5 1885 12 1903 ’
66 1898 263 1952 ὑποθεῖν
295 1896 419 1951 sim.

136 1985 462 2056 Fragmenta
494 1981 599 2038 duo
628 1981 905 2056 Eupolidis
939 1982 1081 2055 apud
1120 1982 1387 2039 Pollucem
1428 1984 1542 2040 Vll.
1586 1988 1692 2038 168
1734 1991 1791 2038 et
1824 1985 1915 2046 lx.
1953 1989 2055 2050 58,

66 2089 204 2146 quae
234 2071 532 2127 Meinekius
566 2071 705 2127 male
738 2069 1155 2141 conglutinavit,
1197 2071 1353 2126 ambo
1394 2073 1584 2126 vitium
1629 2072 1808 2128 alunt:
1852 2074 1906 2126 in
1944 2090 2058 2128 ver-

64 2161 147 2217 bis
166 2161 310 2216 enim
331 2161 447 2214 ἀντὶ
472 2160 700 2214 ποικίλου
726 2160 932 2226 πιναρὸν
964 2158 1138 2227 ἔχοντ’
1167 2160 1391 2229 οέλουτία
1424 2159 1559 2228 κοίρα
1591 2181 1650 2214 τε
1680 2161 1768 2215 καὶ
1802 2162 2057 2229 τρίβωνα,

13 2243 119 2323 'sset
154 2246 366 2314 ἱματίου
414 2254 509 2301 aut
561 2247 738 2301 simile
785 2246 914 2318 quid
961 2246 1325 2313 desideratur,
1379 2257 1430 2303 et
1485 2248 1620 2315 κοὶρα
1675 2265 1769 2320 pro
1816 2252 2058 2319 κεφαλήν

3 2358 9 2379 r
58 2337 295 2411 positum
337 2340 419 2389 est
453 2334 809 2406 ineptissime,
852 2351 1024 2406 neque
1058 2336 1323 2408 quomodo
1360 2337 1599 2405 ὄτρίβων
1641 2338 1809 2409 possit
1835 2339 2058 2409 οὶλουτίᾳ

3 2410 6 2500 J
114 2424 180 2479 ri
225 2422 432 2491 πιναρός
482 2421 639 2477 facile
685 2423 972 2495 quisquam
1016 2424 1356 2496 excogitabit.
1450 2424 1617 2479 Multo
1656 2426 1875 2496 gravius
1925 2426 2056 2481 haec

77 2517 350 2586 pravata
381 2517 508 2565 sunt
543 2517 598 2565 et
637 2510 919 2577 mutilata,
963 2512 1044 2587 (ut
1074 2513 1245 2575 multa
1284 2512 1425 2585 apud
1463 2512 1755 2587 Pollucem)
1794 2531 1954 2585 quam
1998 2522 2058 2570 ut

60 2625 65 2646 ·.
99 2616 320 2673 mquam
349 2599 529 2655 sanari
556 2605 774 2671 queant.
854 2599 1004 2667 Quae
1033 2600 1201 2657 altero
1222 2602 1337 2657 loco
1360 2601 1642 2674 leguntur:
1683 2599 1759 2656 ὅτ’
1791 2598 1846 2664 ἦν
1880 2603 2058 2669 μέντοι

91 2718 94 2724 ¹
127 2721 130 2727 ν
187 2708 293 2758 ερος
331 2687 511 2756 κρόκης
551 2687 706 2743 πέντε
745 2693 976 2757 ςατῆρας
1012 2686 1130 2757 εἶχε
1172 2706 1275 2745 non
1322 2689 1586 2746 debebant
1625 2707 1748 2745 cum
1789 2690 1896 2746 illis
1934 2708 2056 2746 con·

84 2805 105 2821 ··
138 2779 245 2851 gi,
296 2777 424 2849 quia
458 2777 482 2830 ὃ
515 2776 705 2845 τρίβων
752 2776 867 2848 ipse
904 2794 1008 2832 non
1057 2785 1233 2851 potest
1272 2778 1379 2834 dici
1422 2779 1652 2847 νεώτερος
1691 2778 1816 2834 olim
1860 2778 2057 2845 fuisse,

105 2866 168 2880 “
208 2867 331 2939 quis
370 2863 504 2920 forte
545 2864 754 2937 putabit
794 2865 898 2927 νέος
939 2866 1127 2934 τρίβων
1167 2883 1264 2939 pro
1302 2867 1472 2930 καινός
1512 2873 1659 2923 recte
1706 2869 1846 2940 poni.
1936 2870 2056 2937 Τρί-

106 2983 109 2986 <
170 2974 208 3010 α
246 2954 359 3009 sive
394 2953 653 3022 τριβώνιον
687 2951 831 3022 ἔχειν
867 2953 1122 3029 (namque
1161 2953 1364 3011 frustra
1399 2956 1541 3011 inter
1571 2957 1830 3024 τριβώνιον
1862 2963 1916 3011 et
1954 2959 2057 3026 τρί-

103 3064 109 3074 ,
170 3062 209 3099 α
241 3040 443 3115 aliquid
473 3040 805 3097 discriminis
833 3043 1342 3118 comminiscuntur)
1374 3050 1471 3099 aut
1495 3044 1723 3112 τρίβωνα
1756 3045 2053 3120 (τριβώνιον)

98 3139 236 3201 ροῒν
271 3129 512 3187 solebant
546 3130 690 3185 cives
719 3130 901 3203 inopes
933 3139 987 3188 et
1021 3131 1357 3205 pauperculi,
1401 3131 1544 3188 unde
1576 3133 1866 3189 Menander
1891 3133 2053 3189 dixit:

102 3211 110 3221 ⁹
361 3218 449 3273 καὶ
490 3218 820 3288 συκοφάντης
853 3221 998 3282 εὐθὺς
1038 3221 1061 3275 ὁ
1101 3223 1168 3276 τὸ
1206 3222 1536 3291 τριβώνιον

365 3306 391 3361 ἔ
403 3327 449 3375 χ
467 3327 538 3361 ων
580 3315 824 3363 καλεῖται
866 3308 964 3364 κᾶν
1004 3310 1332 3376 ἀδικούμενος
1371 3310 1548 3379 τύχῃ,

21 3389 22 3394 '
101 3439 103 3442 .
143 3420 148 3441 ·
189 3397 215 3449 δ
242 3396 399 3457 πένης
436 3395 490 3449 in
527 3394 670 3450 Stob.
707 3395 887 3451 Floril.
930 3397 1081 3453 XCV.
1122 3404 1171 3453 ὕ.
1252 3398 1394 3453 Haec
1428 3398 1789 3461 Isaeicaussa
1826 3413 2054 3452 comme<—

88 3514 89 3519 κ
136 3498 241 3547 ro,
279 3482 369 3537 uhi
410 3484 758 3556 pertinaciter
794 3483 977 3540 haeret
1020 3487 1209 3541 vitium
1253 3487 1306 3541 in
1348 3493 1481 3541 orat.
1525 3486 1590 3542 V.
1638 3485 1676 3559 S
1705 3490 1789 3538 11.
1833 3486 2059 3548 ἐγκαλεῖ

24 3565 32 3673 Ἰ
84 3581 94 3587 ’
172 3573 208 3639 ᾧ
256 3569 333 3626 ὅτι
378 3572 620 3638 ἐμβάδας
662 3572 748 3626 καὶ
791 3574 1035 3639 τριβώνια
1084 3581 1259 3644 Φορεῖ,
1301 3575 1466 3643 ὥσπερ
1507 3606 1582 3615 -—
1618 3576 1706 3628 οὑκ
1745 3573 1929 3627 οὶδικῶν
1975 3570 2051 3628 ὅτι

44 3639 89 3738 J*
114 3659 388 3724 ”cadus-105
429 3661 583 3715 αὐτὸν
622 3662 693 3715 τοὶ
730 3661 852 3716 ὄντα
892 3663 1092 3724 πένητα
1134 3664 1425 3725 πεποίηκεν.
1522 3663 1684 3716 Nemo
1731 3659 1871 3714 enim
1915 3676 2053 3715 unus

62 1551 207 1600 terea
246 1543 378 1616 quid
416 1543 487 1598 sit
527 1542 797 1611 προσᾴδειν
834 1542 1158 1610 τραγῳδίαν,
1203 1549 1297 1596 aut
1341 1542 1503 1617 (quod
1543 1543 1772 1614 Bergkio
1814 1545 1867 1597 in
1910 1561 2056 1598 nien-
2142 1547 2144 1550 ’
