2436 4068
1290 205 1396 257 520

358 354 655 410 δεικνύατο;
709 353 863 406 Iones
916 347 1163 401 dicebant
1201 347 1359 407 οὐδείς
1410 348 1500 401 sed
1542 349 1595 400 in
1640 347 1832 419 plurali
1877 351 2124 415 οὐδαμοί,
2161 351 2340 416 μηδείς

359 443 450 497 sed
487 443 540 495 in
584 439 778 512 plurali
831 436 1066 502 μηδαμοί
1085 477 1099 496 ,
1153 442 1205 488 et
1246 435 1695 506 quemadmodum
1752 438 1977 503 οὐδαμός-
2012 445 2064 492 et
2097 439 2337 504 μηδαμός

356 533 411 584 in
461 527 722 599 singulari
769 540 994 579 numero
1034 540 1190 577 nemo
1242 540 1499 594 umquam
1543 524 1671 594 legit
1722 527 1846 595 quia
1892 528 2047 581 lones
2090 527 2249 587 οὐδείς
2285 534 2339 582 et

283 620 289 666 -T
354 618 534 685 μηδείς
573 615 699 669 solis
744 612 1068 675 utebantur,
1109 612 1188 665 sic
1234 628 1406 682 neque
1461 612 1653 672 οὐδένες
1697 612 1776 666 vel
1813 614 2024 678 μηδένες
2068 614 2220 668 Iones
2262 614 2340 668 di·

287 750 289 757 ⁴
355 711 551 760 xerunt
581 717 868 774 umquam,
909 715 1083 770 neque
1119 700 1324 771 uspiam
1366 717 1428 754 ea
1450 689 1621 754 l'orma
1654 708 1927 771 comparet
1962 709 2337 773 praeterquam

357 795 411 847 in
450 793 548 846 hoc
588 808 694 845 uno
728 789 843 843 loco
880 794 1149 859 corrupto.
1232 789 1471 854 Οὐδαμοί
1508 805 1669 859 quarn
1722 805 1878 860 saepe
1922 788 2064 860 apud
2113 789 2341 844 Herodo-

358 891 476 936 tum
523 880 734 951 legatur
779 884 964 930 notum
1017 883 1099 930 est
1153 876 1418 930 omnibus.
1511 875 1782 930 Proferam
1840 893 2006 930 unum
2053 876 2228 931 locum
2279 883 2342 932 ut

356 969 530 1023 obiter
586 965 864 1021 emendem
914 964 1026 1018 Vll.
1071 970 1196 1019 145.
1251 965 1322 1019 τοὶ
1375 964 1428 1018 δὲ
1484 964 1707 1026 Γέλωνος
1768 967 2066 1033 πρήγματα
2116 964 2341 1031 μεγάλα

358 1057 572 1122 ἐλέγετο
613 1053 741 1110 εἶναι
795 1054 1028 1119 οὐδαμῶν
1074 1055 1384 1114 Ἑλληνικῶν
1425 1057 1521 1106 τῶν
1561 1056 1614 1107 οὐ
1657 1055 1847 1107 πολλὸν
1890 1054 2048 1122 μέζω.
2125 1053 2342 1124 Corrige

358 1147 591 1211 οὐδαμῶν
643 1141 769 1198 δ’των
816 1144 871 1196 οὐ
913 1149 1036 1194 noto
1078 1158 1212 1195 usu:
1275 1140 1726 1212 quemadmodum
1787 1143 1932 1195 enim
1984 1143 2176 1202 οὐδενὸς
2226 1139 2341 1196 ὅτου

359 1237 413 1288 οὐ
455 1249 612 1305 saepe
660 1231 891 1302 legitur,
941 1230 1019 1284 sic
1060 1230 1113 1283 in
1156 1229 1350 1301 plurali
1398 1245 1622 1283 numero
1671 1229 1848 1283 Ionice
1894 1228 2180 1284 dicendum
2225 1246 2343 1284 esse

359 1329 580 1394 apparet
632 1319 864 1385 οὐδαμῶν
922 1316 1085 1372 δ’των
1136 1320 1208 1372 οὐ.
1290 1316 1535 1371 Ridicule
1575 1333 1635 1371 ea
1688 1316 1940 1388 loquendi
1996 1317 2164 1372 forma
2218 1334 2342 1372 cum

358 1412 840 1481 interpretamento
880 1407 1080 1461 coaluit
1119 1408 1175 1460 in
1218 1405 1453 1460 Platonis
1488 1406 1781 1476 Protagora
1819 1424 1870 1478 p.
1905 1411 2012 1460 517
2054 1405 2108 1460 C.
2149 1406 2342 1466 οὐδενὸς

358 1496 472 1552 ὅτου
526 1499 581 1550 οὐ
635 1495 894 1566 [πάντων]
941 1494 1006 1548 ἂν
1055 1496 1195 1560 ὑμῶν
1243 1496 1357 1548 καθ’
1412 1494 1617 1557 ἡλικίαν
1668 1497 1840 1562 πατὴρ
1895 1494 2015 1557 εἴην.
2094 1493 2232 1548 Num
2283 1499 2347 1548 tu

360 1594 519 1657 putas
566 1585 725 1645 οὐδεὶς
766 1580 869 1644 δ’ςις
911 1586 966 1637 οὐ
1005 1582 1214 1637 πάντων
1270 1590 1415 1636 recte
1470 1581 1577 1636 dici
1612 1583 1807 1654 posse?
1887 1584 2076 1654 Itaque
2122 1583 2177 1636 in
2231 1581 2346 1636 loco

361 1673 659 1728 Herodoteo
705 1671 898 1731 οὐδένες
954 1668 1055 1738 ἄρα
1107 1670 1273 1731 ἐόντες
1335 1671 1589 1724 vitiosum
1650 1688 1762 1725 esse
1819 1678 1984 1743 patet.
2081 1669 2347 1741 Equidem

358 1760 756 1817 emendandum
801 1776 919 1814 esse
971 1776 1160 1814 censeo
1211 1761 1349 1814 οὐδὲν
1399 1757 1500 1826 ἄρα
1553 1758 1737 1820 ἐόντες.
1818 1760 2347 1831 Frequentissimum

363 1859 446 1907 est
486 1852 623 1905 οὐδὲν
665 1845 823 1910 εἶναι,
863 1849 922 1902 τὸ
962 1849 1119 1913 μηδὲν
1159 1843 1287 1902 εἶναι
1324 1863 1419 1918 pro
1463 1846 1655 1908 οὐδενὸς
1697 1846 1839 1911 ἄξιον
1880 1845 2039 1901 εἷναιε
2097 1862 2349 1918 compara

362 1939 594 1994 facetum
640 1937 877 1990 Platonis
930 1936 1106 1990 locum
1150 1936 1202 1989 in
1247 1935 1374 2006 Rep.
1413 1935 1552 1988 V111.
1595 1953 1644 2006 p.
1683 1940 1791 1991 556
1833 1937 1892 1991 D.
1947 1933 2122 2003 ἅνδρες
2163 1934 2348 2001 ἡμέτε-

360 2030 433 2096 ροί
471 2029 594 2081 εἰσιν
636 2025 791 2079 οὐδέν.
871 2025 1071 2080 Eadem
1110 2023 1307 2078 locutio
1341 2022 1486 2076 aliud
1522 2023 1784 2095 glossema
1819 2025 2026 2096 peperit
2065 2022 2206 2094 apud
2242 2022 2349 2077 Iso-

362 2124 565 2172 cratem
608 2115 675 2168 11.
719 2118 748 2184 §
786 2116 875 2167 52.
934 2115 956 2167 ὃ
1011 2114 1170 2179 μηδὲν
1221 2113 1285 2166 ὢν
1338 2112 1495 2173 αὐτὸς
1553 2112 1850 2187 [χρήσιμος]
1908 2114 2010 2167 οὐδ’
2065 2112 2128 2167 ἂν
2185 2110 2348 2167 ἄλλον

358 2205 602 2276 φρόνιμον
643 2203 913 2266 ποιήσειεν.

436 2294 497 2347 111
548 2290 750 2345 Hellen.
790 2290 903 2343 Vll.
946 2307 1013 2342 1v.
1061 2295 1145 2344 17.
1199 2290 1336 2343 οὐδὲν
1392 2289 1527 2343 ἄλλο
1587 2290 1929 2363 [πράξαντες]
1981 2290 2008 2353 ἢ
2061 2290 2346 2359 δῃώσαντες

360 2385 528 2437 αὐτῶν
569 2381 660 2441 τὴν
700 2377 906 2446 χώραν,
946 2384 999 2432 et
1037 2377 1238 2432 Graece
1278 2384 1331 2431 et
1379 2377 1566 2432 Latine
1607 2379 1700 2449 qui
1751 2379 2072 2450 exquisitius
2123 2379 2348 2450 loquun-

361 2479 454 2526 tur
493 2470 549 2522 in
589 2466 789 2522 talibus
828 2465 1077 2534 πράττειν
1118 2465 1199 2520 vel
1252 2473 1410 2520 ποιεῖν
1448 2473 1501 2520 et
1540 2484 1695 2538 aqere
1740 2466 1821 2521 vel
1876 2470 2050 2539 facere
2089 2468 2349 2521 omittunt

362 2566 414 2614 et
451 2558 632 2611 dicere
671 2555 842 2609 solent
876 2555 1012 2608 οὐδὲν
1052 2552 1177 2608 ἄλλ’
1212 2554 1240 2618 ἢ
1283 2555 1600 2623 δῃώσαντες,
1640 2563 1694 2610 et
1732 2556 1786 2611 τί
1817 2556 1860 2610 δ’
1901 2555 2036 2610 ἄλλο
2070 2557 2098 2619 ἥ
2133 2588 2239 2620 -,
2279 2555 2350 2609 si-

361 2648 475 2701 cuti
521 2645 709 2699 Latine
747 2642 882 2696 nih-il
921 2642 1068 2695 aliud
1106 2661 1264 2714 quam
1303 2650 1357 2697 et
1397 2643 1523 2715 quid
1560 2643 1707 2696 aliud
1740 2662 1929 2715 quam:
1974 2645 2179 2715 inspice
2219 2640 2350 2698 Gro-

363 2735 582 2789 novium
620 2731 686 2786 ad
726 2731 839 2784 Liv.
878 2731 1065 2784 XXXI.
1103 2734 1192 2785 24.
1235 2740 1288 2786 et
1322 2731 1720 2786 Drakenborch.
1763 2731 1829 2786 ad
1866 2732 2108 2787 XXXIV.
2153 2735 2216 2796 2,
2256 2731 2349 2785 uhi

361 2822 568 2876 videbis
609 2836 769 2891 quam
813 2835 970 2889 saepe
1022 2818 1172 2872 scioli
1225 2839 1380 2891 aqere
1420 2829 1473 2874 et
1509 2823 1684 2893 facere
1723 2820 2114 2891 interpolarint.
2193 2818 2350 2891 Apud

364 2910 721 2965 Athenienses
760 2908 1073 2978 saepissime
1107 2909 1364 2964 occurrit.
1446 2909 1594 2963 Plato
1634 2908 1687 2961 in
1730 2909 1950 2963 Menone
1989 2926 2041 2979 p.
2073 2911 2144 2962 80
2183 2908 2242 2961 A.
2285 2909 2349 2962 σὺ

361 2999 500 3053 οὐδὲν
541 2996 674 3050 ἄλλο
716 2996 744 3059 ἢ
783 2995 941 3056 αὐτός
982 3016 1041 3048 τε
1094 2997 1302 3063 ἀπορεῖς
1358 2996 1444 3050 καὶ
1485 2997 1602 3057 τοὺς
1656 2994 1850 3056 ἄλλους
1900 3004 2060 3056 ποιεῖς
2109 2998 2348 3063 ἀπορεῖν,
2434 3002 2436 3035 2

363 3094 418 3141 et
467 3086 521 3138 in
571 3083 914 3156 Euthydemo
968 3101 1016 3155 p.
1057 3087 1163 3138 277
1205 3085 1266 3139 E.
1320 3086 1409 3139 οὐκ
1450 3084 1677 3139 αἰσθάνει
1718 3081 1813 3139 οἷον
1856 3092 2074 3139 ποιεῖτον
2113 3085 2183 3138 τὼ
2223 3083 2346 3147 ξένω
2428 3094 2429 3099 ’

362 3174 476 3242 περὶ
518 3173 594 3227 σε’.
634 3204 711 3212 --
749 3172 886 3226 οὐδὲν
940 3170 1074 3226 ἄλλο
1125 3174 1152 3236 ἢ
1206 3173 1477 3240 χορεύετον
1532 3173 1644 3239 περὶ
1697 3174 1753 3226 σὲ
1804 3174 1889 3227 καὶ
1944 3169 2039 3226 οἷον
2088 3174 2349 3240 ὀρχεῖσθον

356 3262 643 3330 παίζοντε,
694 3266 748 3314 et
788 3260 986 3330 passim
1043 3259 1187 3314 alibi.
1270 3260 1613 3333 Thucydides
1653 3261 1744 3314 III.
1790 3265 1876 3315 59.
1937 3262 1991 3316 τί
2038 3260 2174 3315 ἄλλο
2214 3259 2347 3315 οὗτοι
2424 3309 2425 3314 ,

365 3354 394 3416 ἢ
436 3348 824 3416 ἐπεβούλευσαν
876 3354 929 3401 et
970 3347 1060 3400 III.
1106 3351 1191 3401 58.
1235 3349 1288 3402 τί
1323 3347 1456 3402 ἄλλο
1496 3380 1571 3388 --
1611 3349 1640 3411 ἢ
1677 3348 1896 3413 ἀτίμους
1949 3356 2108 3418 γερῶν
2162 3348 2224 3404 ὧν
2266 3354 2349 3404 νῦν

364 3441 569 3507 ἴσχουσι
628 3436 1014 3504 καταλείψετε;
1060 3435 1352 3506 Xenophon
1388 3436 1576 3509 Cyrop.
1616 3436 1656 3490 Ι.
1699 3453 1767 3489 1v.
1812 3440 1897 3492 24.
1954 3441 2092 3494 οὐδὲν
2135 3439 2270 3494 ἄλλο
2319 3440 2347 3502 ἢ

364 3529 482 3589 τοὺς
521 3516 864 3585 πεπτωκότας
907 3524 1245 3592 περιελαύνων
1282 3524 1457 3578 ἐθεᾶτο
1481 3567 1496 3587 ,
1540 3530 1592 3578 et
1629 3524 1815 3581 multis
1852 3527 1971 3582 aliis
2011 3527 2158 3583 locis,
