<?xml version="1.0" encoding="UTF-8"?>
<!DOCTYPE html PUBLIC "-//W3C//DTD XHTML 1.0 Transitional//EN"
    "http://www.w3.org/TR/xhtml1/DTD/xhtml1-transitional.dtd">
<html xmlns="http://www.w3.org/1999/xhtml" xml:lang="en" lang="en">
 <head>
  <title>
</title>
<meta http-equiv="Content-Type" content="text/html;charset=utf-8" />
  <meta name='ocr-system' content='tesseract 3.04.00' />
  <meta name='ocr-capabilities' content='ocr_page ocr_carea ocr_par ocr_line ocrx_word'/>
</head>
<body>
  <div class='ocr_page' id='page_1' title='image "./novaelectionesqu00cobeuoft/novaelectionesqu00cobeuoft_0541.png"; bbox 0 0 2436 4068; ppageno 0'>
   <div class='ocr_carea' id='block_1_1' title="bbox 1057 209 1162 259">
    <p class='ocr_par' dir='ltr' id='par_1_1' title="bbox 1057 209 1162 259">
     <span class='ocr_line' id='line_1_1' title="bbox 1057 209 1162 259; baseline 0 0"><span class='ocrx_word' id='word_1_1' title='bbox 1057 209 1162 259; x_wconf 79' lang='lat'>507</span> 
     </span>
    </p>
   </div>
   <div class='ocr_carea' id='block_1_2' title="bbox 87 347 2151 688">
    <p class='ocr_par' dir='ltr' id='par_1_2' title="bbox 87 347 2151 688">
     <span class='ocr_line' id='line_1_2' title="bbox 168 347 2087 419; baseline -0.001 -16"><span class='ocrx_word' id='word_1_2' title='bbox 168 348 489 419; x_wconf 85' lang='lat' dir='ltr'>Pervulgato</span> <span class='ocrx_word' id='word_1_3' title='bbox 528 366 709 404; x_wconf 87' lang='lat' dir='ltr'>errore</span> <span class='ocrx_word' id='word_1_4' title='bbox 752 351 804 403; x_wconf 90' lang='lat' dir='ltr'>in</span> <span class='ocrx_word' id='word_1_5' title='bbox 849 350 1128 407; x_wconf 74' lang='lat' dir='ltr'><strong>Plutarchi</strong></span> <span class='ocrx_word' id='word_1_6' title='bbox 1168 351 1282 406; x_wconf 91' lang='lat' dir='ltr'>loco</span> <span class='ocrx_word' id='word_1_7' title='bbox 1322 350 1541 406; x_wconf 80' lang='lat' dir='ltr'>Codices</span> <span class='ocrx_word' id='word_1_8' title='bbox 1597 348 1850 404; x_wconf 75' lang='lat' dir='ltr'>exhibent</span> <span class='ocrx_word' id='word_1_9' title='bbox 1901 347 2087 415; x_wconf 76' lang='grc' dir='ltr'><strong><em>ἐριδαν-</em></strong></span> 
     </span>
     <span class='ocr_line' id='line_1_3' title="bbox 87 435 2088 510; baseline -0.002 -18"><span class='ocrx_word' id='word_1_10' title='bbox 87 438 247 492; x_wconf 86' lang='grc' dir='ltr'><em>ταίων</em></span> <span class='ocrx_word' id='word_1_11' title='bbox 286 446 340 491; x_wconf 91' lang='lat' dir='ltr'>et</span> <span class='ocrx_word' id='word_1_12' title='bbox 380 440 849 503; x_wconf 79' lang='grc' dir='ltr'>ἱμαντελικταίων,</span> <span class='ocrx_word' id='word_1_13' title='bbox 892 456 1029 510; x_wconf 91' lang='lat' dir='ltr'>quae</span> <span class='ocrx_word' id='word_1_14' title='bbox 1085 440 1211 495; x_wconf 92' lang='lat' dir='ltr'>olim</span> <span class='ocrx_word' id='word_1_15' title='bbox 1257 439 1539 495; x_wconf 90' lang='lat' dir='ltr'>emendata</span> <span class='ocrx_word' id='word_1_16' title='bbox 1588 445 1736 494; x_wconf 88' lang='lat' dir='ltr'>sunt.</span> <span class='ocrx_word' id='word_1_17' title='bbox 1815 435 2088 492; x_wconf 88' lang='lat' dir='ltr'>Exturba-</span> 
     </span>
     <span class='ocr_line' id='line_1_4' title="bbox 89 523 2087 596; baseline -0.001 -17"><span class='ocrx_word' id='word_1_18' title='bbox 89 526 174 579; x_wconf 88' lang='lat' dir='ltr'>his</span> <span class='ocrx_word' id='word_1_19' title='bbox 227 526 397 596; x_wconf 86' lang='lat' dir='ltr'>igitur</span> <span class='ocrx_word' id='word_1_20' title='bbox 457 543 520 581; x_wconf 84' lang='lat' dir='ltr'>ex</span> <span class='ocrx_word' id='word_1_21' title='bbox 568 526 778 582; x_wconf 89' lang='lat' dir='ltr'>Lexicis</span> <span class='ocrx_word' id='word_1_22' title='bbox 830 529 1153 595; x_wconf 81' lang='grc' dir='ltr'><strong><em>Ἐριδαντεύς</em></strong></span> <span class='ocrx_word' id='word_1_23' title='bbox 1209 536 1263 584; x_wconf 92' lang='lat' dir='ltr'>et</span> <span class='ocrx_word' id='word_1_24' title='bbox 1301 528 1725 595; x_wconf 77' lang='grc' dir='ltr'>Ἱμαντελικτεύς</span> <span class='ocrx_word' id='word_1_25' title='bbox 1775 532 1830 580; x_wconf 88' lang='lat' dir='ltr'>et</span> <span class='ocrx_word' id='word_1_26' title='bbox 1873 523 2087 579; x_wconf 87' lang='lat' dir='ltr'>notabis</span> 
     </span>
     <span class='ocr_line' id='line_1_5' title="bbox 90 614 2151 688; baseline 0.003 -21"><span class='ocrx_word' id='word_1_27' title='bbox 90 614 253 668; x_wconf 88' lang='lat' dir='ltr'>etiam</span> <span class='ocrx_word' id='word_1_28' title='bbox 295 615 350 668; x_wconf 90' lang='lat' dir='ltr'>in</span> <span class='ocrx_word' id='word_1_29' title='bbox 385 614 584 669; x_wconf 85' lang='lat' dir='ltr'>talibus</span> <span class='ocrx_word' id='word_1_30' title='bbox 620 615 852 670; x_wconf 86' lang='lat' dir='ltr'>Graecos</span> <span class='ocrx_word' id='word_1_31' title='bbox 887 617 1227 687; x_wconf 88' lang='lat' dir='ltr'>pereruditos</span> <span class='ocrx_word' id='word_1_32' title='bbox 1260 618 1582 687; x_wconf 89' lang='lat' dir='ltr'>gravissime</span> <span class='ocrx_word' id='word_1_33' title='bbox 1622 616 1922 688; x_wconf 83' lang='lat' dir='ltr'>impingere</span> <span class='ocrx_word' id='word_1_34' title='bbox 1970 628 2090 684; x_wconf 87' lang='lat' dir='ltr'>pos·</span> <span class='ocrx_word' id='word_1_35' title='bbox 2148 670 2151 674; x_wconf 32' lang='lat' dir='ltr'><em>s</em></span> 
     </span>
    </p>
   </div>
   <div class='ocr_carea' id='block_1_3' title="bbox 10 701 2091 940">
    <p class='ocr_par' dir='ltr' id='par_1_3' title="bbox 10 701 2091 940">
     <span class='ocr_line' id='line_1_6' title="bbox 10 701 2091 777; baseline -0.001 -20"><span class='ocrx_word' id='word_1_36' title='bbox 10 740 20 757; x_wconf 85' lang='lat'><strong>.</strong></span> <span class='ocrx_word' id='word_1_37' title='bbox 90 718 182 766; x_wconf 87' lang='lat' dir='ltr'>se,</span> <span class='ocrx_word' id='word_1_38' title='bbox 222 703 381 756; x_wconf 88' lang='lat' dir='ltr'>cuius</span> <span class='ocrx_word' id='word_1_39' title='bbox 416 704 492 757; x_wconf 88' lang='lat' dir='ltr'>rei</span> <span class='ocrx_word' id='word_1_40' title='bbox 530 719 697 774; x_wconf 91' lang='lat' dir='ltr'>quum</span> <span class='ocrx_word' id='word_1_41' title='bbox 741 703 876 757; x_wconf 81' lang='lat' dir='ltr'>mihi</span> <span class='ocrx_word' id='word_1_42' title='bbox 926 704 1295 775; x_wconf 78' lang='lat' dir='ltr'>compluscula</span> <span class='ocrx_word' id='word_1_43' title='bbox 1335 705 1578 777; x_wconf 85' lang='lat' dir='ltr'>exempla</span> <span class='ocrx_word' id='word_1_44' title='bbox 1620 706 1676 759; x_wconf 90' lang='lat' dir='ltr'>in</span> <span class='ocrx_word' id='word_1_45' title='bbox 1716 709 1936 777; x_wconf 88' lang='lat' dir='ltr'>promtu</span> <span class='ocrx_word' id='word_1_46' title='bbox 1978 701 2091 756; x_wconf 91' lang='lat' dir='ltr'>sint</span> 
     </span>
     <span class='ocr_line' id='line_1_7' title="bbox 12 779 2089 857; baseline 0 -14"><span class='ocrx_word' id='word_1_47' title='bbox 12 779 30 849; x_wconf 56' lang='lat' dir='ltr'>f·</span> <span class='ocrx_word' id='word_1_48' title='bbox 91 806 199 844; x_wconf 91' lang='lat' dir='ltr'>uno</span> <span class='ocrx_word' id='word_1_49' title='bbox 236 798 360 844; x_wconf 88' lang='lat' dir='ltr'>utar</span> <span class='ocrx_word' id='word_1_50' title='bbox 397 808 460 845; x_wconf 89' lang='lat' dir='ltr'>ex</span> <span class='ocrx_word' id='word_1_51' title='bbox 500 791 728 845; x_wconf 89' lang='lat' dir='ltr'>Bekkeri</span> <span class='ocrx_word' id='word_1_52' title='bbox 781 791 981 846; x_wconf 82' lang='lat' dir='ltr'>Anecd.</span> <span class='ocrx_word' id='word_1_53' title='bbox 1022 796 1166 857; x_wconf 81' lang='lat'><strong>547,</strong></span> <span class='ocrx_word' id='word_1_54' title='bbox 1207 798 1240 848; x_wconf 91' lang='lat'>8</span> <span class='ocrx_word' id='word_1_55' title='bbox 1283 793 1376 847; x_wconf 89' lang='lat' dir='ltr'>ubi</span> <span class='ocrx_word' id='word_1_56' title='bbox 1427 793 1828 849; x_wconf 78' lang='lat' dir='ltr'>Grammaticus</span> <span class='ocrx_word' id='word_1_57' title='bbox 1877 792 1931 846; x_wconf 92' lang='lat' dir='ltr'>in</span> <span class='ocrx_word' id='word_1_58' title='bbox 1969 804 2089 844; x_wconf 87' lang='lat' dir='ltr'>ver-</span> 
     </span>
     <span class='ocr_line' id='line_1_8' title="bbox 11 877 693 940; baseline 0 -8"><span class='ocrx_word' id='word_1_59' title='bbox 11 917 19 940; x_wconf 74' lang='grc'>-,</span> <span class='ocrx_word' id='word_1_60' title='bbox 91 878 176 932; x_wconf 82' lang='lat' dir='ltr'>his</span> <span class='ocrx_word' id='word_1_61' title='bbox 217 877 423 933; x_wconf 88' lang='lat' dir='ltr'>Comici</span> <span class='ocrx_word' id='word_1_62' title='bbox 466 879 693 933; x_wconf 87' lang='lat' dir='ltr'>incerti:</span> 
     </span>
    </p>
   </div>
   <div class='ocr_carea' id='block_1_4' title="bbox 78 966 2092 2990">
    <p class='ocr_par' dir='ltr' id='par_1_4' title="bbox 85 966 2092 2015">
     <span class='ocr_line' id='line_1_9' title="bbox 394 966 1580 1038; baseline 0.001 -16"><span class='ocrx_word' id='word_1_63' title='bbox 394 966 645 1032; x_wconf 75' lang='grc' dir='ltr'>γλῶττάν</span> <span class='ocrx_word' id='word_1_64' title='bbox 683 968 743 1022; x_wconf 81' lang='grc' dir='ltr'>τέ</span> <span class='ocrx_word' id='word_1_65' title='bbox 783 988 859 1022; x_wconf 90' lang='grc' dir='ltr'><strong><em>σοι</em></strong></span> <span class='ocrx_word' id='word_1_66' title='bbox 893 969 1090 1023; x_wconf 78' lang='grc' dir='ltr'><strong><em>δίδωσιν</em></strong></span> <span class='ocrx_word' id='word_1_67' title='bbox 1129 970 1183 1023; x_wconf 83' lang='grc' dir='ltr'><em>ἐν</em></span> <span class='ocrx_word' id='word_1_68' title='bbox 1223 969 1367 1036; x_wconf 77' lang='grc' dir='ltr'>δήμῳ</span> <span class='ocrx_word' id='word_1_69' title='bbox 1406 975 1580 1038; x_wconf 82' lang='grc' dir='ltr'><em>φορεῖν</em></span> 
     </span>
     <span class='ocr_line' id='line_1_10' title="bbox 624 1057 1265 1122; baseline 0.003 -12"><span class='ocrx_word' id='word_1_70' title='bbox 624 1062 796 1110; x_wconf 80' lang='grc' dir='ltr'><em>καλῶν</em></span> <span class='ocrx_word' id='word_1_71' title='bbox 836 1057 1006 1122; x_wconf 75' lang='grc' dir='ltr'><em>λόγων</em></span> <span class='ocrx_word' id='word_1_72' title='bbox 1045 1058 1265 1119; x_wconf 76' lang='grc' dir='ltr'><em>άείνων,</em></span> 
     </span>
     <span class='ocr_line' id='line_1_11' title="bbox 91 1143 2089 1210; baseline -0.001 -13"><span class='ocrx_word' id='word_1_73' title='bbox 91 1143 371 1197; x_wconf 75' lang='lat' dir='ltr'>coniunxit</span> <span class='ocrx_word' id='word_1_74' title='bbox 408 1148 663 1207; x_wconf 69' lang='grc' dir='ltr'>γλῶτταν</span> <span class='ocrx_word' id='word_1_75' title='bbox 694 1146 873 1199; x_wconf 77' lang='grc' dir='ltr'><em>άείνων</em></span> <span class='ocrx_word' id='word_1_76' title='bbox 914 1152 968 1198; x_wconf 79' lang='lat' dir='ltr'>et</span> <span class='ocrx_word' id='word_1_77' title='bbox 1003 1146 1311 1200; x_wconf 78' lang='lat' dir='ltr'>annotavit:</span> <span class='ocrx_word' id='word_1_78' title='bbox 1352 1147 1411 1201; x_wconf 84' lang='grc' dir='ltr'>τὸ</span> <span class='ocrx_word' id='word_1_79' title='bbox 1445 1146 1498 1200; x_wconf 78' lang='grc' dir='ltr'>δὲ</span> <span class='ocrx_word' id='word_1_80' title='bbox 1537 1150 1809 1210; x_wconf 71' lang='grc' dir='ltr'><strong><em>γλῶττα</em></strong></span> <span class='ocrx_word' id='word_1_81' title='bbox 1850 1143 2089 1202; x_wconf 83' lang='grc' dir='ltr'><em>άείνως</em></span> 
     </span>
     <span class='ocr_line' id='line_1_12' title="bbox 87 1229 2092 1305; baseline -0 -20"><span class='ocrx_word' id='word_1_82' title='bbox 87 1229 229 1286; x_wconf 68' lang='grc' dir='ltr'><strong><em>πάνυ</em></strong></span> <span class='ocrx_word' id='word_1_83' title='bbox 284 1231 455 1285; x_wconf 83' lang='grc' dir='ltr'><em>καινὸν</em></span> <span class='ocrx_word' id='word_1_84' title='bbox 509 1232 599 1286; x_wconf 81' lang='grc' dir='ltr'>καὶ</span> <span class='ocrx_word' id='word_1_85' title='bbox 647 1233 871 1300; x_wconf 75' lang='grc' dir='ltr'>ἐναργῶς</span> <span class='ocrx_word' id='word_1_86' title='bbox 924 1233 1160 1301; x_wconf 74' lang='grc' dir='ltr'><strong><em>εἴρηται,</em></strong></span> <span class='ocrx_word' id='word_1_87' title='bbox 1218 1241 1272 1289; x_wconf 85' lang='lat' dir='ltr'>et</span> <span class='ocrx_word' id='word_1_88' title='bbox 1323 1241 1404 1289; x_wconf 84' lang='lat' dir='ltr'>est</span> <span class='ocrx_word' id='word_1_89' title='bbox 1451 1233 1584 1288; x_wconf 91' lang='lat' dir='ltr'>illud</span> <span class='ocrx_word' id='word_1_90' title='bbox 1635 1232 1855 1305; x_wconf 85' lang='lat' dir='ltr'>quidem</span> <span class='ocrx_word' id='word_1_91' title='bbox 1912 1229 2092 1285; x_wconf 82' lang='lat' dir='ltr'>hercle</span> 
     </span>
     <span class='ocr_line' id='line_1_13' title="bbox 92 1319 2091 1394; baseline -0.001 -20"><span class='ocrx_word' id='word_1_92' title='bbox 92 1319 230 1374; x_wconf 84' lang='grc' dir='ltr'><strong><em>πάνυ</em></strong></span> <span class='ocrx_word' id='word_1_93' title='bbox 265 1319 470 1382; x_wconf 83' lang='grc' dir='ltr'><strong><em>καινόν,</em></strong></span> <span class='ocrx_word' id='word_1_94' title='bbox 513 1320 580 1373; x_wconf 90' lang='lat' dir='ltr'>ab</span> <span class='ocrx_word' id='word_1_95' title='bbox 621 1320 712 1374; x_wconf 91' lang='lat' dir='ltr'>illo</span> <span class='ocrx_word' id='word_1_96' title='bbox 753 1322 870 1393; x_wconf 91' lang='lat' dir='ltr'>ipso</span> <span class='ocrx_word' id='word_1_97' title='bbox 918 1321 1136 1376; x_wconf 90' lang='lat' dir='ltr'>demum</span> <span class='ocrx_word' id='word_1_98' title='bbox 1179 1323 1439 1394; x_wconf 85' lang='lat' dir='ltr'>magistro</span> <span class='ocrx_word' id='word_1_99' title='bbox 1478 1324 1873 1394; x_wconf 80' lang='lat' dir='ltr'>excogitatum3</span> <span class='ocrx_word' id='word_1_100' title='bbox 1913 1319 2091 1375; x_wconf 83' lang='grc' dir='ltr'><em>άείνων</em></span> 
     </span>
     <span class='ocr_line' id='line_1_14' title="bbox 90 1409 2090 1482; baseline -0.001 -20"><span class='ocrx_word' id='word_1_101' title='bbox 90 1409 366 1478; x_wconf 76' lang='lat' dir='ltr'>genitivus</span> <span class='ocrx_word' id='word_1_102' title='bbox 401 1414 484 1462; x_wconf 88' lang='lat' dir='ltr'>est</span> <span class='ocrx_word' id='word_1_103' title='bbox 525 1424 649 1462; x_wconf 89' lang='lat' dir='ltr'>cum</span> <span class='ocrx_word' id='word_1_104' title='bbox 693 1409 866 1474; x_wconf 73' lang='grc' dir='ltr'><em>λόγων</em></span> <span class='ocrx_word' id='word_1_105' title='bbox 905 1411 1334 1482; x_wconf 87' lang='lat' dir='ltr'>coniungendus.</span> <span class='ocrx_word' id='word_1_106' title='bbox 1416 1412 1613 1466; x_wconf 86' lang='lat' dir='ltr'>Notum</span> <span class='ocrx_word' id='word_1_107' title='bbox 1654 1418 1737 1465; x_wconf 88' lang='lat' dir='ltr'>est</span> <span class='ocrx_word' id='word_1_108' title='bbox 1777 1426 1939 1481; x_wconf 90' lang='lat' dir='ltr'>quam</span> <span class='ocrx_word' id='word_1_109' title='bbox 1991 1409 2090 1461; x_wconf 86' lang='lat' dir='ltr'>im-</span> 
     </span>
     <span class='ocr_line' id='line_1_15' title="bbox 89 1495 2086 1570; baseline 0.001 -21"><span class='ocrx_word' id='word_1_110' title='bbox 89 1497 237 1550; x_wconf 89' lang='lat' dir='ltr'>mani</span> <span class='ocrx_word' id='word_1_111' title='bbox 277 1511 461 1550; x_wconf 88' lang='lat' dir='ltr'>errore</span> <span class='ocrx_word' id='word_1_112' title='bbox 495 1495 676 1568; x_wconf 92' lang='lat' dir='ltr'>lapsus</span> <span class='ocrx_word' id='word_1_113' title='bbox 725 1498 798 1552; x_wconf 90' lang='lat' dir='ltr'>sit</span> <span class='ocrx_word' id='word_1_114' title='bbox 842 1497 1150 1570; x_wconf 78' lang='lat' dir='ltr'>Stephanus</span> <span class='ocrx_word' id='word_1_115' title='bbox 1186 1501 1298 1569; x_wconf 80' lang='grc' dir='ltr'>περὶ</span> <span class='ocrx_word' id='word_1_116' title='bbox 1354 1501 1551 1555; x_wconf 82' lang='grc' dir='ltr'><em>πόλεων</em></span> <span class='ocrx_word' id='word_1_117' title='bbox 1591 1501 1645 1554; x_wconf 91' lang='lat' dir='ltr'>in</span> <span class='ocrx_word' id='word_1_118' title='bbox 1694 1498 1874 1554; x_wconf 82' lang='lat' dir='ltr'>verbis</span> <span class='ocrx_word' id='word_1_119' title='bbox 1924 1497 2086 1552; x_wconf 91' lang='lat' dir='ltr'>Hero-</span> 
     </span>
     <span class='ocr_line' id='line_1_16' title="bbox 90 1584 2091 1658; baseline 0 -19"><span class='ocrx_word' id='word_1_120' title='bbox 90 1584 203 1639; x_wconf 85' lang='lat' dir='ltr'>doti</span> <span class='ocrx_word' id='word_1_121' title='bbox 242 1584 284 1638; x_wconf 91' lang='lat'>1.</span> <span class='ocrx_word' id='word_1_122' title='bbox 332 1588 436 1638; x_wconf 75' lang='lat'>125</span> <span class='ocrx_word' id='word_1_123' title='bbox 479 1584 556 1642; x_wconf 79' lang='grc' dir='ltr'><strong><em>ἔςι</em></strong></span> <span class='ocrx_word' id='word_1_124' title='bbox 609 1587 862 1652; x_wconf 80' lang='grc' dir='ltr'><strong><em>δὲτάδε,</em></strong></span> <span class='ocrx_word' id='word_1_125' title='bbox 906 1587 965 1652; x_wconf 79' lang='grc' dir='ltr'>ἐξ</span> <span class='ocrx_word' id='word_1_126' title='bbox 1012 1587 1076 1643; x_wconf 76' lang='grc' dir='ltr'><em>ὧν</em></span> <span class='ocrx_word' id='word_1_127' title='bbox 1118 1587 1271 1645; x_wconf 75' lang='grc' dir='ltr'><em>ὧλλοι</em></span> <span class='ocrx_word' id='word_1_128' title='bbox 1327 1590 1522 1652; x_wconf 84' lang='grc' dir='ltr'><strong><em>πάντες</em></strong></span> <span class='ocrx_word' id='word_1_129' title='bbox 1582 1589 1904 1658; x_wconf 86' lang='grc' dir='ltr'><strong><em>άρτέαται</em></strong></span> <span class='ocrx_word' id='word_1_130' title='bbox 1960 1586 2091 1654; x_wconf 65' lang='grc' dir='ltr'>Πέρὲ-</span> 
     </span>
     <span class='ocr_line' id='line_1_17' title="bbox 87 1673 2090 1751; baseline 0 -23"><span class='ocrx_word' id='word_1_131' title='bbox 87 1693 177 1728; x_wconf 88' lang='grc' dir='ltr'><strong><em>σαι</em></strong></span> <span class='ocrx_word' id='word_1_132' title='bbox 202 1692 215 1704; x_wconf 92' lang='grc'><em>·</em></span> <span class='ocrx_word' id='word_1_133' title='bbox 274 1673 668 1741; x_wconf 74' lang='grc' dir='ltr'><strong><em>Πασαργάδαι,</em></strong></span> <span class='ocrx_word' id='word_1_134' title='bbox 726 1675 1040 1746; x_wconf 83' lang='grc' dir='ltr'><strong><em>Μαράφιοι,</em></strong></span> <span class='ocrx_word' id='word_1_135' title='bbox 1097 1678 1376 1743; x_wconf 87' lang='grc' dir='ltr'><strong><em>Μάσπιοι,</em></strong></span> <span class='ocrx_word' id='word_1_136' title='bbox 1439 1680 1532 1751; x_wconf 89' lang='lat' dir='ltr'>qui</span> <span class='ocrx_word' id='word_1_137' title='bbox 1593 1697 1659 1734; x_wconf 84' lang='lat' dir='ltr'>ex</span> <span class='ocrx_word' id='word_1_138' title='bbox 1720 1682 2090 1733; x_wconf 83' lang='lat' dir='ltr'><strong>APTEATAI</strong></span> 
     </span>
     <span class='ocr_line' id='line_1_18' title="bbox 85 1761 2087 1838; baseline 0.003 -22"><span class='ocrx_word' id='word_1_139' title='bbox 85 1761 274 1817; x_wconf 82' lang='lat' dir='ltr'>elicuit</span> <span class='ocrx_word' id='word_1_140' title='bbox 309 1764 724 1829; x_wconf 75' lang='grc' dir='ltr'><strong><em>Ἀρτεοῖται,</em></strong></span> <span class='ocrx_word' id='word_1_141' title='bbox 763 1765 911 1829; x_wconf 74' lang='grc' dir='ltr'><em>γένος</em></span> <span class='ocrx_word' id='word_1_142' title='bbox 950 1767 1214 1834; x_wconf 84' lang='grc' dir='ltr'><strong><em>Περσικόν.</em></strong></span> <span class='ocrx_word' id='word_1_143' title='bbox 1295 1768 1555 1836; x_wconf 76' lang='grc' dir='ltr'><strong><em>Ἡρόδοτος</em></strong></span> <span class='ocrx_word' id='word_1_144' title='bbox 1604 1768 1812 1838; x_wconf 68' lang='grc' dir='ltr'><strong><em>πρώτῃ,</em></strong></span> <span class='ocrx_word' id='word_1_145' title='bbox 1856 1763 2087 1821; x_wconf 86' lang='lat' dir='ltr'>eundem</span> 
     </span>
     <span class='ocr_line' id='line_1_19' title="bbox 90 1854 2088 1927; baseline 0.002 -24"><span class='ocrx_word' id='word_1_146' title='bbox 90 1866 329 1904; x_wconf 91' lang='lat' dir='ltr'>errorem</span> <span class='ocrx_word' id='word_1_147' title='bbox 383 1858 633 1922; x_wconf 87' lang='lat' dir='ltr'>repetens</span> <span class='ocrx_word' id='word_1_148' title='bbox 681 1870 730 1906; x_wconf 89' lang='lat' dir='ltr'>v.</span> <span class='ocrx_word' id='word_1_149' title='bbox 773 1855 997 1920; x_wconf 81' lang='grc' dir='ltr'><strong><em>Ἀρταία</em></strong></span> <span class='ocrx_word' id='word_1_150' title='bbox 1036 1864 1090 1910; x_wconf 88' lang='lat' dir='ltr'>et</span> <span class='ocrx_word' id='word_1_151' title='bbox 1129 1857 1390 1912; x_wconf 80' lang='grc' dir='ltr'><strong><em>Μάσπιοι.</em></strong></span> <span class='ocrx_word' id='word_1_152' title='bbox 1472 1857 1679 1912; x_wconf 81' lang='lat' dir='ltr'>Similia</span> <span class='ocrx_word' id='word_1_153' title='bbox 1733 1854 1995 1927; x_wconf 86' lang='lat' dir='ltr'>quaedam</span> <span class='ocrx_word' id='word_1_154' title='bbox 2033 1861 2088 1907; x_wconf 89' lang='lat' dir='ltr'>et</span> 
     </span>
     <span class='ocr_line' id='line_1_20' title="bbox 88 1937 2084 2015; baseline 0.002 -23"><span class='ocrx_word' id='word_1_155' title='bbox 88 1937 156 1992; x_wconf 89' lang='lat' dir='ltr'>ab</span> <span class='ocrx_word' id='word_1_156' title='bbox 195 1938 316 1993; x_wconf 86' lang='lat' dir='ltr'>aliis</span> <span class='ocrx_word' id='word_1_157' title='bbox 352 1948 572 2011; x_wconf 85' lang='lat' dir='ltr'>peccata</span> <span class='ocrx_word' id='word_1_158' title='bbox 614 1950 775 2006; x_wconf 90' lang='lat' dir='ltr'>suut,</span> <span class='ocrx_word' id='word_1_159' title='bbox 816 1942 907 1996; x_wconf 90' lang='lat' dir='ltr'>sed</span> <span class='ocrx_word' id='word_1_160' title='bbox 955 1942 1022 1997; x_wconf 85' lang='lat' dir='ltr'>ad</span> <span class='ocrx_word' id='word_1_161' title='bbox 1071 1944 1339 1999; x_wconf 83' lang='lat' dir='ltr'>Anabasin</span> <span class='ocrx_word' id='word_1_162' title='bbox 1391 1944 1697 2000; x_wconf 87' lang='lat' dir='ltr'>revertendi</span> <span class='ocrx_word' id='word_1_163' title='bbox 1738 1953 1952 2015; x_wconf 83' lang='lat' dir='ltr'>tempus</span> <span class='ocrx_word' id='word_1_164' title='bbox 1985 1948 2084 1996; x_wconf 88' lang='lat' dir='ltr'>est.</span> 
     </span>
    </p>

    <p class='ocr_par' dir='ltr' id='par_1_5' title="bbox 80 2027 2087 2540">
     <span class='ocr_line' id='line_1_21' title="bbox 162 2027 2087 2105; baseline 0.002 -25"><span class='ocrx_word' id='word_1_165' title='bbox 162 2027 223 2081; x_wconf 87' lang='lat' dir='ltr'>In</span> <span class='ocrx_word' id='word_1_166' title='bbox 278 2027 445 2082; x_wconf 79' lang='lat' dir='ltr'>Anah.</span> <span class='ocrx_word' id='word_1_167' title='bbox 499 2029 611 2083; x_wconf 88' lang='lat' dir='ltr'>vlt.</span> <span class='ocrx_word' id='word_1_168' title='bbox 655 2047 724 2084; x_wconf 77' lang='lat' dir='ltr'>vi.</span> <span class='ocrx_word' id='word_1_169' title='bbox 770 2034 840 2084; x_wconf 84' lang='lat'>55</span> <span class='ocrx_word' id='word_1_170' title='bbox 902 2048 996 2102; x_wconf 85' lang='lat' dir='ltr'>pro</span> <span class='ocrx_word' id='word_1_171' title='bbox 1054 2034 1232 2101; x_wconf 80' lang='grc' dir='ltr'><strong><em>άπῆρα</em></strong></span> <span class='ocrx_word' id='word_1_172' title='bbox 1295 2034 1466 2088; x_wconf 75' lang='grc' dir='ltr'>οἴκαδε</span> <span class='ocrx_word' id='word_1_173' title='bbox 1528 2051 1591 2088; x_wconf 88' lang='lat' dir='ltr'>ex</span> <span class='ocrx_word' id='word_1_174' title='bbox 1651 2034 1871 2105; x_wconf 89' lang='lat' dir='ltr'>optimis</span> <span class='ocrx_word' id='word_1_175' title='bbox 1931 2030 2087 2084; x_wconf 87' lang='lat' dir='ltr'>libris</span> 
     </span>
     <span class='ocr_line' id='line_1_22' title="bbox 83 2116 2080 2194; baseline 0.002 -24"><span class='ocrx_word' id='word_1_176' title='bbox 83 2117 238 2183; x_wconf 74' lang='grc' dir='ltr'><strong><em>άπῇα</em></strong></span> <span class='ocrx_word' id='word_1_177' title='bbox 294 2116 674 2171; x_wconf 89' lang='lat' dir='ltr'>revocandum.</span> <span class='ocrx_word' id='word_1_178' title='bbox 769 2127 995 2174; x_wconf 84' lang='grc' dir='ltr'><strong>ΑΠΗΙΑ</strong></span> <span class='ocrx_word' id='word_1_179' title='bbox 1055 2122 1108 2174; x_wconf 90' lang='lat' dir='ltr'>in</span> <span class='ocrx_word' id='word_1_180' title='bbox 1168 2123 1348 2190; x_wconf 76' lang='grc' dir='ltr'><strong><em>άπῆρά</em></strong></span> <span class='ocrx_word' id='word_1_181' title='bbox 1399 2124 1568 2188; x_wconf 89' lang='lat' dir='ltr'>abiit,</span> <span class='ocrx_word' id='word_1_182' title='bbox 1627 2119 2080 2194; x_wconf 84' lang='lat' dir='ltr'>quemadmodum</span> 
     </span>
     <span class='ocr_line' id='line_1_23' title="bbox 81 2202 2082 2284; baseline 0.001 -25"><span class='ocrx_word' id='word_1_183' title='bbox 81 2212 243 2262; x_wconf 82' lang='grc' dir='ltr'><strong>ΗΙΞΑ</strong></span> <span class='ocrx_word' id='word_1_184' title='bbox 284 2202 431 2279; x_wconf 69' lang='grc' dir='ltr'><strong><em>(ᾖξα)</em></strong></span> <span class='ocrx_word' id='word_1_185' title='bbox 484 2221 890 2278; x_wconf 86' lang='lat' dir='ltr'>nonnumquam</span> <span class='ocrx_word' id='word_1_186' title='bbox 947 2210 999 2261; x_wconf 91' lang='lat' dir='ltr'>in</span> <span class='ocrx_word' id='word_1_187' title='bbox 1054 2209 1642 2284; x_wconf 56' lang='lat' dir='ltr'>ffpffoemorrumpitur,</span> <span class='ocrx_word' id='word_1_188' title='bbox 1693 2211 1894 2282; x_wconf 87' lang='lat' dir='ltr'>aliique</span> <span class='ocrx_word' id='word_1_189' title='bbox 1938 2225 2082 2264; x_wconf 86' lang='lat' dir='ltr'>erro-</span> 
     </span>
     <span class='ocr_line' id='line_1_24' title="bbox 83 2293 2078 2372; baseline 0.002 -25"><span class='ocrx_word' id='word_1_190' title='bbox 83 2309 171 2348; x_wconf 87' lang='lat' dir='ltr'>res</span> <span class='ocrx_word' id='word_1_191' title='bbox 222 2310 286 2348; x_wconf 85' lang='lat' dir='ltr'>ex</span> <span class='ocrx_word' id='word_1_192' title='bbox 339 2294 362 2347; x_wconf 94' lang='lat'>1</span> <span class='ocrx_word' id='word_1_193' title='bbox 416 2293 688 2366; x_wconf 89' lang='lat' dir='ltr'>adscripto</span> <span class='ocrx_word' id='word_1_194' title='bbox 740 2299 889 2350; x_wconf 90' lang='lat' dir='ltr'>nasci</span> <span class='ocrx_word' id='word_1_195' title='bbox 941 2298 1130 2354; x_wconf 87' lang='lat' dir='ltr'>solent.</span> <span class='ocrx_word' id='word_1_196' title='bbox 1217 2300 1601 2372; x_wconf 74' lang='lat' dir='ltr'>Imperfectum</span> <span class='ocrx_word' id='word_1_197' title='bbox 1656 2317 1758 2354; x_wconf 90' lang='lat' dir='ltr'>non</span> <span class='ocrx_word' id='word_1_198' title='bbox 1817 2299 2078 2354; x_wconf 89' lang='lat' dir='ltr'>aoristum</span> 
     </span>
     <span class='ocr_line' id='line_1_25' title="bbox 83 2380 2080 2459; baseline 0.003 -23"><span class='ocrx_word' id='word_1_199' title='bbox 83 2380 292 2454; x_wconf 77' lang='lat' dir='ltr'>flagitat</span> <span class='ocrx_word' id='word_1_200' title='bbox 331 2384 598 2437; x_wconf 89' lang='lat' dir='ltr'>sententia</span> <span class='ocrx_word' id='word_1_201' title='bbox 628 2391 682 2438; x_wconf 92' lang='lat' dir='ltr'>et</span> <span class='ocrx_word' id='word_1_202' title='bbox 715 2385 857 2440; x_wconf 89' lang='lat' dir='ltr'>inter</span> <span class='ocrx_word' id='word_1_203' title='bbox 894 2403 951 2440; x_wconf 88' lang='lat' dir='ltr'>se</span> <span class='ocrx_word' id='word_1_204' title='bbox 986 2396 1334 2459; x_wconf 85' lang='lat' dir='ltr'>opponuntur</span> <span class='ocrx_word' id='word_1_205' title='bbox 1367 2387 1453 2445; x_wconf 69' lang='grc' dir='ltr'>ὅτε</span> <span class='ocrx_word' id='word_1_206' title='bbox 1487 2391 1582 2456; x_wconf 77' lang='grc' dir='ltr'><em>μὲν</em></span> <span class='ocrx_word' id='word_1_207' title='bbox 1622 2390 1858 2458; x_wconf 85' lang='grc' dir='ltr'>πρότερον</span> <span class='ocrx_word' id='word_1_208' title='bbox 1894 2390 2080 2456; x_wconf 72' lang='grc' dir='ltr'><strong><em>άπῇα</em></strong></span> 
     </span>
     <span class='ocr_line' id='line_1_26' title="bbox 80 2471 814 2540; baseline 0.001 -14"><span class='ocrx_word' id='word_1_209' title='bbox 80 2477 137 2526; x_wconf 80' lang='lat' dir='ltr'>el.</span> <span class='ocrx_word' id='word_1_210' title='bbox 176 2475 263 2525; x_wconf 83' lang='grc' dir='ltr'>νῦν</span> <span class='ocrx_word' id='word_1_211' title='bbox 304 2473 355 2525; x_wconf 76' lang='grc' dir='ltr'>δὲ</span> <span class='ocrx_word' id='word_1_212' title='bbox 389 2471 814 2540; x_wconf 77' lang='grc' dir='ltr'><strong><em>άπέρχομαι.</em></strong></span> 
     </span>
    </p>

    <p class='ocr_par' dir='ltr' id='par_1_6' title="bbox 78 2558 2078 2812">
     <span class='ocr_line' id='line_1_27' title="bbox 157 2558 2078 2639; baseline 0.002 -24"><span class='ocrx_word' id='word_1_213' title='bbox 157 2560 216 2615; x_wconf 88' lang='lat' dir='ltr'>In</span> <span class='ocrx_word' id='word_1_214' title='bbox 274 2558 314 2634; x_wconf 83' lang='lat'>§</span> <span class='ocrx_word' id='word_1_215' title='bbox 352 2565 421 2615; x_wconf 88' lang='lat'>57</span> <span class='ocrx_word' id='word_1_216' title='bbox 479 2560 733 2627; x_wconf 71' lang='grc' dir='ltr'><em>ἡγεμόνες</em></span> <span class='ocrx_word' id='word_1_217' title='bbox 788 2564 842 2618; x_wconf 77' lang='grc' dir='ltr'>δὲ</span> <span class='ocrx_word' id='word_1_218' title='bbox 885 2563 1085 2627; x_wconf 72' lang='grc' dir='ltr'><strong><em>ἥκουσιν</em></strong></span> <span class='ocrx_word' id='word_1_219' title='bbox 1131 2567 1577 2639; x_wconf 78' lang='grc' dir='ltr'><strong><em>[Λακεδαιμόνιοι]</em></strong></span> <span class='ocrx_word' id='word_1_220' title='bbox 1623 2571 1666 2622; x_wconf 86' lang='grc' dir='ltr'>οἱ</span> <span class='ocrx_word' id='word_1_221' title='bbox 1721 2566 1948 2635; x_wconf 82' lang='grc' dir='ltr'><strong><em>κράτιςοι</em></strong></span> <span class='ocrx_word' id='word_1_222' title='bbox 2006 2585 2078 2619; x_wconf 84' lang='grc' dir='ltr'><em>νο·</em></span> 
     </span>
     <span class='ocr_line' id='line_1_28' title="bbox 78 2645 2078 2727; baseline 0.002 -23"><span class='ocrx_word' id='word_1_223' title='bbox 78 2647 341 2716; x_wconf 81' lang='grc' dir='ltr'><strong><em>μιζόμενοι</em></strong></span> <span class='ocrx_word' id='word_1_224' title='bbox 386 2645 552 2712; x_wconf 84' lang='grc' dir='ltr'><strong><em>εἶναι,</em></strong></span> <span class='ocrx_word' id='word_1_225' title='bbox 606 2667 707 2704; x_wconf 91' lang='lat' dir='ltr'>non</span> <span class='ocrx_word' id='word_1_226' title='bbox 757 2658 840 2706; x_wconf 93' lang='lat' dir='ltr'>est</span> <span class='ocrx_word' id='word_1_227' title='bbox 894 2652 1110 2709; x_wconf 85' lang='lat' dir='ltr'>difficile</span> <span class='ocrx_word' id='word_1_228' title='bbox 1152 2655 1216 2709; x_wconf 89' lang='lat' dir='ltr'>ad</span> <span class='ocrx_word' id='word_1_229' title='bbox 1273 2655 1682 2727; x_wconf 84' lang='lat' dir='ltr'>intelligendum</span> <span class='ocrx_word' id='word_1_230' title='bbox 1741 2673 1844 2710; x_wconf 89' lang='lat' dir='ltr'>non</span> <span class='ocrx_word' id='word_1_231' title='bbox 1907 2657 2078 2711; x_wconf 85' lang='lat' dir='ltr'>Xeno·</span> 
     </span>
     <span class='ocr_line' id='line_1_29' title="bbox 79 2735 1791 2812; baseline 0.005 -21"><span class='ocrx_word' id='word_1_232' title='bbox 79 2735 336 2811; x_wconf 88' lang='lat' dir='ltr'>phontem</span> <span class='ocrx_word' id='word_1_233' title='bbox 377 2736 467 2791; x_wconf 89' lang='lat' dir='ltr'>sed</span> <span class='ocrx_word' id='word_1_234' title='bbox 511 2737 737 2793; x_wconf 86' lang='lat' dir='ltr'>sciolum</span> <span class='ocrx_word' id='word_1_235' title='bbox 777 2740 1011 2812; x_wconf 86' lang='lat' dir='ltr'>aliquem</span> <span class='ocrx_word' id='word_1_236' title='bbox 1053 2743 1453 2809; x_wconf 78' lang='grc' dir='ltr'><strong><em>Λακεδαιμόνιοι</em></strong></span> <span class='ocrx_word' id='word_1_237' title='bbox 1503 2745 1791 2800; x_wconf 85' lang='lat' dir='ltr'>addidisse.</span> 
     </span>
    </p>

    <p class='ocr_par' dir='ltr' id='par_1_7' title="bbox 79 2825 2076 2990">
     <span class='ocr_line' id='line_1_30' title="bbox 156 2825 2076 2904; baseline 0.003 -24"><span class='ocrx_word' id='word_1_238' title='bbox 156 2826 216 2880; x_wconf 90' lang='lat' dir='ltr'>ln</span> <span class='ocrx_word' id='word_1_239' title='bbox 261 2825 374 2880; x_wconf 85' lang='lat' dir='ltr'>Vll.</span> <span class='ocrx_word' id='word_1_240' title='bbox 419 2843 507 2880; x_wconf 84' lang='lat' dir='ltr'>vn.</span> <span class='ocrx_word' id='word_1_241' title='bbox 554 2831 603 2881; x_wconf 90' lang='lat'>7.</span> <span class='ocrx_word' id='word_1_242' title='bbox 658 2827 965 2892; x_wconf 76' lang='grc' dir='ltr'><em>ἐξελαύνετε</em></span> <span class='ocrx_word' id='word_1_243' title='bbox 1012 2835 1152 2896; x_wconf 67' lang='grc' dir='ltr'>ἡμᾶς</span> <span class='ocrx_word' id='word_1_244' title='bbox 1202 2835 1260 2888; x_wconf 80' lang='grc' dir='ltr'>ἐκ</span> <span class='ocrx_word' id='word_1_245' title='bbox 1300 2835 1456 2898; x_wconf 77' lang='grc' dir='ltr'><strong><em>τῆσδε</em></strong></span> <span class='ocrx_word' id='word_1_246' title='bbox 1509 2843 1603 2899; x_wconf 78' lang='grc' dir='ltr'>τῆς</span> <span class='ocrx_word' id='word_1_247' title='bbox 1642 2835 1817 2904; x_wconf 80' lang='grc' dir='ltr'><strong><em>χώρας</em></strong></span> <span class='ocrx_word' id='word_1_248' title='bbox 1860 2831 1917 2897; x_wconf 77' lang='grc' dir='ltr'><em>ἣν</em></span> <span class='ocrx_word' id='word_1_249' title='bbox 1953 2836 2076 2900; x_wconf 79' lang='grc' dir='ltr'><strong><em>παρ’</em></strong></span> 
     </span>
     <span class='ocr_line' id='line_1_31' title="bbox 79 2914 2074 2990; baseline 0.004 -22"><span class='ocrx_word' id='word_1_250' title='bbox 79 2916 220 2981; x_wconf 75' lang='grc' dir='ltr'><em>ἧμῶν</em></span> <span class='ocrx_word' id='word_1_251' title='bbox 278 2914 558 2983; x_wconf 83' lang='grc' dir='ltr'><em>ἑχόντων</em></span> <span class='ocrx_word' id='word_1_252' title='bbox 618 2918 763 2971; x_wconf 78' lang='grc' dir='ltr'><strong><em>κατά</em></strong></span> <span class='ocrx_word' id='word_1_253' title='bbox 824 2918 1012 2986; x_wconf 85' lang='grc' dir='ltr'><strong><em>κράτος</em></strong></span> <span class='ocrx_word' id='word_1_254' title='bbox 1073 2922 1449 2990; x_wconf 76' lang='grc' dir='ltr'>παρελάβετε,</span> <span class='ocrx_word' id='word_1_255' title='bbox 1508 2923 1735 2979; x_wconf 85' lang='lat' dir='ltr'>emenda</span> <span class='ocrx_word' id='word_1_256' title='bbox 1795 2922 2074 2977; x_wconf 75' lang='grc' dir='ltr'><em>ἑλόντων</em></span> 
     </span>
    </p>
   </div>
   <div class='ocr_carea' id='block_1_5' title="bbox 15 3003 2074 3080">
    <p class='ocr_par' dir='ltr' id='par_1_8' title="bbox 15 3003 2074 3080">
     <span class='ocr_line' id='line_1_32' title="bbox 15 3003 2074 3080; baseline 0.003 -23"><span class='ocrx_word' id='word_1_257' title='bbox 15 3029 17 3036; x_wconf 95' lang='grc'><strong><em>·</em></strong></span> <span class='ocrx_word' id='word_1_258' title='bbox 77 3003 222 3057; x_wconf 71' lang='grc' dir='ltr'><strong><em>κατὰ</em></strong></span> <span class='ocrx_word' id='word_1_259' title='bbox 270 3003 472 3070; x_wconf 82' lang='grc' dir='ltr'><strong><em>κράτος.</em></strong></span> <span class='ocrx_word' id='word_1_260' title='bbox 554 3003 693 3072; x_wconf 84' lang='lat' dir='ltr'>Quid</span> <span class='ocrx_word' id='word_1_261' title='bbox 739 3008 811 3061; x_wconf 84' lang='lat' dir='ltr'>sit</span> <span class='ocrx_word' id='word_1_262' title='bbox 849 3008 992 3077; x_wconf 83' lang='grc' dir='ltr'><em>ἔχειν</em></span> <span class='ocrx_word' id='word_1_263' title='bbox 1028 3012 1172 3065; x_wconf 76' lang='grc' dir='ltr'><strong><em>κατά</em></strong></span> <span class='ocrx_word' id='word_1_264' title='bbox 1222 3012 1405 3080; x_wconf 83' lang='grc' dir='ltr'><strong><em>κράτος</em></strong></span> <span class='ocrx_word' id='word_1_265' title='bbox 1453 3014 1594 3067; x_wconf 84' lang='lat' dir='ltr'>scire</span> <span class='ocrx_word' id='word_1_266' title='bbox 1632 3012 1866 3067; x_wconf 82' lang='lat' dir='ltr'>arbitror</span> <span class='ocrx_word' id='word_1_267' title='bbox 1906 3012 2074 3067; x_wconf 86' lang='lat' dir='ltr'>nemi-</span> 
     </span>
    </p>
   </div>
   <div class='ocr_carea' id='block_1_6' title="bbox 78 3092 2072 3255">
    <p class='ocr_par' dir='ltr' id='par_1_9' title="bbox 78 3092 2072 3255">
     <span class='ocr_line' id='line_1_33' title="bbox 78 3092 2072 3173; baseline 0.004 -28"><span class='ocrx_word' id='word_1_268' title='bbox 78 3107 237 3156; x_wconf 84' lang='lat' dir='ltr'>nem,</span> <span class='ocrx_word' id='word_1_269' title='bbox 290 3092 434 3147; x_wconf 68' lang='grc' dir='ltr'><strong><em>κατὰ</em></strong></span> <span class='ocrx_word' id='word_1_270' title='bbox 484 3093 670 3161; x_wconf 81' lang='grc' dir='ltr'><strong><em>κράτος</em></strong></span> <span class='ocrx_word' id='word_1_271' title='bbox 731 3099 891 3164; x_wconf 81' lang='grc' dir='ltr'><em>αἱρεῖν</em></span> <span class='ocrx_word' id='word_1_272' title='bbox 954 3099 1203 3154; x_wconf 89' lang='lat' dir='ltr'>novimus</span> <span class='ocrx_word' id='word_1_273' title='bbox 1263 3118 1491 3167; x_wconf 85' lang='lat' dir='ltr'>omnes,</span> <span class='ocrx_word' id='word_1_274' title='bbox 1557 3100 1718 3173; x_wconf 88' lang='lat' dir='ltr'>idque</span> <span class='ocrx_word' id='word_1_275' title='bbox 1775 3101 1898 3155; x_wconf 86' lang='lat' dir='ltr'>huic</span> <span class='ocrx_word' id='word_1_276' title='bbox 1958 3100 2072 3153; x_wconf 90' lang='lat' dir='ltr'>loco</span> 
     </span>
     <span class='ocr_line' id='line_1_34' title="bbox 85 3181 917 3255; baseline 0.006 -20"><span class='ocrx_word' id='word_1_277' title='bbox 85 3181 243 3235; x_wconf 86' lang='lat' dir='ltr'>unice</span> <span class='ocrx_word' id='word_1_278' title='bbox 277 3182 564 3236; x_wconf 82' lang='lat' dir='ltr'>convenire</span> <span class='ocrx_word' id='word_1_279' title='bbox 606 3184 779 3255; x_wconf 88' lang='lat' dir='ltr'>palam</span> <span class='ocrx_word' id='word_1_280' title='bbox 819 3193 917 3240; x_wconf 88' lang='lat' dir='ltr'>cst.</span> 
     </span>
    </p>
   </div>
   <div class='ocr_carea' id='block_1_7' title="bbox 78 3266 2070 3439">
    <p class='ocr_par' dir='ltr' id='par_1_10' title="bbox 78 3266 2070 3439">
     <span class='ocr_line' id='line_1_35' title="bbox 157 3266 2068 3343; baseline 0.005 -22"><span class='ocrx_word' id='word_1_281' title='bbox 157 3267 216 3322; x_wconf 90' lang='lat' dir='ltr'>ln</span> <span class='ocrx_word' id='word_1_282' title='bbox 258 3266 298 3341; x_wconf 55' lang='grc' dir='ltr'>ξ</span> <span class='ocrx_word' id='word_1_283' title='bbox 345 3273 431 3324; x_wconf 90' lang='grc'>10.</span> <span class='ocrx_word' id='word_1_284' title='bbox 488 3286 584 3343; x_wconf 80' lang='lat' dir='ltr'>pro</span> <span class='ocrx_word' id='word_1_285' title='bbox 622 3271 659 3327; x_wconf 82' lang='grc' dir='ltr'><em>ὦ</em></span> <span class='ocrx_word' id='word_1_286' title='bbox 699 3275 1124 3339; x_wconf 78' lang='grc' dir='ltr'><strong><em>θαυμαστότατοι</em></strong></span> <span class='ocrx_word' id='word_1_287' title='bbox 1159 3278 1574 3334; x_wconf 75' lang='lat' dir='ltr'>Atheniensium</span> <span class='ocrx_word' id='word_1_288' title='bbox 1617 3296 1762 3333; x_wconf 77' lang='lat' dir='ltr'>more</span> <span class='ocrx_word' id='word_1_289' title='bbox 1797 3278 1832 3333; x_wconf 84' lang='grc' dir='ltr'><em>ὦ</em></span> <span class='ocrx_word' id='word_1_290' title='bbox 1869 3281 2068 3343; x_wconf 81' lang='grc' dir='ltr'><strong><em>θαυμα-</em></strong></span> 
     </span>
     <span class='ocr_line' id='line_1_36' title="bbox 78 3355 2070 3439; baseline 0.005 -29"><span class='ocrx_word' id='word_1_291' title='bbox 78 3355 317 3410; x_wconf 82' lang='grc' dir='ltr'><strong><em>σιώτατοι</em></strong></span> <span class='ocrx_word' id='word_1_292' title='bbox 358 3365 440 3412; x_wconf 85' lang='lat' dir='ltr'>est</span> <span class='ocrx_word' id='word_1_293' title='bbox 490 3361 915 3418; x_wconf 87' lang='lat' dir='ltr'>rescribendum.</span> <span class='ocrx_word' id='word_1_294' title='bbox 997 3365 1099 3432; x_wconf 88' lang='lat' dir='ltr'>Qui</span> <span class='ocrx_word' id='word_1_295' title='bbox 1142 3366 1414 3439; x_wconf 86' lang='lat' dir='ltr'>vulgatam</span> <span class='ocrx_word' id='word_1_296' title='bbox 1457 3383 1790 3439; x_wconf 80' lang='lat' dir='ltr'>concoquere</span> <span class='ocrx_word' id='word_1_297' title='bbox 1843 3373 2070 3437; x_wconf 83' lang='lat' dir='ltr'>possunt</span> 
     </span>
    </p>
   </div>
   <div class='ocr_carea' id='block_1_8' title="bbox 865 3449 888 3470">
    <p class='ocr_par' dir='ltr' id='par_1_11' title="bbox 865 3449 888 3470">
     <span class='ocr_line' id='line_1_37' title="bbox 865 3449 888 3470; baseline 0 0"><span class='ocrx_word' id='word_1_298' title='bbox 865 3449 888 3470; x_wconf 62' lang='lat'>7</span> 
     </span>
    </p>
   </div>
   <div class='ocr_carea' id='block_1_9' title="bbox 81 3442 2070 3608">
    <p class='ocr_par' dir='ltr' id='par_1_12' title="bbox 81 3442 2070 3608">
     <span class='ocr_line' id='line_1_38' title="bbox 81 3442 2070 3527; baseline 0.008 -31"><span class='ocrx_word' id='word_1_299' title='bbox 81 3444 246 3498; x_wconf 85' lang='lat' dir='ltr'>etiam</span> <span class='ocrx_word' id='word_1_300' title='bbox 298 3442 334 3499; x_wconf 83' lang='grc' dir='ltr'><strong><em>ὦ</em></strong></span> <span class='ocrx_word' id='word_1_301' title='bbox 382 3447 655 3512; x_wconf 71' lang='grc' dir='ltr'><strong><em>θαυμαστέ</em></strong></span> <span class='ocrx_word' id='word_1_302' title='bbox 709 3466 804 3521; x_wconf 89' lang='lat' dir='ltr'>pro</span> <span class='ocrx_word' id='word_1_303' title='bbox 853 3473 888 3505; x_wconf 87' lang='grc' dir='ltr'>ω</span> <span class='ocrx_word' id='word_1_304' title='bbox 943 3454 1203 3520; x_wconf 78' lang='grc' dir='ltr'><strong><em>θαυμάσιε</em></strong></span> <span class='ocrx_word' id='word_1_305' title='bbox 1257 3455 1458 3511; x_wconf 89' lang='lat' dir='ltr'>Graece</span> <span class='ocrx_word' id='word_1_306' title='bbox 1508 3457 1612 3511; x_wconf 88' lang='lat' dir='ltr'>dici</span> <span class='ocrx_word' id='word_1_307' title='bbox 1672 3470 1823 3527; x_wconf 87' lang='lat' dir='ltr'>posse</span> <span class='ocrx_word' id='word_1_308' title='bbox 1874 3452 2070 3508; x_wconf 80' lang='lat' dir='ltr'>debent</span> 
     </span>
     <span class='ocr_line' id='line_1_39' title="bbox 81 3529 1374 3608; baseline 0.013 -26"><span class='ocrx_word' id='word_1_309' title='bbox 81 3529 405 3587; x_wconf 82' lang='lat' dir='ltr'>concedere:</span> <span class='ocrx_word' id='word_1_310' title='bbox 449 3534 586 3606; x_wconf 87' lang='lat' dir='ltr'>quod</span> <span class='ocrx_word' id='word_1_311' title='bbox 630 3537 844 3608; x_wconf 88' lang='lat' dir='ltr'>quidem</span> <span class='ocrx_word' id='word_1_312' title='bbox 897 3541 1153 3597; x_wconf 83' lang='lat' dir='ltr'>concedet</span> <span class='ocrx_word' id='word_1_313' title='bbox 1200 3560 1374 3598; x_wconf 75' lang='lat' dir='ltr'>nemo·</span> 
     </span>
    </p>
   </div>
   <div class='ocr_carea' id='block_1_10' title="bbox 158 3618 2059 3755">
    <p class='ocr_par' dir='ltr' id='par_1_13' title="bbox 158 3618 2059 3755">
     <span class='ocr_line' id='line_1_40' title="bbox 158 3618 2059 3701; baseline 0.008 -29"><span class='ocrx_word' id='word_1_314' title='bbox 158 3618 214 3672; x_wconf 87' lang='lat' dir='ltr'>ln</span> <span class='ocrx_word' id='word_1_315' title='bbox 266 3619 447 3675; x_wconf 73' lang='lat' dir='ltr'>eadem</span> <span class='ocrx_word' id='word_1_316' title='bbox 490 3621 531 3694; x_wconf 66' lang='lat' dir='ltr'>S</span> <span class='ocrx_word' id='word_1_317' title='bbox 573 3622 716 3679; x_wconf 86' lang='lat' dir='ltr'>alind</span> <span class='ocrx_word' id='word_1_318' title='bbox 766 3627 1020 3685; x_wconf 84' lang='lat' dir='ltr'>mendum</span> <span class='ocrx_word' id='word_1_319' title='bbox 1074 3632 1390 3686; x_wconf 83' lang='lat' dir='ltr'>inveteravit</span> <span class='ocrx_word' id='word_1_320' title='bbox 1451 3634 1500 3686; x_wconf 88' lang='lat' dir='ltr'>in</span> <span class='ocrx_word' id='word_1_321' title='bbox 1543 3632 1719 3686; x_wconf 81' lang='lat' dir='ltr'>verbis</span> <span class='ocrx_word' id='word_1_322' title='bbox 1778 3634 1914 3688; x_wconf 77' lang='grc' dir='ltr'><em>οὐδὲν</em></span> <span class='ocrx_word' id='word_1_323' title='bbox 1971 3636 2059 3701; x_wconf 79' lang='grc' dir='ltr'>ἐμὲ</span> 
     </span>
     <span class='ocr_line' id='line_1_41' title="bbox 1617 3726 1701 3755; baseline 0.012 0"><span class='ocrx_word' id='word_1_324' title='bbox 1617 3726 1701 3755; x_wconf 59' lang='lat'>3⁷*</span> 
     </span>
    </p>
   </div>
  </div>
 </body>
</html>
