2436 4068
1326 189 1432 239 666

405 335 777 404 undecumque
826 337 1037 401 arrepta
1087 333 1262 385 securi
1307 333 1519 386 iterant.
1598 332 1780 404 Ecqua
1827 333 2000 388 sabula
2040 342 2208 406 potest
2249 356 2362 394 esse

402 425 607 480 futilior
667 429 718 474 et
780 418 1098 472 certioribus
1159 417 1372 471 indiciis
1426 419 1683 490 deprensa
1747 421 1971 476 refutari
2023 441 2182 494 quam
2227 443 2364 496 quae

401 518 654 567 narratur
693 507 758 560 de
794 505 980 560 Meleto
1026 505 1432 576 Aristophanem
1471 517 1654 562 contra
1689 509 1958 564 Socratem
2004 512 2360 567 subornante?

404 596 622 668 Ecquod
664 601 1025 648 commentum
1073 593 1409 647 manifestius
1448 597 1620 649 teneri
1665 598 1880 667 potest?
1961 598 2128 652 Habet
2185 608 2360 655 tamen

401 703 525 741 suos
568 690 727 738 testes
767 682 1005 735 omnium
1049 696 1227 734 rerum
1265 682 1572 753 imperitoS,
1608 683 1862 740 historiae
1902 693 1953 740 et
1995 685 2363 758 chronologiae

398 772 865 844 imperitissimOS,
923 768 1013 822 sed
1051 785 1112 822 eo
1152 769 1559 824 confidentiores
1615 773 2155 846 impudentioresque.
2237 777 2360 842 Qui·
2431 839 2433 842 Α

400 876 631 930 cumque
677 859 732 911 in
772 857 975 912 Aeliani
1013 857 1173 911 Varia
1213 857 1445 911 Historia
1500 859 1622 912 libri
1658 860 1723 913 ΙΙ.
1766 870 1924 933 caput
1966 867 2048 917 15.
2092 863 2362 934 perlegere
2430 900 2436 937 ἓν

397 948 539 1002 volet
580 955 632 1002 et
670 947 827 1000 istam
878 961 1142 1016 nugarum
1184 953 1236 1000 et
1276 946 1675 1002 mendaciorum
1717 948 2037 1019 farraginem
2089 951 2245 1022 paulo
2285 951 2362 1005 di·

397 1037 653 1108 ligentius
710 1034 973 1105 inspicere
1024 1041 1077 1087 et
1129 1037 1492 1105 perscrutari,
1547 1043 1749 1091 tantam
1794 1038 2177 1110 impudentiam
2242 1057 2364 1110 per-
2432 1052 2436 1054 ’

398 1134 580 1180 taesus
619 1140 725 1177 non
767 1138 924 1192 aegre
960 1120 1129 1186 seret,
1172 1123 1215 1175 si
1252 1124 1372 1193 quis
1413 1125 1702 1196 scriptores
1741 1133 1850 1180 tam
1887 1126 2078 1182 stultos
2121 1127 2363 1183 fastidire
2432 1163 2435 1167 f

399 1221 451 1269 et
491 1211 787 1283 despicatui
827 1209 1023 1264 habere
1063 1210 1295 1264 audebit.

475 1300 578 1355 Sed
625 1301 849 1353 missum
901 1298 1036 1352 facio
1084 1306 1136 1353 et
1175 1299 1452 1354 Aelianum
1506 1308 1558 1356 et
1612 1300 1964 1356 Themistium
2007 1310 2058 1357 et
2101 1304 2362 1376 quidquid
2422 1310 2429 1322 ⁴

399 1396 479 1445 est
532 1388 752 1442 testium
809 1387 1149 1451 istiusmodi,
1210 1395 1269 1441 ut
1325 1389 1572 1443 accedam
1622 1389 1688 1443 ad
1740 1390 2211 1446 demonstrandum
2267 1393 2358 1456 id,

397 1477 538 1550 quod
579 1483 701 1529 ante
739 1476 928 1545 posui,
986 1475 1386 1547 Xenophontem
1442 1479 1494 1531 iu
1539 1478 1968 1534 Memorabilibus
2025 1497 2127 1533 non
2184 1481 2361 1536 Meleti

395 1573 488 1620 aut
529 1565 728 1637 Anyti,
769 1562 859 1617 sed
902 1562 1198 1635 Polycratis
1242 1567 1555 1634 κατηγορίαν
1605 1566 1903 1634 Σωκράτους
1954 1568 2206 1624 refutare.
2284 1569 2360 1623 Ac
2423 1562 2425 1571 Α

391 1656 631 1727 primum
687 1651 901 1722 quidem
955 1651 1127 1706 Meleti
1171 1655 1439 1707 accusatio
1492 1672 1787 1727 numquam
1829 1663 1910 1711 est
1956 1657 2130 1720 edita,
2189 1674 2360 1728 neque

393 1743 555 1815 Anyti
595 1757 766 1811 neque
801 1740 1046 1812 Lyconis,
1127 1741 1416 1813 Xenophon
1457 1745 1735 1814 perspicue
1783 1743 2084 1815 diserteque
2125 1745 2360 1800 declarat

391 1831 589 1885 nescire
642 1846 750 1882 sese
809 1828 1002 1898 quibus
1069 1830 1285 1883 tandem
1345 1833 1679 1902 argumentis
1733 1849 1886 1886 reum
1955 1832 2358 1890 damnaverint:

388 1918 644 1978 πολλάκις
681 1917 994 1982 ἐθαύμασα,
1048 1918 1225 1988 inquit
1278 1919 1330 1972 in
1385 1920 1499 1990 ipso
1539 1918 1752 1973 exordio
1811 1922 2020 1991 operiS,
2072 1922 2175 1976 τίσι
2234 1923 2359 1977 ποτὲ
2420 1927 2421 1930 ’

386 2010 558 2075 λόγοις
599 2006 891 2067 Ἀθηναίους
944 2006 1155 2060 ἔπεισαν
1203 2009 1246 2061 οἱ
1285 2007 1617 2076 γραψάμενοι
1669 2009 1943 2076 Σωκράτην
1984 2013 2047 2071 ὦς
2099 2009 2239 2074 ἄξιος
2279 2010 2356 2073 εἴη
2416 2042 2424 2055 r

389 2097 607 2152 θανάτου
648 2102 711 2163 τῇ
760 2093 928 2148 πόλει.
1011 2094 1169 2149 Dabit
1219 2095 1352 2148 mihi
1407 2097 1779 2168 unusquisque
1832 2098 2076 2165 θαυμάζω
2117 2104 2250 2163 πῶς,
2304 2106 2358 2154 et

388 2186 575 2240 Latine
615 2183 812 2247 miror,
852 2201 951 2254 quo
982 2191 1164 2254 pacto,
1208 2191 1259 2238 et
1301 2185 1497 2238 similia
1530 2186 1708 2238 omnia
1747 2185 1931 2239 eodem
1972 2204 2129 2241 sensu
2176 2186 2282 2241 dici
2325 2204 2355 2242 a
2415 2217 2418 2258 i

390 2273 606 2329 Graecis
650 2278 702 2324 et
745 2260 1029 2333 Romanis,
1071 2289 1175 2342 quo
1227 2289 1369 2326 nunc
1425 2272 1601 2326 dicere
1661 2273 1891 2328 solemus
1948 2293 2047 2328 non
2086 2276 2356 2347 2‘ntelle'90,
2412 2264 2424 2330 f»

388 2381 488 2415 non
526 2360 703 2430 capio,
742 2376 842 2411 non
882 2377 1162 2430 assequor,
1206 2367 1262 2413 ut
1304 2361 1358 2413 in
1401 2360 1498 2413 illo>
1528 2361 1847 2414 Horatiano:

615 2447 704 2501 sed
747 2454 925 2500 tamen
966 2447 1237 2512 admiror,
1278 2464 1383 2520 quo
1422 2455 1577 2519 pacto
1616 2447 1877 2502 iudicium
1919 2447 2050 2503 illud

594 2535 828 2606 sugerit,
2402 2587 2415 2612 r,

387 2633 440 2681 et
479 2626 674 2697 passim
718 2625 794 2677 sic
850 2624 1103 2677 occurrit.
1184 2625 1306 2678 Post
1355 2640 1522 2695 pauca
1562 2624 1851 2695 Xenophon
1895 2626 2119 2680 iterum:
2160 2628 2223 2687 ὡς
2264 2629 2352 2682 οὐκ
2434 2622 2436 2626 ’

386 2715 608 2781 ἐνόμιζεν
649 2709 729 2773 οὓς
765 2715 793 2775 ἡ
836 2713 982 2773 πόλις
1015 2713 1200 2780 νομίζει
1235 2712 1371 2774 θεοὺς
1415 2714 1567 2782 ποίῳ
1610 2716 1749 2767 ποτ’
1789 2715 2175 2781 ἐχρήσαντο
2216 2736 2351 2769 τεκ-
2404 2744 2413 2789 s

386 2804 623 2870 μηρίῳς
668 2800 807 2871 quod
846 2801 922 2854 ita
966 2799 1169 2854 dictum
1216 2808 1332 2866 est,
1373 2808 1434 2855 ut
1475 2818 1597 2855 eum
1639 2801 1693 2854 id
1739 2802 1899 2873 plane
1949 2805 2145 2857 nescire
2193 2821 2351 2875 appa·
2396 2789 2436 2850 ἵζ’

386 2898 520 2944 reat.
599 2890 798 2959 Nempe
838 2896 1209 2942 accusatorum
1259 2889 1431 2942 oratio
1482 2890 1628 2944 nulla
1668 2897 1784 2944 erat
1821 2890 1996 2955 edita,
2047 2892 2160 2963 ipse
2207 2908 2354 2962 pere·
2396 2882 2406 2946 *f

388 2995 482 3049 gre
519 2977 796 3041 abfuerat,
836 2977 962 3030 anni
1000 2977 1222 3047 plurimi·
1257 2977 1460 3031 interea
1501 2978 1911 3048 praeterierant,
1953 2996 2122 3050 neque
2163 2980 2263 3051 ipsi
2295 2979 2350 3032 in

387 3066 615 3137 patriam
662 3064 920 3118 redeundi
955 3072 1186 3135 potestas
1222 3063 1358 3119 sacta
1401 3073 1479 3120 est
1520 3082 1796 3138 umquam.
1877 3067 2000 3120 lure
2039 3066 2167 3121 adeo
2194 3083 2350 3138 quae·
2398 3065 2410 3135 ᾗ,

386 3154 574 3209 siverit
612 3151 839 3222 aliquis:
883 3151 1011 3221 quid
1049 3151 1308 3206 attinebat
1349 3153 1621 3208 Socratem
1658 3163 1773 3225 post
1823 3154 1900 3207 tot
1939 3171 2132 3219 annos,
2183 3171 2348 3226 quum
2398 3155 2399 3158 ’

386 3240 528 3313 apud
568 3257 750 3293 omnes
790 3240 1226 3309 exquisitissimis
1258 3240 1505 3295 laudibus
1540 3241 1716 3296 efferri
1767 3241 1989 3307 soleret,
2031 3243 2095 3296 ab
2137 3259 2348 3296 accusa·
2398 3229 2399 3232 Ἴ

388 3337 564 3383 torum
635 3327 917 3382 calumniis
990 3327 1112 3379 olim
1182 3329 1552 3383 intermortuis
1624 3336 1734 3382 tam
1795 3329 1976 3383 sedulo
2035 3329 2346 3384 vindicare?
2403 3327 2405 3329 ’

389 3417 566 3483 Quum
626 3417 803 3470 nescio
862 3416 982 3487 quis
1028 3415 1093 3468 ad
1141 3414 1423 3470 Herculem
1473 3416 1798 3470 laudandum
1849 3417 2160 3488 prodiisset,
2216 3417 2347 3471 salse

390 3504 651 3575 quaesivit
692 3503 886 3575 aliquis
940 3520 1003 3558 ex
1046 3502 1349 3558 auditorum
1406 3521 1631 3559 corona:
1692 3505 1770 3565 τίς
1820 3507 1924 3574 γαρ
1965 3508 2118 3560 αὐτὸν
2156 3506 2342 3573 ψέγεις

391 3592 491 3647 Sed
546 3591 946 3663 Xenophontem
1006 3592 1204 3649 videbis
1246 3594 1442 3649 acriter
1482 3611 1602 3649 cum
1656 3594 1832 3666 aliquo
1881 3601 2188 3651 accusatore
2228 3611 2344 3650 con-
