2436 4068
977 171 1083 222 665

52 319 148 375 dae
187 318 362 372 locum
395 315 491 388 l.):
555 313 801 367 »Kusleri
838 321 1009 367 tamen
1048 315 1154 367 sive
1188 311 1455 366 Perizonia‘
1494 313 1837 370 coniecturam
1875 331 2012 368 ever-

50 410 112 463 tie
173 407 216 460 T
214 406 516 469 hemissum,
576 403 666 474 qm'
715 401 1046 472 Polycratem
1102 401 1260 455 tradit
1313 399 1546 454 mercede
1599 401 1903 456 conductum
1948 403 2013 457 ab

52 496 279 552 Socratis
327 491 708 548 accusatoribus
761 490 1044 543 orationem
1096 489 1430 561 confecisse.'’
1509 488 1791 544 Themistii
1829 489 2015 554 locuS‚

51 599 210 656 quem
264 582 472 653 primus
523 578 765 632 omnium
821 576 1078 630 indicavit
1117 577 1393 648 Menagius
1444 576 1510 631 ad
1566 577 1783 648 Diogen.
1836 577 2014 633 Laert.

51 670 121 726 11.
162 674 251 725 58.
305 666 613 722 huiusmodi
652 671 766 720 est:
829 664 1090 718 »Socratis
1126 664 1352 728 iudices,
1394 665 1605 735 inquit,
1645 666 2019 730 ἕγοητεύθησαν

49 759 147 814 ὑπὸ
197 762 285 812 τοῦ
341 755 529 820 λόγου,
581 753 633 808 ὃν
684 753 982 819 συνέγραψε
1045 752 1160 825 (μὲν
1219 752 1586 825 inserendum)
1647 754 2016 822 Πολυκράτης,

42 849 262 907 Ἄνυτος
301 846 354 899 δὲ
396 844 731 909 ἐμισθώσατο.
813 840 944 894 Hem
1004 839 1253 894 idoneum
1306 848 1359 894 et
1412 840 1729 911 locupletem
1791 845 2014 898 testem!

47 936 107 989 ἐκ
162 940 261 988 τῶν
313 933 434 992 Διὸς
492 931 682 986 δέλτων
720 931 746 982 ὅ
794 927 1033 995 μάρτυς,
1096 935 1154 981 ut
1215 929 1424 982 iocatur
1478 928 1674 983 alicubi
1729 929 2015 985 LuciannS.

46 1022 155 1078 Ista
194 1020 381 1076 sabella
419 1019 623 1091 aliquot
671 1016 900 1072 saeculis
939 1022 1063 1070 aute
1103 1015 1463 1070 Themistium
1507 1016 1562 1068 in
1604 1017 1796 1087 vulgus
1834 1036 2018 1090 sparsa

48 1108 253 1172 fuerat,
306 1115 358 1163 et
397 1106 597 1163 eruditi
637 1122 821 1160 omnes
858 1111 911 1160 et
959 1102 1215 1159 erudituli
1260 1104 1313 1157 in
1366 1102 1563 1157 talibus
1619 1104 1878 1176 quidquid
1926 1107 2018 1161 ali-

45 1196 220 1254 cunde
270 1195 657 1250 inaudivissent
700 1202 899 1248 temere
956 1190 1194 1246 solebant
1235 1192 1512 1262 arripere,
1571 1198 1624 1245 et
1675 1209 1868 1263 ponere
1922 1212 2018 1266 pro

49 1288 214 1342 certis
252 1301 390 1356 quae
433 1283 639 1338 nullum
690 1289 1002 1342 auctorem,
1064 1278 1270 1333 nullum
1325 1286 1516 1334 testem
1566 1279 1817 1335 idoneum
1862 1282 2018 1337 habe-

51 1382 190 1429 rent.
269 1372 467 1427 Eadem
504 1387 647 1425 nunc
681 1386 797 1425 esse
833 1368 966 1424 solet
1003 1369 1059 1421 in
1094 1367 1362 1439 plerisque
1398 1367 1614 1431 levitas,
1660 1385 1763 1440 qua
1797 1371 2020 1426 testium

51 1462 208 1517 iidem
249 1467 303 1515 et
342 1460 717 1515 auctoritatem
764 1456 1061 1530 ponderare
1106 1455 1387 1527 negligunt
1439 1463 1493 1511 et
1529 1456 1594 1511 ad
1652 1459 2019 1514 testimonium

48 1548 333 1605 dicendum
394 1547 656 1619 quoslibet
716 1545 1098 1599 homunciones
1158 1545 1521 1616 ineptissimos
1579 1552 1632 1599 et
1681 1544 2020 1602 [utilissimos

51 1637 440 1693 inconsiderate
492 1634 806 1689 admittunt.
884 1633 1068 1687 Nonne
1117 1633 1397 1704 ineptum,
1439 1649 1668 1704 quaese,
1708 1642 1788 1688 est
1825 1643 1877 1689 et
1927 1634 2021 1688 ab·

51 1725 276 1782 surdum
316 1726 371 1778 in
411 1740 473 1778 ea
510 1740 597 1786 re,
651 1724 708 1776 in
751 1739 909 1794 quam
965 1722 1322 1792 inquirimuS,
1384 1720 1666 1775 Themistii
1714 1719 2022 1778 testimonio

51 1813 254 1887 aliquid
309 1812 583 1872 tribuere,
646 1818 740 1864 aut
793 1809 1035 1871 Aeliani,
1094 1817 1187 1864 aut
1244 1809 1555 1881 Sophistae,
1615 1811 1707 1881 qui
1757 1811 2021 1883 Epistulas

51 1902 351 1959 Socraticas
393 1900 576 1961 finxit,
618 1904 712 1951 aut
748 1896 974 1963 Suidae,
1015 1904 1109 1951 aut
1146 1896 1335 1951 stolido
1376 1897 1662 1962 Graecu10,
1703 1900 1796 1970 qui
1829 1900 1882 1953 in
1915 1900 2021 1974 Hy-

51 1990 259 2064 pothesi
306 1988 557 2043 Isocratei
599 1985 861 2040 Busiridis
913 1988 1092 2041 nescio
1147 1985 1276 2058 quid
1328 2002 1595 2056 nugarum
1645 1988 1871 2042 corrasit
1926 1996 2022 2043 aut

51 2078 117 2133 de
156 2095 253 2133 suo
291 2083 628 2132 commentus
676 2074 796 2128 est?
877 2074 1061 2129 Nonne
1094 2081 1204 2140 est,
1264 2091 1495 2146 quaese,
1553 2074 1794 2145 ineptum
1844 2082 1897 2130 et
1933 2076 2021 2130 ab·

49 2165 273 2222 surdum
324 2165 441 2219 istis
490 2162 782 2235 quidquam
830 2161 1084 2227 credere,
1143 2163 1234 2234 qui
1289 2162 1584 2216 sexcenties
1631 2163 1686 2215 in
1737 2163 2020 2220 manifesta

51 2255 267 2309 inscitia
306 2261 360 2308 et
397 2253 539 2323 turpi
579 2250 766 2304 fraude
803 2257 856 2305 et
892 2250 1140 2306 ridiculis
1173 2249 1447 2305 erroribus
1497 2249 1814 2322 deprehensi
1852 2255 2018 2307 sunt?

50 2342 182 2411 Quis
254 2348 464 2414 potest,
535 2338 710 2392 dicam
786 2340 930 2393 enim
993 2338 1159 2394 libere
1233 2337 1372 2410 quod
1443 2339 1654 2401 sentio,
1715 2339 1830 2393 sine
1892 2358 2020 2396 nau-

50 2447 138 2487 sea
182 2438 236 2485 et
289 2429 500 2485 fastidio
561 2426 917 2482 Themistium
976 2426 1189 2499 legere,
1246 2426 1476 2481 aulicum
1515 2427 1874 2490 adulatorem,
1937 2429 2019 2502 (ut

46 2519 327 2575 verissime
402 2518 714 2589 pronuntiat
793 2516 1076 2580 ReiskiuS,
1153 2516 1271 2569 sani
1341 2514 1528 2568 iudicii
1606 2514 1763 2569 homo
1833 2523 1885 2570 et
1958 2517 2019 2571 li-

52 2606 167 2662 beri
221 2606 331 2660 oris
384 2612 437 2659 et
486 2604 865 2659 assentationis
924 2620 1044 2658 osor
1103 2602 1422 2675 acerrimus)
1478 2603 1598 2674 quis
1661 2602 2017 2661 Themistium

52 2696 168 2751 sine
219 2695 333 2749 risu
384 2693 559 2764 legere
618 2699 789 2764 potest
839 2708 1010 2763 neque
1057 2698 1277 2745 acutum
1338 2707 1509 2762 neque
1562 2690 1836 2746 eruditum
1890 2696 2022 2748 scri-

52 2790 284 2856 ptorem,
326 2780 417 2836 sed
457 2782 514 2835 ἐκ
555 2786 651 2835 τῶν
686 2779 1094 2847 παρατυχόντων
1132 2778 1507 2845 ἀκουσμάτων,
1556 2787 1650 2834 aut
1686 2781 1847 2836 etiam
1891 2805 2019 2852 παρ·

51 2869 431 2937 ικουσμάτων,
484 2876 544 2923 ut
602 2867 971 2940 Sophistarum
1022 2868 1166 2922 natio
1217 2867 1387 2932 solet,
1438 2865 1468 2921 δ’
1498 2888 1580 2922 ττι
1620 2889 1706 2922 κεν
1741 2870 1825 2922 ἐπ’
1865 2874 2021 2927 azum-

50 2960 203 3028 ρίμαν
242 2965 490 3024 γλῶσσαν
524 2956 640 3027 ἔλθῃ
683 2957 736 3010 in
773 2955 1043 3028 decrepita
1076 2955 1295 3011 Graecia
1338 2955 1806 3012 declamitantem?
1850 2959 2020 3027 Quam

53 3046 250 3102 multos
304 3045 562 3101 habemus
604 3047 894 3117 scriptores
948 3043 1175 3099 Graecos
1217 3045 1428 3099 minimi
1482 3046 1673 3117 pretii,
1715 3053 1809 3100 aut
1858 3049 2019 3104 etiam

55 3136 137 3210 (ut
187 3134 340 3208 plane
394 3134 568 3189 dicam
612 3133 750 3206 quod
791 3131 1039 3204 sentiam)
1084 3132 1284 3188 nullius
1318 3149 1538 3205 prorsus
1594 3134 1784 3206 pretii,
1825 3143 2020 3191 sterco-

53 3238 173 3277 reos
224 3222 467 3278 homines
514 3230 567 3278 et
621 3221 774 3294 plane
830 3220 1276 3277 contemnendosl
1358 3221 1525 3289 Quem
1568 3239 1668 3275 non
1721 3221 1916 3293 pudeat
1965 3225 2018 3279 in

53 3309 214 3365 rebus
249 3310 641 3383 antiquioribus
676 3309 1117 3365 Philostratorum
1161 3310 1390 3365 alicuius
1425 3310 1728 3365 testimonio
1770 3311 1879 3371 uti,
1925 3320 2019 3367 aut

53 3397 269 3451 Maximi
314 3398 496 3471 Tyrii,
534 3405 626 3453 aut
667 3398 919 3462 Himerii,
959 3405 1051 3454 aut
1093 3399 1136 3454 si
1178 3398 1299 3470 quis
1348 3397 1484 3453 alius
1537 3396 1776 3452 eiusdem
1813 3396 2016 3454 farinae

53 3486 282 3557 scriptor
325 3485 390 3539 ad
438 3503 531 3540 nos
581 3486 933 3559 perduravit?
1015 3487 1149 3558 Ipsi,
1202 3485 1389 3547 credo,
1447 3485 1788 3540 subriderent
1830 3486 1871 3539 si
1915 3486 2016 3541 sibi

53 3574 104 3629 in
176 3573 369 3629 talibus
434 3574 664 3646 aliquam
729 3575 882 3633 tidem
946 3574 1125 3631 haberi
1190 3591 1505 3647 cognoscere
1568 3580 1818 3646 possent,
1880 3591 2013 3645 quae
