2436 4068
1058 162 1162 214 749

31 269 58 386 ²0
125 313 279 372 ναίοις
338 311 669 365 demonstrat
716 308 843 362 haec
896 305 1099 359 dudum
1159 304 1398 360 confecto
1457 303 1593 358 bello
1645 302 2087 374 Peloponnesiaco

8 394 51 469 ²
119 402 319 470 scripta
357 415 489 452 esse.
569 395 719 463 Quod
760 396 900 450 enim
945 395 1083 454 ἐντὸς
1125 394 1299 458 ὀλίγου
1338 392 1516 461 χρόνου
1561 391 1694 445 dicit
1740 389 2083 443 intervallum

6 450 49 555 ἶ
117 495 198 541 est
232 502 492 540 annorum
532 488 639 545 55,
683 500 914 553 namque
946 498 1085 536 anno
1114 484 1221 534 464
1264 480 1614 534 Athenienses
1653 477 2085 544 Λακεδαιμονίους

8 560 52 645 ᾗ
115 573 306 628 εἵλοντο
365 574 480 627 ἀντὶ
533 572 851 632 Μεσσηνίων.
942 569 1090 636 Quod
1142 568 1207 622 (le
1261 568 1480 622 Milesiis
1531 568 1663 622 dicit
1715 569 1852 627 ἐντὸς
1907 566 2085 630 ὀλίγου

51 725 53 730 .
110 663 292 729 χρόνου
330 658 623 719 οὶποςιέντες
657 658 744 711 τὸν
782 658 936 721 δῆμον
977 656 1312 722 κατέκοψαν,
1365 662 1575 710 certum
1615 662 1696 710 est
1740 671 1862 709 eum
1910 653 2088 706 dicere
2162 674 2165 678 ’

111 750 204 811 τὴν
241 754 338 802 τῶν
388 748 655 809 Μιλησίων
711 746 970 802 απόςασιν
1024 761 1162 797 anno
1197 747 1306 796 412
1364 742 1558 797 factam
1612 753 1664 798 et
1705 760 1735 796 a
1776 739 2089 813 Thucydide

50 844 53 851 ”
111 841 583 890 commemoratam
615 832 755 886 vlu.
802 838 885 887 17.
943 833 1112 886 Annis
1145 833 1216 885 2⁶28
1257 837 1413 883 antea
1453 830 1803 884 Athenienses
1836 828 2087 898 Milesiis,

52 923 57 926 ’
112 940 279 994 quum
322 939 352 976 a
393 922 590 975 Samiis
625 920 761 974 hello
811 927 1219 991 premerentur,
1271 933 1423 988 opem
1480 917 1747 972 tulerant:
1806 915 1898 970 sed
1949 915 2090 986 quod

109 1019 296 1066 narrat
338 1009 627 1081 Xenophon
678 1008 1028 1062 Athenienses
1083 1006 1351 1068 Μιλησίων
1392 1004 1594 1059 ἑλέσθαι
1642 1006 1758 1065 τοὺς
1811 1004 2087 1069 βελτίςους

106 1116 302 1170 θοεεμιθ
346 1098 650 1159 αἶπος-άντας
704 1095 1004 1164 κατακόψαι
1058 1097 1144 1151 τὸν
1204 1095 1360 1158 δῆμον
1415 1093 1636 1152 testium
1683 1092 1907 1164 penuria
1956 1090 2086 1161 quid

107 1189 184 1242 rei
228 1188 300 1240 sit
341 1188 669 1258 ignoramus,
753 1186 939 1255 ltaque
978 1184 1075 1237 hoc
1121 1182 1449 1236 tenendum:
1504 1181 1558 1233 in
1608 1180 1707 1234 hoc
1756 1180 1870 1234 loco
1908 1186 1963 1233 et
2001 1195 2086 1231 ex·

106 1274 303 1330 cidisse
356 1273 635 1345 complura
687 1282 739 1327 et
794 1289 929 1343 quae
983 1277 1300 1343 supererant
1353 1270 1548 1323 veteris
1608 1269 1908 1339 scripturae
1961 1265 2089 1320 reli-

108 1365 268 1434 quiae
328 1370 528 1416 temcre
587 1378 703 1416 esse
757 1361 1170 1431 conglutinatas
1264 1359 1287 1412 1
1338 1375 1479 1413 nunc
1535 1365 1588 1412 et
1641 1357 1771 1411 haec
1823 1358 2085 1426 interpre-

103 1459 237 1506 tare.

178 1539 239 1594 ln
283 1541 312 1609 §
356 1542 444 1594 12.
503 1539 656 1592 initio
694 1537 829 1600 loci,
875 1545 933 1592 nt
987 1553 1148 1608 supra
1189 1536 1460 1600 diximuS,
1501 1535 1782 1589 restituto:
1825 1531 2081 1598 ὑπολάβοι

107 1628 160 1683 δέ
197 1649 278 1689 τις
318 1626 418 1681 ἄν·
459 1626 679 1686 οὐδεὶς
720 1625 845 1693 ἄρα
884 1628 1136 1686 οὶδίκως
1183 1626 1516 1689 ἠτίμωται
1558 1625 1935 1687 Ἀθήνησιν;
1977 1629 2081 1676 sta·

106 1716 207 1770 tim
262 1714 407 1769 alind
461 1714 714 1769 mendum
756 1715 1089 1786 conspicitur
1136 1715 1187 1766 in
1228 1714 1294 1766 iis
1336 1728 1470 1783 quae
1519 1710 1808 1782 Xenophon
1863 1726 2082 1781 respon-

107 1804 228 1858 det:
282 1804 386 1868 ἐγὼ
428 1804 478 1857 δέ
517 1804 661 1871 φημί
709 1825 851 1864 τινας
891 1800 1018 1856 εἶναι
1058 1795 1103 1854 οἳ
1145 1802 1327 1863 οέδίκως
1385 1802 1700 1866 ἧτίμωνται,
1755 1798 1918 1863 ὀλίγοι
1959 1797 2080 1862 μέν·

106 1913 181 1947 τοι
220 1891 371 1952 τινές.
451 1890 859 1963 Compositionis
910 1891 1101 1944 vitium
1144 1890 1221 1943 sic
1262 1890 1438 1943 sanari
1483 1889 1715 1960 poterit,
1769 1893 1831 1940 ut
1883 1884 2079 1938 scriba·

104 1988 228 2034 tur:
267 1980 370 2045 ἐγὼ
402 1980 455 2033 δέ
494 1989 635 2048 φημι
669 1980 763 2045 μὲν
800 1977 876 2034 ὅτι
911 1980 1015 2036 ἐςὶν
1052 1973 1097 2033 οἳ
1134 1979 1318 2039 οὶδίκως
1356 1978 1669 2044 ἦτίμωνται,
1709 1976 1870 2040 ὀλίγοι
1905 1973 2078 2039 μέντοι

102 2068 254 2129 τινές.
335 2067 557 2122 Fatetur
594 2086 703 2122 esse
741 2068 831 2139 qui
868 2067 1064 2121 iniuria
1098 2068 1259 2120 notati
1291 2068 1428 2132 sint,
1470 2065 1560 2120 sed
1598 2081 1788 2136 paucos
1831 2062 2079 2134 quosdam

102 2171 220 2210 esse
247 2155 343 2209 ait.
426 2154 513 2209 Sic
550 2164 697 2210 certe
737 2155 867 2210 haec
909 2157 1107 2210 usitato
1148 2156 1341 2210 Atticis
1381 2171 1529 2208 more
1559 2152 1851 2224 composita
1891 2157 2080 2213 erunt,

107 2251 164 2298 ut
206 2242 269 2297 de
312 2242 517 2313 Vectig.
556 2243 646 2297 ΙΙΙ.
697 2249 795 2297 11:
837 2242 979 2309 οἶμαι
1020 2245 1063 2298 δ’
1104 2244 1275 2309 ἔγωγε
1312 2276 1385 2287 —-—-
1419 2242 1505 2297 καὶ
1542 2242 1709 2306 ξένους
1750 2239 1814 2294 ἂν
1855 2239 2075 2298 πολλοὺς

42 2350 45 2356 ’
100 2333 445 2397 εἰσενεγκεῖν,
498 2332 592 2389 ἐςὶ
642 2334 686 2386 δ’
738 2330 810 2393 ἃς
860 2333 922 2387 ἂν
971 2333 1058 2386 καὶ
1114 2332 1361 2396 πόλεις,
1415 2333 1583 2386 etita
1628 2331 1845 2402 passim.
1926 2335 2076 2406 Quod

101 2418 331 2490 denique
371 2420 588 2475 scribit:
628 2422 764 2476 οὐδὲν
803 2422 1122 2486 ἐνθυμεῖσθαι
1177 2422 1459 2488 ἀνθρώπους
1506 2419 1681 2482 οἵτινες
1729 2422 1930 2488 δικαίως
1970 2430 2074 2491 237!-

98 2529 326 2574 μωνται,
366 2510 491 2562 ἀλλ’
532 2508 710 2569 εἴτινες
747 2510 931 2570 αδίκως
955 2553 968 2571 ,
1013 2510 1174 2563 etiam
1214 2511 1265 2562 in
1303 2509 1384 2562 his
1420 2509 1614 2562 vitium
1651 2509 1831 2567 alitur.
1914 2517 2072 2571 Οὐδὲν

100 2597 418 2662 ἐνθυμεῖσθαι
460 2595 716 2650 dicuntur
755 2597 845 2667 qui
898 2601 1063 2651 vitam
1119 2598 1340 2651 otiosam
1390 2604 1442 2650 et
1484 2596 1696 2651 mollem
1750 2604 1926 2656 securi
1966 2605 2074 2675 agi-

104 2691 238 2739 tant.
318 2683 473 2738 l'tato'
506 2685 751 2754 Comicus
789 2684 928 2756 apud
969 2685 1247 2740 Scholiast.
1289 2684 1556 2755 Aristoph.
1598 2684 1732 2740 Nub.
1775 2692 1906 2744 109:

403 2770 438 2826 ὦ
479 2774 578 2827 θεῖε
617 2772 866 2840 Μόρυχε,

403 2861 489 2915 καὶ
532 2861 829 2922 Γλαυκέτης
871 2864 899 2925 ἦ
942 2868 1153 2930 ψῆττα,
1194 2862 1279 2916 καὶ
1322 2861 1630 2929 Λεωγόρας,

402 2947 453 3002 οἵ
483 2949 606 3016 ζῆτε
645 2951 866 3015 τερπνῶς
907 2951 1076 3005 οὐδὲν
1116 2950 1600 3016 ἐνθυμούμενοι,

101 3036 154 3091 id
204 3044 285 3091 est
337 3036 500 3090 nullis
550 3039 690 3091 curis
746 3038 990 3103 solliciti,
1050 3038 1189 3110 quod
1246 3055 1409 3110 quum
1465 3054 1493 3091 a
1542 3038 1904 3109 Xenophontis
1960 3042 2073 3097 loco

30 3134 41 3205 ζ
101 3140 323 3196 prorsus
364 3124 596 3179 alienum
646 3125 745 3186 sit,
787 3126 942 3180 cuins
979 3129 1242 3182 sententia
1286 3128 1490 3198 flagitat
1543 3135 1602 3180 ut
1644 3126 1888 3182 dicatur:
1952 3132 2074 3202 »qui

99 3212 212 3266 iure
248 3214 409 3266 ιιυιαιί
463 3214 562 3267 sint
617 3213 748 3266 nihii
805 3221 988 3268 contra
1043 3232 1210 3287 remp.
1266 3215 1473 3278 moliri,
1536 3214 1624 3267 sed
1682 3215 1772 3286 qui
1819 3217 2069 3273 ίιιίιιι·ιά.”

101 3316 207 3355 uno
250 3300 502 3354 vocabulo
555 3301 795 3373 suppleto
843 3303 1186 3357 scribendum
1244 3320 1360 3358 esse
1412 3319 1631 3356 censeo:
1691 3305 1826 3357 οὐδὲν
1871 3305 2066 3379 (δεινὸν)

102 3387 419 3453 ἐνθυμεῖσθαι
456 3390 736 3457 ἀνθρώπους
785 3390 959 3452 οἵτινες
1000 3393 1198 3453 δικαίως
1243 3393 1541 3458 ἦτίμωνται.

176 3477 278 3531 Pro
318 3478 598 3542 ἠτίμωνται
641 3478 693 3531 in
737 3477 886 3532 libris
926 3487 1003 3534 cst
1044 3486 1325 3546 τιμῶνται,
1380 3478 1518 3550 quod
1574 3478 1698 3532 olim
1741 3481 1969 3551 pessime
2011 3483 2063 3536 in

100 3564 387 3630 ἁτιμῶνται
450 3564 631 3620 infelix
689 3574 958 3621 corrector
1025 3571 1273 3633 retinxit,
1333 3566 1779 3640 quemadmodum
1841 3571 2068 3641 pessime
