2436 4068
999 194 1103 244 245

83 352 266 399 turum
308 341 530 415 perlecti
564 338 840 413 apparebit
878 353 994 393 esse
1027 337 1390 393 necessarium
1426 334 1649 409 perfecti
1691 336 1914 394 sormam
1954 358 2061 398 una

82 431 280 506 syllaba
322 429 572 501 augebit,
614 436 674 484 ut
707 428 763 482 in
800 425 1087 481 Hellenicis
1123 426 1210 480 VI.
1251 442 1307 480 ιι.
1354 429 1439 479 15.
1481 424 1714 495 ἐκήρυξεν
1753 429 1777 482 ὃ
1817 429 2062 485 Μνάσιπ-

82 539 175 580 πος
215 520 582 587 πεπρᾶσθαι
634 514 740 577 ὅςις
788 516 1128 579 αὐτομολοίηε
1171 515 1264 586 qui
1315 530 1539 585 poenam
1587 516 1829 571 minatur
1879 516 2064 573 futuro

80 607 162 661 uti
201 606 368 671 solet,
422 614 482 661 ut
531 606 754 677 opinor,
795 604 976 673 itaque
1013 602 1370 669 πεπρασεσθαι
1420 619 1608 658 verum
1659 610 1774 669 est,
1827 605 1969 677 quod
2008 607 2065 660 in

80 710 141 749 re
198 711 417 766 prorsus
470 693 636 749 simili
693 698 840 746 recte
890 696 1165 744 servatum
1219 697 1300 744 est
1350 691 1405 743 in
1469 690 1699 747 Anabasi
1740 692 1853 753 Vll.
1895 712 1931 748 1.
1975 698 2063 749 56.

81 781 315 850 ἐκήρυξεν
352 779 429 836 ὅτι
469 780 819 850 πεπράσεται.
897 777 958 831 In
997 777 1282 833 Aeschinis
1318 778 1694 850 Ctesiphontea
1732 785 1763 853 §
1795 785 1924 838 235.
1963 787 2066 853 οὐχ

21 867 33 917 f
83 871 175 940 ὑφ’
228 871 349 937 ὑμῖν
394 872 571 931 αὐτοῖς
637 866 781 932 ἕξετε
836 867 954 928 τοὺς
1021 865 1478 930 πολιτευομένους;
1535 870 1589 921 οὐ
1651 872 2066 935 ταπεινώσαντες

23 957 30 1028 ⁸.
81 959 435 1026 ἀποπέμψετε
485 961 603 1020 τοὺς
657 963 741 1012 νῦν
796 956 1142 1026 ἐπήρμένους;
1201 956 1256 1009 οὐ
1303 953 1568 1020 μέμνησθε
1617 953 1695 1010 ὅτι
1749 959 1908 1021 οὐδείς
1956 962 2067 1016 κτὲ.

20 1088 30 1118 z
83 1048 206 1119 quis
243 1054 506 1119 punctum
543 1045 800 1118 temporis
838 1042 1106 1098 dubitabit
1140 1040 1354 1097 Oratori
1402 1041 1626 1098 reddere
1674 1061 1834 1099 suum
1872 1050 1928 1102 οὐ
1974 1070 2067 1114 με·

83 1133 395 1202 μνήσεσθε“
363 1156 473 1198 οτι,
506 1141 561 1189 et
586 1132 923 1205 Xenophonti
959 1133 1013 1186 ἱῐι
1036 1129 1342 1186 Anab.vl1.
1380 1147 1449 1185 Vl.
1478 1134 1568 1185 58.
1610 1131 1696 1186 καὶ
1733 1135 1939 1202 πατέρα
1973 1138 2068 1202 ἐμὲ

84 1223 324 1278 ἐκαλεῖτε
378 1244 465 1278 και
505 1222 589 1277 ἀει
628 1224 692 1283 ὥς
740 1221 1012 1289 εὐεργέτου
1062 1219 1540 1287 μεμνήσεσθαι
1591 1220 1924 1289 ὑπισχνεῖσθε
1975 1242 2070 1297 pro

82 1314 403 1378 μεμνῆσθαι,
449 1318 507 1366 ut
545 1308 687 1382 apud
718 1310 1036 1364 Homerum:

39 1401 41 1410 ’
385 1399 555 1466 αὐτὰρ
594 1399 696 1463 ἐγὼ
730 1398 817 1452 καὶ
859 1399 984 1452 κεῖθι
1021 1398 1180 1467 φίλου
1213 1397 1508 1462 μεμνήσομ’
1539 1397 1757 1465 ἑταίρου.

43 1494 140 1561 ,οι
179 1489 378 1561 passim
429 1490 484 1542 in
529 1485 695 1541 simili
741 1486 881 1541 malo
931 1487 1011 1541 uti
1058 1484 1326 1541 medicina
1375 1483 1604 1539 eadem?
1684 1485 1744 1540 In
1794 1486 2071 1543 Plutarchi
2143 1523 2145 1526 -

87 1577 199 1632 vita
239 1575 416 1650 Syllae
462 1592 579 1648 cap.
603 1575 814 1630 XXVII.
859 1575 905 1650 (ὁ
939 1573 1179 1647 Σύλλας)
1221 1573 1382 1644 φησὶν
1421 1573 1620 1636 οἰκέτην
1659 1575 1896 1643 ἐντυχεῖν
1927 1579 2069 1647 αὐτῷ

86 1665 315 1732 λέγοντα
361 1665 510 1733 παρα
557 1673 652 1727 τῆς
689 1667 895 1724 Ἐνυοῦς
943 1663 1127 1732 κράτος
1181 1661 1412 1729 πολέμου
1461 1663 1837 1728 ἀπαγγέλλειν
1860 1685 1872 1696 ·
1925 1668 1968 1720 εἰ
2019 1668 2072 1722 δὲ

24 1779 37 1831 j.
86 1756 161 1821 μὴ
199 1754 468 1810 σπεύσειεν
520 1753 999 1821 ἐμπεπρῆσθαι
1053 1753 1112 1806 τὸ
1151 1751 1514 1814 Καπιτώλιον,
1557 1752 1678 1822 quis
1730 1769 1834 1807 non
1887 1756 2073 1812 statim

23 1840 35 1904 Ξ
87 1842 354 1915 intelligat
391 1842 811 1908 ἐμπεπρήσεσθαι
849 1856 965 1894 esse
1010 1838 1410 1894 necessarium?
1470 1855 1631 1910 quam
1674 1847 1876 1896 certam
1927 1843 2073 1899 Reis-

23 1912 27 1923 ¹
87 1929 166 1984 kii
205 1929 633 1986 emendationem
688 1938 867 1984 tamen
924 1927 1163 1983 Sintenis
1208 1927 1428 1999 sprevit.
1509 1928 1738 1999 Aegrius
1787 1931 1950 1985 etiam
2001 1931 2073 1987 fe-

27 2055 29 2057 ·
86 2017 316 2074 rendum
352 2026 434 2074 est
474 2018 617 2091 quod
655 2017 890 2073 Platonis
930 2015 1257 2071 nitidissima
1293 2015 1494 2086 scripta
1534 2015 1844 2072 huiusmodi
1891 2022 2073 2075 naevis

90 2123 154 2162 ex
186 2106 522 2162 eruditorum
555 2122 804 2179 perversa
838 2106 1086 2177 opinione
1118 2104 1493 2175 inquinantur.
1573 2104 1632 2158 In
1678 2106 1917 2161 Phaedro
1953 2126 2073 2181 pag.

93 2198 203 2250 250
241 2195 302 2251 Ε.
365 2196 715 2268 pertinaciter
772 2201 989 2249 servant
1046 2194 1149 2257 ἐγὼ
1201 2191 1297 2258 μέν
1351 2212 1438 2257 μοι
1501 2193 1622 2247 δοκῶ
1690 2199 2073 2261 κατακεῖσθαι,

91 2299 416 2355 quamquam
454 2283 584 2338 nihil
621 2290 795 2356 potest
829 2299 944 2338 esse
985 2281 1187 2336 certius
1215 2296 1375 2351 quam
1410 2283 1844 2348 κατακείσεσθαι,
1889 2287 2075 2342 etiam-

89 2372 138 2427 si
194 2387 380 2427 omnes
434 2371 653 2427 Codices
712 2379 900 2426 contra
958 2369 1275 2433 tenderent,
1335 2369 1611 2425 emendari
1671 2379 1952 2444 oportere,
2020 2383 2078 2430 ut

92 2459 431 2516 Heindorlius
479 2459 684 2516 dudum
725 2467 780 2516 et
819 2460 988 2514 sensit
1028 2466 1082 2513 et
1129 2458 1518 2515 demonstravit
1559 2477 1708 2516 more
1753 2478 1850 2516 suo
1892 2464 2080 2534 paucis

92 2548 185 2606 sed
228 2548 519 2604 luculentis
554 2548 811 2622 exemplis
857 2548 968 2603 ἐπεὶ
1014 2551 1068 2603 ού
1123 2548 1413 2615 πολύμυθος
1467 2551 1568 2604 οὐδ’
1614 2552 2078 2619 ἀφαμαρτοεπής,

92 2636 183 2694 sed
216 2638 412 2693 eximio
451 2638 567 2697 viro
603 2644 804 2693 temere
840 2636 1053 2708 obloqui
1106 2635 1275 2691 solent
1318 2637 1435 2702 illi,
1491 2639 1583 2710 qui
1626 2655 1692 2692 ne
1737 2641 2082 2711 suspicantur

94 2725 309 2799 quidem
334 2769 348 2791 ,
391 2733 593 2798 quanta
632 2725 953 2780 Graecitatis
1003 2725 1277 2779 interioris
1323 2726 1678 2798 intelligentia
1715 2728 1769 2781 in
1815 2729 1931 2783 viro
1970 2737 2078 2785 tam

93 2821 251 2871 acuto
300 2831 461 2887 quam
512 2813 748 2869 modesto
796 2814 942 2868 insit.
1025 2816 1169 2867 Δοκῶ
1213 2834 1298 2879 μοι
1353 2824 1542 2887 suapte
1584 2823 1778 2871 natura
1834 2816 2080 2874 futurum

96 2901 331 2975 postulat
380 2902 471 2958 ubi
521 2904 644 2975 quis
683 2901 812 2974 quid
848 2909 997 2973 paret
1037 2904 1243 2974 facere,
1286 2903 1416 2974 quid
1473 2904 1690 2959 iamiam
1727 2903 1970 2961 facturus
2013 2909 2083 2962 sit

93 2987 257 3053 dicit.
313 2990 764 3063 quemadmodum
814 2991 954 3045 δοκεῖ
990 3010 1075 3057 μοι
1130 3006 1381 3062 praesens
1426 2999 1638 3065 tempus
1689 2994 1770 3048 vel
1820 2997 2082 3052 aoristum

95 3076 385 3142 adsciscit,
436 3081 482 3133 si
530 3080 651 3151 quis
699 3078 827 3151 quid
867 3086 1050 3134 censet
1098 3095 1215 3133 esse
1258 3077 1580 3135 faciendum.
1662 3080 1873 3155 Optime
1924 3085 2082 3141 Hein-

98 3164 300 3222 dorlius
344 3167 397 3222 in
435 3166 775 3241 Euthydemo
821 3184 873 3240 p.
914 3170 1021 3223 288
1062 3167 1116 3221 C.
1171 3169 1272 3232 ἐγὼ
1321 3165 1402 3223 οὖν
1449 3189 1534 3234 μοι
1584 3170 1706 3224 δοκῶ
1751 3171 1912 3227 πάλιν
1952 3176 2082 3243 ὑφη-

97 3256 349 3319 γήσεσθαι
388 3258 623 3329 reposuit
661 3273 755 3329 pro
795 3258 1196 3327 ὑφηγήσασθαι,
1243 3273 1366 3311 nam
1401 3257 1782 3329 propemodum
1821 3260 1960 3315 idem
2001 3270 2082 3317 est

101 3344 187 3397 καὶ
226 3349 400 3398 ταῦτα
450 3346 544 3410 μὲν
590 3347 815 3415 ἀφήσειν
867 3366 951 3412 μοι
1002 3347 1124 3400 δοκῶ
1162 3351 1215 3399 el
1267 3347 1354 3400 καὶ
1402 3350 1579 3400 ταῦτα
1622 3348 1718 3411 μὲν
1758 3349 1975 3415 ἀφήσω,
2029 3358 2082 3405 cl.

105 3428 377 3486 Socratem
416 3432 593 3489 dicere
641 3442 885 3506 oportere
934 3435 1035 3499 ἐγὼ
1088 3432 1168 3489 οὖν
1208 3434 1369 3489 πάλιν
1409 3436 1751 3504 ὑφηγήσομαι
1806 3439 2082 3506 sequentia

13 3553 23 3586 ι
103 3516 378 3574 declarant
411 3518 517 3576 ὅθεν
555 3523 661 3590 γὰρ
702 3523 957 3577 ἀπέλιπον
996 3523 1053 3577 τὸ
1094 3522 1209 3586 ἑξῆς
1244 3524 1438 3584 τούτοις
1492 3524 1802 3590 πειράσομαι
1852 3526 2080 3582 διελθεῖν.

18 3595 24 3609 '
104 3605 323 3663 Locutio
360 3610 480 3663 δοκῶ
521 3630 606 3676 μοι
642 3626 766 3667 cum
811 3609 993 3681 futuro
1033 3613 1273 3668 omnium
1315 3612 1640 3683 scriptorum
1691 3628 1788 3666 usu
1831 3613 1956 3669 trita
2001 3624 2082 3671 est
