2436 4068
1298 175 1402 224 748

371 319 612 389 suspicor
676 314 1036 387 reponendum
1091 331 1228 368 esse:
1270 347 1343 355 —
1382 315 1685 382 διαδικάζειν
1739 314 1971 370 bin-ewra.
2052 322 2336 385 Ἀντερεῖ

369 406 494 473 γὰρ
543 408 644 466 τίς
700 403 775 458 ὅτι
814 408 867 457 οὐ
927 410 1057 470 χρῆν
1115 405 1222 457 στέ.
1306 404 1440 456 Tum
1483 420 1547 456 ex
1595 403 1752 456 Codd.
1795 405 2121 475 receperim:
2183 407 2329 459 ἀλλὰ

370 497 572 562 φήσει
612 515 688 552 τις
728 500 914 559 χρῆνικι
957 507 1050 561 pro
1089 492 1237 557 φησί.

445 581 822 650 Pervulgatum
864 586 916 633 et
965 578 1293 631 tralaticium
1350 578 1604 632 mendum
1666 579 1884 633 inolevit
1939 582 1989 633 111
2055 583 2082 650 §
2128 586 2192 635 7:
2247 583 2332 635 καὶ

373 668 797 723 διεσκευάσοισθικι
839 667 1059 735 ῥᾴδιον
1094 665 1207 721 ἕςοιι
1245 667 1364 732 πρὸς
1405 667 1607 730 ὀλίγους
1643 668 1858 727 δικαςοὶς
1894 667 1979 720 καὶ
2014 668 2336 722 συνδεκάσοω.

371 757 542 810 Nimis
595 756 692 809 hoc
748 754 925 808 odiose
977 761 1030 808 et
1086 754 1466 807 contumeliose
1510 757 1562 807 in
1617 755 1821 808 Atticos
1875 756 2076 809 iudices
2133 756 2334 811 dictum

370 851 485 908 est,
528 843 617 898 sed
660 843 955 896 scribarum
1000 842 1189 895 vitium
1234 841 1284 894 id
1326 849 1440 905 est,
1482 858 1584 894 non
1625 842 2016 913 XenophontiS,
2057 845 2149 914 qui
2196 844 2338 897 dixe·

369 940 455 986 rat
494 933 707 1005 facilius
765 947 879 984 esse
936 931 1216 1000 pauciores
1275 930 1479 983 iudices
1533 947 1878 1000 corrumpere
1928 948 2086 1001 quam
2142 932 2336 1002 plureS.

368 1021 575 1074 Passim
630 1021 685 1073 in
732 1019 972 1072 omnium
1026 1017 1179 1071 libris
1236 1019 1399 1087 ῥᾴδιον
1452 1024 1504 1071 et
1555 1022 1668 1087 ῥᾷον
1721 1019 1862 1071 111161·
1915 1036 1970 1072 se
2025 1021 2339 1089 permisceri

367 1108 607 1172 videbis,
666 1106 1008 1179 quamohrem
1071 1107 1228 1159 etiam
1292 1105 1389 1158 hoc
1445 1104 1558 1158 loco
1612 1105 1938 1160 confidenter
1996 1108 2335 1161 emendabis:

366 1195 804 1251 διοισκευοέσοισθοει
845 1198 988 1263 ῥᾷον
1029 1192 1142 1250 ἕςοιι
1178 1195 1297 1260 πρὸς
1335 1193 1537 1257 ὀλίγους
1585 1193 1819 1253 δικαςοές.
1900 1193 2069 1259 Quam
2111 1196 2335 1248 oscitan·
2398 1267 2400 1269 Ι

362 1291 447 1339 161·
507 1284 714 1338 librarii
773 1284 933 1352 ῥᾴδιον
994 1289 1043 1334 61
1107 1285 1220 1351 ῥᾷον
1278 1280 1607 1334 confundant
1666 1280 1874 1334 docebit
1936 1281 2206 1335 Heindorf.
2267 1283 2331 1337 ad

361 1374 564 1428 Platon.
608 1369 800 1424 Phaed.
844 1386 892 1439 p.
931 1372 1016 1422 70.
1048 1369 1108 1422 D.
1150 1371 1192 1422 εἶ
1227 1369 1405 1434 βούλει
1448 1370 1670 1438 ῥᾴδιον
1711 1370 1893 1433 μαθεῖν
1926 1372 2124 1440 optime
2159 1388 2332 1425 emen-

364 1461 497 1515 dans
537 1463 682 1529 ῥᾷον,
724 1463 776 1511 et
816 1457 870 1509 111
912 1456 1132 1510 Μ6110116
1171 1474 1222 1527 p.
1257 1461 1346 1510 94.
1402 1457 1461 1510 E.
1503 1456 1732 1525 ῥᾴδιόν
1774 1458 1848 1513 ἐςι
1903 1464 2069 1518 κακῶς
2107 1468 2262 1514 ποιεῖν
2303 1461 2331 1523 ἢ
2401 1487 2404 1491 ·

362 1546 447 1613 εὖ,
489 1554 542 1602 et
580 1547 644 1600 de
680 1546 809 1616 Rep.
852 1561 900 1614 p.
925 1547 1050 1597 570.
1090 1546 1149 1598 A.
1192 1543 1317 1598 οὕτω
1351 1546 1577 1614 ῥᾴδιον
1614 1546 1641 1608 ἢ
1679 1546 1892 1606 ἐκείνως.
1971 1546 2169 1600 Eadem
2205 1565 2332 1600 con-

366 1637 507 1691 fusio
547 1634 877 1705 conspicitur
917 1631 1056 1703 apud
1097 1632 1228 1684 Plat.
1272 1632 1334 1686 de
1393 1635 1518 1703 Rep.
1572 1651 1623 1705 p.
1663 1638 1789 1688 548.
1831 1633 1891 1686 E.
1949 1640 1999 1686 et
2041 1633 2328 1688 Isocratem

363 1726 419 1778 in
459 1723 703 1793 Philippo
760 1723 788 1790 ᾗ
837 1725 978 1784 115,
1020 1726 1072 1772 et
1123 1721 1531 1774 Demosthenem
1580 1738 1628 1791 p.
1668 1725 1813 1783 614,
1857 1725 1907 1774 9.
1969 1727 2021 1773 et
2062 1739 2110 1791 p.
2153 1725 2331 1785 1481,

366 1817 464 1867 24:
507 1810 660 1865 πέντε
700 1808 944 1863 τοὶλοοντοο
978 1808 1021 1861 δ’
1056 1809 1287 1876 ὀφλόντα
1327 1810 1532 1879 ῥᾴδιον
1581 1811 1780 1863 ἐκτῖσαι
1815 1809 1843 1871 ἢ
1883 1808 2036 1862 πέντε
2080 1810 2326 1876 δραχμὰς
2400 1838 2402 1841 ·
2434 1817 2436 1834 ²

359 1900 623 1969 πρότερον,
664 1905 716 1950 et
756 1896 879 1950 alibi
921 1913 1024 1950 non
1066 1913 1203 1950 raro,

434 1986 795 2042 Miserrimum
843 1985 897 2036 in
955 1983 1172 2038 modum
1224 1991 1475 2055 corrupta
1515 1991 1568 2039 et
1609 1984 1854 2039 mutilata
1900 1991 2027 2037 sunt
2078 2000 2137 2038 ea
2192 2002 2326 2055 quae

361 2079 649 2147 supersunt
682 2073 771 2126 Ill.
820 2077 919 2126 11:
975 2073 1216 2134 ὁποσάκις
1257 2074 1299 2127 δ’
1340 2074 1681 2141 ἐπεχείρησαν
1733 2074 1980 2141 αἱρεῖσθαι
2033 2073 2148 2132 τοὺς
2196 2075 2324 2138 βελ·

355 2167 561 2227 τίςους,
601 2161 812 2231 inquit,
860 2163 912 2214 οὐ
961 2163 1264 2225 συνήνεγκεν
1306 2165 1496 2221 αὐτοῖς.
1578 2162 1718 2214 Haec
1771 2160 1984 2230 quidem
2040 2162 2323 2215 sanissima

355 2259 481 2307 sunt
529 2257 580 2306 et
631 2249 828 2320 optime
870 2247 1200 2318 procedunt,
1261 2249 1349 2302 sed
1394 2250 1533 2319 quod
1575 2250 1827 2302 continuo
1868 2250 2145 2318 sequitur:
2197 2252 2321 2304 ἀλλ’

356 2343 492 2400 ἐντὸς
549 2337 724 2402 ὀλίγου
779 2337 958 2403 χρόνου
999 2338 1020 2388 0‘
1058 2339 1212 2401 δῆμος
1256 2337 1547 2390 ἐδούλευσεν
1604 2337 1895 2389 absurdum
1948 2343 2043 2389 est.
2123 2337 2323 2407 Nempe

353 2429 484 2482 haec
523 2427 600 2479 ita
659 2430 965 2493 comparata
1017 2430 1143 2477 sunt
1189 2432 1240 2478 et
1282 2425 1607 2495 composita,
1665 2426 1779 2478 11ῑὸ
1823 2427 1977 2489 δῆμος
2020 2425 2325 2494 significare

356 2516 544 2570 debeat
585 2515 606 2566 ὁ
646 2513 861 2577 δῆμοςό
911 2513 1202 2573 Ἀθηναίων.
1287 2512 1385 2565 Sed
1431 2512 1527 2566 hoc
1583 2513 1798 2583 quidem
1851 2513 2189 2583 perspicuum
2242 2520 2323 2567 est

350 2607 435 2660 τὸν
474 2605 630 2667 δῆμον
674 2600 777 2653 dici
835 2617 937 2652 non
997 2599 1440 2664 Atheniensium,
1492 2601 1582 2654 sed
1637 2617 1820 2654 earum
1875 2601 2175 2654 civitatium
2228 2601 2320 2655 ubi

355 2692 705 2747 Athenienses
758 2688 873 2747 τοὺς
930 2689 1204 2753 βελτίς-ους
1263 2687 1470 2741 εἵλοντο.
1543 2688 1830 2758 Xenophon
1876 2687 2081 2741 dixerat
2122 2690 2321 2758 igitur:

2430 480 2436 524 l]

2430 702 2436 793 1

2430 795 2436 927 l

2431 951 2436 1051 1

355 2783 442 2834 »in
482 2779 665 2851 quibus
706 2775 995 2829 civitatibus
1033 2775 1367 2829 Athenienses
1409 2777 1522 2836 τοὺς
1570 2777 1844 2842 βελτίςους
1893 2774 2111 2839 εἵλοντο,
2165 2778 2219 2830 in
2254 2778 2320 2830 iis
2399 2769 2414 2798 ³

351 2873 551 2942 factum
597 2872 670 2918 est
721 2871 778 2915 ut
817 2864 956 2916 haud
1003 2865 1076 2917 ila
1122 2864 1288 2916 mullo
1325 2872 1438 2932 post
1478 2868 1501 2916 ὁ
1548 2866 1702 2929 δῆμος
1745 2865 1797 2916 in
1844 2865 2140 2916 servitutem
2184 2866 2319 2918 redi·
2400 2883 2417 2935 ζ·

349 2954 612 3028 96ν611ιν.”
691 2952 876 3020 Itaque
910 2952 1182 3022 complura
1218 2951 1547 3005 exciderunt.
1608 2951 1894 3022 Xenophon
1937 2951 2080 3004 illius
2117 2954 2192 3006 rei
2225 2954 2318 3006 tri·

346 3045 467 3116 plex
503 3039 802 3110 exemplum
847 3039 1130 3104 attulerat,
1171 3039 1261 3093 sed
1305 3041 1539 3109 primum
1581 3048 1794 3110 praeter
1835 3040 1935 3092 tria
1977 3038 2135 3091 verba
2177 3040 2202 3065 *
2236 3041 2262 3065 *
2292 3042 2318 3066 *

346 3135 368 3187 ὅ
411 3132 503 3197 μὲν
559 3135 787 3187 Βοιωτοῖς
832 3127 858 3152 *
895 3127 921 3152 '⁶
958 3127 984 3152 *
1039 3127 1191 3196 plane
1234 3127 1543 3191 intercidit,
1603 3127 1740 3198 quod
1801 3143 1862 3180 eo
1917 3127 2088 3195 magis
2140 3126 2320 3194 dolen-q
2400 3131 2403 3133 ’

345 3220 473 3274 dum
515 3223 621 3278 est,
667 3215 915 3286 quoniam
958 3213 1022 3267 de
1056 3231 1115 3266 ea
1156 3231 1212 3267 re
1248 3215 1380 3267 nihil
1426 3216 1640 3268 omnino
1676 3213 1888 3267 aliunde
1930 3220 2169 3278 constat,
2210 3217 2321 3271 nisi.

348 3306 697 3363 Athenienses
741 3304 791 3355 in
835 3301 925 3354 illa
964 3301 1298 3372 expeditione
1339 3303 1402 3355 ad
1458 3303 1744 3355 Coroneam
1794 3318 1822 3353 a
1863 3301 2173 3355 Boeotorum
2229 3321 2315 3357 ex·

343 3394 549 3449 sulibus
589 3390 860 3446 occidione
901 3390 1100 3444 occisos
1141 3406 1255 3442 esse
1294 3406 1431 3441 anno
1468 3394 1594 3443 447.
1676 3388 1823 3454 Quod
1864 3389 1916 3442 in
1955 3390 2058 3444 fine
2095 3390 2193 3444 loci
2235 3392 2313 3446 le-

340 3484 519 3552 gitur:
573 3477 659 3533 ὅτε
713 3477 901 3532 εἵλοντο
949 3477 1378 3543 Λακεδαιμονίους
1433 3479 1546 3531 azur}
1603 3478 1902 3538 Μεσσηνίων
1944 3479 2081 3538 ἐντὸς
2133 3480 2309 3543 ὀλίγου

338 3570 515 3638 χρόνου
555 3567 948 3632 Λακεδαιμόνιοι
988 3565 1441 3633 κοιτοεςρεψοέμενοι
1481 3551 1796 3628 Μεσσηνίους
1837 3566 2118 3632 ἐπολέμουν
2159 3569 2305 3629 Ἀθη-
