2436 4068
1288 279 1355 329 76

631 428 718 480 οὐκ
757 422 831 481 ἕςι
870 424 926 475 τὸ
965 421 1051 488 ζῆν
1093 423 1220 474 αὐτὸ
1255 423 1368 474 καθ’
1415 423 1568 475 ἑαυτὸ
1602 421 1775 485 γλυκύ

632 514 731 568 οὐδ’
770 509 837 565 αὖ
874 514 931 563 τὸ
976 508 1198 570 θνήσκειν
1242 508 1425 571 δεινόν,
1470 509 1577 563 κτὲ.

331 603 479 655 vivas
516 605 630 654 tum
670 616 736 653 an
774 596 1022 651 moriaris
1074 595 1292 667 perinde
1327 604 1432 660 est,
1475 595 1677 666 inquit:
1722 593 1775 647 id
1816 592 1987 647 solum
2033 594 2322 649 discrimen

337 689 465 744 lacit
503 694 687 741 utrum
727 700 911 739 eorum
954 682 1085 737 bene
1121 689 1173 737 et
1216 682 1434 749 honeste
1478 683 1643 755 possit
1685 682 1818 736 fieri.
1903 680 1958 735 Si
1998 681 2216 736 honeste
2251 683 2324 735 vi-

341 793 464 835 vere
500 775 693 835 datur,
735 772 843 825 vita
885 777 967 825 est
1002 770 1207 842 potior:
1250 788 1356 825 non
1397 771 1592 832 datur,
1637 770 1807 824 satius
1847 775 1929 824 est
1964 770 2117 824 mori.

416 864 475 917 In
514 859 788 915 Menandri
833 857 1133 928 fragmento
1171 857 1312 929 apud
1356 858 1545 912 Athen.
1572 858 1713 912 XIII.
1738 860 1864 912 559.
1888 856 1942 911 C.

1136 948 1190 1000 οὐ
1232 954 1461 1013 γαμεῖς,
1502 945 1566 1001 ἂν
1606 950 1717 1000 νοῦν
1758 944 1915 1014 ἕχης,

649 1038 827 1089 τοῦτον
860 1036 1166 1088 καταλιπὼν
1197 1035 1284 1088 τὸν
1322 1035 1436 1099 βίον
1460 1075 1471 1087 .
1513 1032 1810 1099 γεγάμηκα
1847 1032 1951 1101 γάρ

650 1121 839 1186 αὐτός,
879 1122 964 1175 δια
998 1121 1150 1175 τοῦτο’
1180 1141 1255 1174 σοι
1296 1126 1526 1188 παραινῶ
1560 1122 1634 1186 μη
1671 1125 1886 1186 γαμεῖν.

647 1209 948 1275 δεδογμένον
982 1209 1039 1262 τὸ
1081 1211 1310 1276 πρᾶγμ’,
1350 1209 1629 1276 άνερρίφθω
1667 1207 1846 1274 κύβος.

587 1341 598 1352 .
648 1298 885 1366 πέραινε,
925 1296 1131 1358 σωθείης
1167 1297 1218 1350 δὲ
1258 1301 1374 1350 νῦν·
1415 1295 1650 1359 άληθινόν

649 1386 719 1446 εἷς
759 1385 996 1449 πέλαγος
1034 1384 1191 1438 αὑτὸν
1225 1385 1486 1449 ἐμβαλεῖς
1524 1384 1630 1451 γαρ
1665 1381 1995 1451 πραγμάτων
2019 1424 2031 1445 ,

649 1475 704 1526 οὐ
746 1471 1013 1539 Λιβυκόν,
1053 1471 1154 1526 οὐδ’
1191 1473 1410 1536 Αἰγαῖον
1452 1510 1750 1526 ......
1773 1513 1787 1534 ,

651 1558 709 1614 οὗ
748 1566 845 1614 τῶν
884 1559 1139 1629 τριάκοντ’
1175 1562 1265 1614 οὐκ
1298 1560 1600 1614 άπόλλυται
1637 1560 1755 1626 τρία

653 1648 935 1716 πλοιάρια,
979 1649 1161 1713 γήμας
1203 1647 1246 1702 δ’
1290 1649 1400 1703 οὐδὲ
1440 1644 1511 1709 εἷς
1548 1647 1759 1702 σέσωσθ’
1797 1643 1954 1708 ὅλως.

350 1739 598 1793 lacunam
643 1735 796 1790 facile
831 1737 908 1790 sic
949 1735 1277 1807 expleveris:

651 1827 706 1878 οὐ
741 1823 1005 1890 Λιβυκόν,
1045 1824 1145 1877 οὐδ’
1182 1825 1436 1887 Αἰγαῖον,
1480 1823 1591 1878 οὐδὲ
1633 1822 1938 1886 Σικελικόν,

354 1918 406 1968 in
439 1930 595 1967 versu
635 1913 793 1966 tertio
828 1912 1038 1983 corrige
1071 1910 1157 1965 δια
1191 1915 1340 1965 τοῦτο
1375 1911 1450 1964 σοὶ
1482 1917 1739 1978 παραινῶ,
1784 1917 1837 1966 et
1870 1911 1924 1963 in
1955 1909 2143 1980 quinto
2178 1907 2336 1961 verba

352 2003 405 2055 iu
449 2002 592 2055 hunc
632 1999 851 2054 modum
892 1997 1104 2054 divide:
1156 1999 1360 2066 πέραινε
1385 2042 1399 2060 ,
1444 1999 1650 2062 σωθείης
1689 1999 1742 2054 δέ
1768 2038 1780 2053 .
1826 2003 1912 2053 νῦν
1951 1995 2185 2059 ἀληθινόν
2226 1996 2335 2048 κτὲ.

427 2090 804 2162 Tyrannorum
839 2087 1082 2140 miserias
1113 2103 1540 2141 commemorans
1574 2088 1754 2141 nescio
1787 2087 1908 2158 quis
1944 2084 2084 2158 apud
2127 2085 2336 2139 Meuan-

350 2177 507 2235 drum
551 2166 606 2229 in
644 2174 787 2229 Stob.
830 2173 1010 2228 Floril.
1047 2174 1225 2228 XLIX.
1264 2179 1314 2230 8.
1358 2175 1432 2228 ita
1474 2175 1632 2229 dicit:

1279 2260 1313 2316 ὦ
1351 2263 1630 2330 τρισάθλιοι
1653 2306 1666 2326 ,

654 2349 707 2403 τί
746 2350 900 2404 πλέον
938 2349 1115 2417 ἔχουσι
1159 2357 1256 2404 τῶν
1289 2349 1499 2413 άλλωνς
1540 2350 1653 2416 βίον

654 2440 716 2498 ὡς
757 2438 947 2504 οἰκτρὸν
987 2435 1318 2500 ἐξαντλοῦσιν
1358 2440 1400 2492 οἱ
1441 2439 1511 2492 τοὶ
1550 2438 1764 2506 φρούρια

655 2529 952 2593 τηροῦντες,
995 2528 1038 2579 οἱ
1071 2526 1168 2586 τας
1210 2526 1512 2593 άκροπόλεις
1555 2525 1884 2592 κεκτημένοι.

354 2617 490 2669 lianc
527 2630 736 2686 quoque
778 2613 1026 2667 lacunam
1068 2620 1120 2667 et
1158 2614 1515 2685 corruptelam
1560 2613 1702 2669 facili
1746 2613 1956 2685 negotio
1992 2614 2069 2667 sic
2111 2613 2337 2668 sustule-

353 2705 456 2757 ris:
500 2701 534 2757 ὦ
573 2700 885 2770 τρισάθλιοι,
925 2697 969 2755 οἳ
1003 2701 1158 2756 πλέον
1199 2702 1340 2769 ἔχειν
1375 2703 1580 2769 ζητοῦσι
1623 2707 1718 2756 τῶν
1758 2701 1961 2764 άλλων,
2001 2703 2108 2756 κτὲ.

427 2791 699 2846 Glossema
766 2789 982 2859 irrepsit
1050 2790 1104 2842 in
1167 2789 1442 2844 Menandri
1505 2791 1681 2844 locum
1751 2788 1891 2861 apud
1953 2789 2095 2844 Stob.
2159 2789 2337 2844 Floril.

354 2878 582 2932 LXXIV.
630 2884 712 2931 11.

659 2965 776 3025 τοὺς
815 2971 908 3027 τῆς
949 2973 1192 3031 γαμετῆς
1233 2966 1366 3034 ὅρους
1403 2965 1728 3034 ὑπερβαίνεις
1751 3009 1765 3030 ,
1805 2965 1997 3031 γύναι,

659 3054 749 3114 την
785 3055 1005 3108 αὐλίαν.
1050 3054 1207 3120 πέρας
1245 3056 1349 3121 γαρ
1383 3055 1559 3115 αὔλιος
1597 3055 1719 3123 θύρα

658 3141 895 3210 ἐλευθέρα
935 3142 1141 3206 γυναικὶ
1178 3142 1398 3208 νενόμις·’
1439 3143 1599 3202 οἰκίας
1625 3185 1635 3195 .

355 3226 495 3282 mala
529 3243 722 3281 manus
756 3227 934 3281 allevit
970 3231 1062 3290 την
1105 3229 1312 3283 αὑλίαν.
1395 3229 1468 3282 Ne
1507 3229 1683 3283 dicam
1730 3228 1919 3298 frigide
1957 3228 2244 3282 admodum
2284 3235 2336 3283 et

356 3318 535 3386 inepte
568 3315 667 3368 hoc
704 3315 1020 3369 vocabulum
1051 3317 1358 3387 praemitti,
1400 3316 1491 3370 ubi
1529 3318 1776 3387 sequitur
1809 3318 1966 3385 πέρας
1997 3316 2103 3383 γαρ
2137 3315 2340 3377 αὔλειος

355 3404 476 3469 θύρα
515 3405 642 3463 κτέ..
686 3403 798 3473 ipsa
836 3401 1004 3456 forma
1045 3405 1227 3474 arguit
1263 3404 1535 3459 hominem
1573 3404 1771 3459 Graece
1803 3405 2110 3474 imperitum
2151 3403 2215 3458 de
2246 3421 2343 3458 suo

354 3497 555 3545 temere
591 3490 645 3544 id
682 3490 954 3544 adiecisse.
1035 3490 1146 3544 Non
1189 3493 1346 3546 aliter
1386 3493 1585 3546 Graece
1626 3491 1732 3546 dici
1772 3499 1945 3563 potest
1981 3507 2140 3561 quam
2181 3495 2209 3554 ἦ
2251 3493 2341 3545 αὕ-

349 3591 481 3638 λειος
529 3580 649 3646 θύρα
674 3620 688 3639 ,
743 3594 914 3649 neque
955 3578 1076 3644 θύρα
1110 3581 1286 3632 omitti
1322 3585 1492 3650 potest
1539 3585 1591 3633 et
1624 3578 1802 3633 αὔλιος
1845 3579 1999 3651 plane
2039 3585 2119 3632 est
2157 3578 2340 3632 barba-

347 3681 487 3719 rum.
570 3665 813 3721 Graeculi
845 3672 953 3723 tam
988 3663 1081 3719 diu
1117 3673 1169 3724 et
1213 3674 1319 3724 tam
1353 3683 1507 3740 saepe
1543 3666 1739 3723 formas
1763 3669 1826 3737 ,iu
1862 3687 1952 3728 -ιος
1992 3672 2044 3721 et
2074 3687 2189 3727 -ειος
2223 3683 2342 3720 con-

533 1223 588 1352 »ευ
