2436 4068
1006 219 1112 270 509

83 366 449 428 ain-oomioxsm.
485 360 723 416 Emenda
764 365 818 416 οὐ
858 363 1098 423 δίκαιός
1137 363 1258 419 ἕςιν.
1340 360 1500 416 Vides
1539 361 1667 433 quid
1701 379 1936 419 errorem
1967 383 2055 437 pe..

83 455 299 524 pererit.
375 450 656 505 Praeterea
705 451 826 520 quis
876 450 1048 505 credit
1088 449 1273 519 φυγάς
1315 450 1537 504 retineri
1574 451 1768 523 posse?
1820 451 1924 516 δ’ςις
1962 475 2055 509 κοι-

83 540 330 608 τέρχεται
369 540 535 601 satiS‚
588 540 809 610 opinor,
869 546 950 593 est
1000 538 1199 593 Graece
1251 538 1563 593 scientibus,
1642 540 1855 602 Δίκαιός
1909 544 2052 608 εἶμι,

84 645 220 698 quae
267 627 620 683 usitatissima
668 626 860 680 Atticis
908 625 1105 679 locutio
1155 633 1271 689 est,
1320 625 1716 683 restituendum
1767 636 1849 683 est
1884 629 2058 684 Ando-

83 714 191 768 cidi
233 717 287 770 in
339 715 452 770 loco
491 714 723 786 pessime
774 720 1028 784 corrupto
1066 711 1212 767 Orat.
1253 714 1341 767 IV.
1386 717 1414 785 §
1453 718 1539 769 56.
1595 717 1705 770 οὐδὲ
1743 717 2059 780 τοσαυτάκις

82 804 452 872 ἀγωνιζόμενος
497 802 748 874 [δικαίως]
788 803 876 857 καὶ
910 802 1121 864 νικήσας
1161 800 1439 867 δόξαιμι
1483 804 1546 857 δι’
1586 805 1758 859 ἐκεῖνα
1793 807 2059 873 ἐκπεσεῖν,

82 898 348 962 expuncto
386 892 589 952 δικαίως
629 889 856 945 emenda
893 890 1103 952 νικήσας
1143 889 1336 950 δίκαιός
1374 891 1497 955 εἶμι.

160 979 219 1034 lu
261 979 463 1035 Hellen.
496 978 539 1033 I.
568 995 636 1032 vt.
671 982 756 1033 16.
807 976 1215 1044 ὑποτεμνόμενος
1244 979 1332 1032 τὸν
1367 979 1438 1039 εἶς
1473 978 1654 1044 Σοέμον
1695 986 1857 1036 πλοῦν
1898 982 2059 1054 [ὅπως

84 1068 159 1133 μὴ
198 1070 364 1123 ἐκεῖσε
397 1065 618 1136 φύγοι1,
659 1083 764 1120 non
802 1067 937 1121 satis
974 1064 1398 1137 assequebantur
1437 1067 1711 1137 sequiores
1752 1070 1881 1140 quid
1921 1079 2062 1128 esset

84 1156 492 1223 ὑποτεμνόμενος
525 1157 614 1210 τὸν
651 1159 831 1209 πλοῦν.
913 1153 1134 1209 Photius
1172 1170 1453 1225 perperam
1496 1155 1886 1227 interpretatur
1919 1160 1974 1212 in
2011 1177 2062 1215 v.

85 1243 668 1310 ’Τποτεμνόμενος
715 1243 828 1297 τὸν
880 1246 1120 1297 πλοῦνε
1177 1242 1294 1296 ἀντὶ
1336 1246 1427 1296 τοῦ
1466 1243 1551 1298 διὰ
1591 1249 1690 1297 τῶν
1733 1247 2063 1311 συντομωτοὶ·

85 1354 185 1388 των
237 1333 407 1387 πλέων
459 1330 542 1387 ἵνα
593 1330 886 1400 καταλάβῃ
920 1332 1006 1386 τὸν
1054 1331 1366 1396 διωκόμενον.
1420 1329 1547 1386 οὕτω
1603 1337 1833 1401 Ξενοφῶν
1885 1336 2063 1403 φησίν.

87 1420 277 1476 Melius
325 1420 588 1476 intellexit
627 1419 824 1474 sciolus
866 1420 958 1491 qui
996 1418 1284 1491 adscripsit
1330 1418 1456 1474 olim
1500 1419 1606 1491 [ἵνα
1646 1422 1719 1486 μη
1758 1421 1925 1476 ἐκεῖσε
1963 1423 2067 1491 φύ-

85 1509 196 1582 γοι]
223 1551 239 1574 ,
277 1525 416 1581 quae
450 1509 495 1563 si
532 1510 587 1563 in
623 1524 720 1563 suo
769 1506 951 1562 codice
991 1508 1282 1563 invenisset
1318 1508 1363 1562 is
1395 1524 1554 1578 quem
1603 1507 1826 1564 Photius
1866 1509 2066 1565 descri-

85 1599 223 1671 psit,
262 1598 318 1652 in
355 1614 477 1652 eum
519 1613 756 1652 errorem
796 1612 955 1669 quem
991 1598 1265 1651 commisit
1301 1596 1610 1668 implicatus
1653 1613 1949 1669 numquam
1984 1615 2063 1654 es·

85 1694 183 1741 set.
262 1684 392 1741 Ibid.
430 1686 471 1740 Ι.
512 1704 581 1741 vl.
625 1689 715 1740 24.
768 1684 1162 1753 εἰσβιβάζοντες
1208 1687 1326 1746 τοὺς
1377 1686 1428 1739 ἐν
1476 1685 1584 1757 [τῇ]
1633 1685 1808 1756 ἡλικία
1863 1687 2062 1761 [ὄντας]

85 1773 363 1838 ἅπαντας,
406 1774 654 1846 equidem
694 1773 836 1829 soleo
875 1772 1229 1828 Athenienses
1267 1776 1310 1828 οἱ
1345 1776 1396 1828 ἐν
1447 1775 1623 1844 ἡλικίᾳ
1657 1774 1845 1829 audire
1885 1774 2062 1832 dicen·

86 1870 184 1918 ies,
264 1861 396 1917 Ibid.
437 1863 477 1918 Ι.
525 1881 595 1917 vt.
638 1866 726 1917 55.
787 1865 964 1915 ταῦτα
1018 1861 1070 1915 δὲ
1122 1862 1464 1927 βουλομένους
1519 1869 1676 1917 ποιεῖν
1731 1861 1918 1930 ἄνεμος
1973 1865 2062 1919 καὶ

84 1953 284 2020 χειμὼν
317 1952 616 2006 διεκώλυσεν
662 1949 894 2025 [αὐτοὺς]
939 1948 1116 2014 μέγας
1150 1948 1441 2015 γενόμενος.
1520 1950 1701 2022 Neque
1742 1951 1941 2007 Graece
1977 1970 2065 2009 ne·

86 2056 191 2112 que
231 2039 416 2094 Latine
456 2040 511 2093 in
553 2038 750 2093 talibus
784 2038 1087 2110 pronomini
1126 2036 1275 2092 locus
1313 2046 1428 2103 est,
1470 2038 1610 2111 quod
1640 2039 1846 2095 scribae
1883 2047 2062 2097 tamen

85 2143 243 2200 saepe
284 2126 491 2182 addunt
529 2127 595 2182 de
649 2143 776 2190 suo,
818 2126 1133 2197 praesertim
1176 2127 1446 2197 genitivis.
1526 2127 1585 2181 In
1628 2144 1705 2198 sq.
1761 2133 1790 2199 §
1827 2132 1918 2183 56.
1978 2145 2066 2184 ex-

85 2232 262 2288 punge
313 2215 604 2270 articulum
647 2215 699 2268 in
747 2215 816 2288 [ὁ]
864 2215 1159 2282 ὑπηρετικὸς
1206 2214 1360 2276 κέλης
1403 2222 1456 2269 et
1505 2232 1624 2270 mox
1665 2213 1740 2270 ὅτι
1789 2217 1843 2269 in
1886 2216 2063 2272 verbis

84 2306 172 2359 καὶ
220 2301 344 2379 [ὅτι]
386 2305 443 2359 αἱ
481 2309 580 2358 τῶν
620 2303 896 2365 Ἀθηναίων
938 2311 1049 2366 νῆες
1086 2305 1423 2358 ἀπολώλασιν
1467 2302 1695 2359 ἅπασαι.
1773 2303 1848 2358 lb.
1891 2304 1932 2359 Ι.
1974 2323 2063 2359 vn.

85 2398 138 2448 4.
177 2393 419 2456 ἐπιςολῆν
454 2392 714 2447 ἐπεδείκνυ
754 2387 810 2452 ἣν
850 2391 1099 2459 ἔπεμψαν
1134 2393 1178 2446 οἱ
1214 2392 1461 2459 ςρατηγοὶ
1502 2394 1574 2454 εἷς
1619 2395 1709 2456 την
1749 2394 1943 2460 βουλὴν
1976 2393 2062 2448 καὶ

89 2480 208 2555 [εἷς]
251 2482 340 2536 τὸν
384 2482 571 2546 δῆμον,
610 2486 876 2552 expuncto
913 2479 1080 2534 altero
1119 2481 1191 2540 εἷς
1244 2479 1638 2535 emendandum
1691 2487 1772 2535 est
1816 2483 1935 2550 πρὸς
1969 2485 2062 2547 την

80 2571 277 2637 βουλὴν
313 2570 399 2624 καὶ
435 2571 522 2624 τὸν
561 2569 732 2634 δῆμον.
815 2567 980 2640 Saepe
1018 2575 1071 2623 et
1110 2567 1249 2639 apud
1293 2567 1424 2622 alios
1469 2575 1522 2623 et
1561 2569 1701 2641 apud
1741 2569 2063 2642 Xenophon-

85 2666 194 2714 tem
236 2673 516 2730 perperam
561 2657 628 2717 εἰς
671 2655 871 2728 legitur
914 2655 1005 2711 ubi
1051 2657 1174 2724 πρός
1213 2658 1513 2728 requiritur
1552 2665 1605 2713 et
1644 2665 1848 2713 contra.
1929 2659 2062 2727 Quis

84 2745 227 2803 serre
266 2751 439 2818 potest
470 2742 782 2810 διαβάλλειν
817 2744 889 2805 εἴς
927 2766 1042 2799 τινα
1064 2786 1078 2807 ,
1131 2746 1500 2811 εἰσαγγέλλειν
1538 2745 1610 2807 εἷς
1659 2768 1776 2801 τινα
1823 2754 1877 2802 et
1915 2748 2062 2803 simi-

82 2833 191 2889 lia?
273 2833 590 2888 Rectissime
625 2830 928 2887 emendavit
975 2831 1204 2887 Dindorf
1232 2834 1323 2888 111.
1363 2851 1397 2888 1.
1447 2837 1529 2888 16.
1590 2832 1727 2897 ἠξίου
1766 2867 1842 2876 -
1878 2837 1950 2898 εἷς
1990 2839 2062 2892 τοὶ

82 2923 237 2993 τείχη
278 2922 520 2991 δέχεσθαι
561 2938 658 2992 pro
697 2921 963 2992 scriptura
1004 2921 1246 2976 omnium
1293 2921 1551 2976 librorum
1604 2924 1726 2990 πρὸς
1769 2925 1839 2978 τὰ
1887 2926 2062 2993 τείχη.

0 3070 7 3078 ,
84 3010 198 3066 Non
252 3009 635 3065 animadvertit
691 3008 831 3063 idem
886 3009 1075 3063 vitium
1121 3009 1210 3064 111.
1254 3028 1302 3064 v.
1345 3014 1396 3064 2.
1453 3013 1496 3066 οἱ
1549 3012 1643 3077 μὲν
1692 3011 1751 3074 δη
1796 3012 2063 3080 δεξάμενοι

81 3100 155 3154 τὰ
201 3100 460 3167 χρήματα
507 3099 557 3152 εἷ
570 3119 595 3160 ς
647 3098 747 3159 τὰς
781 3097 970 3158 οἰκείας
1024 3097 1200 3159 πόλεις
1242 3098 1519 3164 διέβαλλον
1566 3100 1685 3160 τοὺς
1738 3102 2064 3168 Λακεδαιμο-

84 3187 250 3250 νίους,
289 3187 398 3240 imo
437 3204 563 3241 vero
600 3188 720 3253 πρὸς
753 3187 851 3246 τὰς
895 3186 1085 3247 οἰκείας
1126 3186 1321 3248 πόλεις.
1403 3186 1560 3242 Plura
1603 3186 1668 3242 de
1726 3205 1920 3259 genere
1964 3190 2061 3245 hoc

87 3274 221 3327 alias
260 3272 548 3346 diligenter
590 3291 871 3346 exponam.
954 3276 1014 3330 ln
1063 3278 1092 3345 ς
1125 3279 1175 3329 5.
1219 3275 1305 3328 καὶ
1347 3275 1486 3342 εἴπερ
1525 3276 1589 3340 γε’
1627 3298 1771 3337 τινας
1812 3278 1907 3332 δέοι
1948 3281 2058 3345 περὶ

86 3370 178 3424 τῆς
228 3363 528 3428 ἀναιρέσεως
580 3364 755 3417 οὐδένα
795 3362 956 3417 ἄλλον
1005 3361 1146 3430 ἔχειν
1194 3362 1425 3437 [αὐτοὺς]
1482 3363 1818 3419 αἰτιάσασθαι
1875 3366 1902 3428 ἢ
1951 3366 2064 3420 τού-

87 3471 203 3511 τους
238 3447 308 3511 οῙς
347 3451 676 3520 προσετάχθη
699 3494 712 3514 ,
753 3451 996 3506 additum
1032 3450 1219 3511 αὐτούς
1262 3453 1557 3507 orationem
1600 3452 1857 3507 soloecam
1896 3451 2062 3519 facit,

87 3536 279 3592 deinde
336 3538 512 3594 Attico
562 3556 706 3594 more
754 3532 1011 3595 suad'entc
1065 3543 1329 3596 sententia
1375 3539 1715 3595 scribendum
1766 3540 1792 3602 ἢ
1834 3541 1951 3601 τοὺς
1991 3538 2062 3603 οἷς

90 3628 435 3695 προσετάχθη.
517 3626 661 3684 Idem
703 3628 893 3683 vitium
933 3628 984 3681 in
1031 3626 1262 3683 Isocrate
1304 3627 1520 3682 inolevit
1558 3628 1645 3682 ΙΧ.
1688 3631 1741 3682 6.
1784 3626 1896 3680 ὥσθ’
1936 3627 2065 3690 ἥδιον
