2436 4068
1288 189 1393 237 240

659 333 843 387 ἐνθένδε
883 332 926 385 δ’
962 330 1307 395 οὐκέμελλες
1349 330 1607 396 οοὶσχύνοος
1648 331 1740 396 ἐμέ

665 419 806 483 ἄξειν
844 419 943 489 βίοι
981 417 1178 471 τούσδε.

363 529 393 567 a
435 516 588 583 poeta
629 507 890 578 scriptum
932 521 1047 560 esse
1079 505 1354 576 suspicor:
1395 505 1571 559 ἐνθένδ’
1611 503 1691 573 ἄρ’
1733 508 1821 560 οὐκ
1862 505 2160 572 ἔμελλες-
2196 507 2339 572 ἄξειν

361 598 570 660 τούσδε,
612 611 842 665 namque
880 593 954 646 ita
991 592 1230 663 loquitur
1264 609 1410 647 more
1449 593 1651 656 Attico,
1693 593 1784 664 qui
1819 610 1882 647 ex
1919 596 2209 650 certamine
2249 603 2343 650 aut

364 684 702 741 contentione
743 681 913 735 multo
950 680 1129 735 labore
1169 681 1381 735 tandem
1424 680 1670 735 discessit
1710 681 1985 752 superior,
2029 690 2122 738 aut
2161 701 2217 739 se
2258 700 2343 738 ex-

369 773 598 846 pedivit,
641 777 703 824 ut
743 770 796 823 in
839 769 1005 822 Ranis
1040 771 1167 823 268.

594 860 812 925 ἔμελλον
851 855 954 924 ἄρα
991 857 1210 912 παύσειν
1250 858 1360 912 ποθ’
1401 858 1540 923 ὑμᾶς
1580 860 1669 911 τοῦ
1710 856 1855 921 κοάξ.

367 957 420 1004 et
457 950 509 1003 in
550 945 792 1002 Nubibus
826 947 987 999 1302.

596 1035 834 1104 Φεύγεις.
876 1032 1098 1099 ἔμελλόν
1138 1037 1185 1088 σ’
1226 1030 1328 1102 οἶροι
1369 1034 1587 1097 κινήσειν
1627 1033 1748 1098 ἐγώ.

371 1125 461 1180 ubi
505 1131 794 1194 transpone
827 1120 1047 1188 ἔμελλον
1086 1120 1188 1188 ἄρα
1223 1143 1280 1176 σε
1305 1164 1318 1182 ,
1359 1128 1411 1175 et
1453 1121 1506 1174 in
1543 1120 1732 1192 Vespis
1766 1125 1891 1177 460.

598 1207 678 1278 ἄρ’
719 1209 1008 1276 ἐμέλλομέν
1047 1211 1158 1263 ποθ’
1199 1211 1337 1275 ὑμᾶς
1378 1211 1722 1276 ἀποσοβήσειν
1764 1212 1834 1278 τῷ
1872 1210 2066 1279 χρόνῳ;

449 1298 739 1370 Flagitiose
778 1303 1066 1369 corruptus
1105 1303 1185 1351 est
1226 1297 1279 1350 in
1334 1296 1768 1352 Acharnensibus
1807 1315 1883 1352 νε.
1929 1302 2054 1353 546.

607 1387 851 1453 ἐμέλλετ’
892 1381 972 1452 ἄρ’
1013 1383 1247 1447 ἅπαντες
1287 1385 1544 1440 οὲνοισείειν
1583 1387 1709 1451 βοῆς
1732 1428 1746 1451 ,

378 1477 470 1532 ubi
510 1482 684 1548 potest
720 1474 847 1528 olim
888 1473 1152 1545 scriptum
1188 1473 1386 1528 fuisse:

606 1562 850 1629 ἐμέλλετ’
888 1558 992 1629 ἄρα
1030 1561 1226 1623 πάντες
1266 1564 1382 1616 ποτ’
1422 1563 1628 1626 ἀνήσειν
1666 1571 1758 1626 τῆς
1798 1563 1958 1628 βοῆς,

380 1659 476 1708 aut
514 1650 690 1707 simile
729 1648 889 1722 quid:
945 1648 1037 1704 sed
1078 1648 1219 1720 quod
1260 1666 1403 1704 nunc
1442 1649 1828 1705 circumfertur
1869 1650 2022 1723 plane
2071 1667 2230 1706 sensu
2278 1667 2363 1705 va-

381 1757 546 1797 cuum
588 1746 642 1794 et
681 1736 972 1793 absurdum
1018 1743 1115 1791 est.

458 1829 676 1884 Certum
707 1834 862 1882 teneo
881 1825 1073 1880 vitium
1099 1831 1244 1879 certa
1281 1823 1549 1880 medicina
1587 1825 1885 1880 sanandum
1922 1825 1978 1878 in
2018 1841 2093 1879 vs,
2120 1830 2227 1881 544
2251 1842 2365 1897 sqq.

1219 1914 1345 1967 ἀλλ’
1386 1912 1448 1967 ἴθ’
1489 1915 1560 1975 εἰς
1600 1914 1780 1980 δόμους
1804 1956 1816 1976 ,
1856 1913 2018 1983 γέρον.

479 2017 484 2023 ’
541 2008 686 2059 ΙΟΛ.
765 2003 854 2056 οὐκ
894 2000 959 2056 ἂν
998 2001 1199 2067 λίποιμι
1239 2002 1436 2068 βωμόν.
1480 2002 1742 2070 ἑζώμεσθα
1782 2004 1842 2067 δή

768 2089 935 2144 ἱκέται
975 2089 1211 2154 μένοντες
1253 2088 1414 2143 ἐνθάδ’
1454 2088 1510 2145 εὖ
1550 2089 1746 2158 πρᾶξαι
1786 2090 1952 2145 πόλιν.

391 2182 613 2238 miseret
651 2194 738 2232 me
777 2194 963 2232 eorum
990 2219 1005 2242 ,
1058 2178 1152 2249 qui
1204 2178 1493 2245 ἑζόμεσθοι,
1555 2178 1848 2246 ἑζώμεσθα,
1903 2177 2158 2243 {samsom
2211 2178 2373 2232 inter-

392 2266 595 2341 pretari
638 2266 889 2320 nituntur
939 2282 1113 2337 neque
1161 2265 1448 2336 proficiunt
1505 2265 1814 2337 quidquam.
1895 2265 2026 2333 Quis
2079 2281 2374 2337 numquam

394 2354 602 2411 audivit
646 2353 885 2407 iocosum
923 2352 1250 2407 Graecorum
1290 2353 1664 2423 proverbium:

627 2440 758 2509 ἔργα
798 2439 950 2504 νέων,
989 2440 1180 2506 βουλαὶ
1221 2441 1273 2494 δὲ
1310 2441 1505 2507 μέσων,
1545 2442 1706 2511 εὐχαὶ
1747 2443 1799 2497 δὲ
1832 2441 2108 2509 γερόντων,

398 2534 453 2586 in
509 2546 616 2601 quo
671 2527 934 2600 quomodo
985 2528 1175 2582 luserit
1236 2528 1608 2583 Athenodorus
1663 2529 1964 2584 Stoicorum
2020 2528 2381 2602 lepidissimus

399 2619 638 2674 suaviter
676 2623 862 2671 narrat
903 2615 1093 2671 Strabo
1123 2617 1259 2671 XIV.
1303 2634 1350 2688 p.
1391 2622 1516 2672 674.
1599 2616 1731 2684 Quis
1770 2618 1938 2688 igitur
1970 2634 2074 2673 non
2117 2618 2262 2674 videt
2297 2635 2380 2674 ve-

401 2723 523 2763 rum
564 2722 705 2761 esse:

1460 2793 1747 2860 εὐξόμεσθοο
1786 2796 1845 2858 δή

708 2880 873 2934 ἱκέτοιι
914 2880 1150 2945 μένοντες
1190 2880 1353 2936 ἐνθάδ’
1392 2879 1448 2937 εὖ
1489 2881 1680 2949 πρᾶξαι
1722 2883 1886 2937 πόλιν.

482 2972 622 3025 Dum
658 2968 761 3021 viri
801 2974 1041 3040 pugnant
1094 2985 1246 3023 senes
1285 2977 1345 3024 et·
1387 2972 1541 3042 pueri
1583 2970 1849 3042 supplices
1898 2969 2141 3025 sedentes
2181 2971 2233 3023 in
2277 2971 2386 3024 aris

407 3062 544 3116 Deos
582 3056 787 3111 oraturi
841 3063 968 3109 sunt
1020 3063 1080 3110 ut
1129 3057 1434 3129 Demophon
1480 3065 1533 3112 et
1573 3058 1924 3114 Athenienses
1962 3075 2076 3113 rem
2120 3058 2249 3112 bene
2300 3075 2386 3129 ge-

409 3154 551 3203 rant.
631 3142 839 3215 Ecquid
881 3160 995 3198 esse
1034 3151 1206 3215 potest
1247 3145 1546 3217 simplIcius
1585 3153 1637 3200 et
1675 3149 1752 3201 rei
1790 3145 2229 3202 convenientius?
2292 3147 2386 3200 Pa-

410 3237 516 3290 lam
571 3239 652 3289 est
704 3232 796 3302 qui
849 3230 1049 3285 factum
1092 3232 1196 3295 Sit,
1256 3239 1314 3286 ut
1366 3232 1683 3300 εὐξόμεσθοο,
1739 3234 1990 3300 ὲξόμεσθοο
2031 3240 2085 3288 et
2138 3234 2389 3301 ἓζόμεσθοο

413 3320 886 3377 confunderentur.
966 3319 1182 3373 Nullum
1222 3328 1301 3374 est
1343 3322 1642 3392 scripturae
1681 3338 1850 3392 genus
1892 3323 1945 3375 in
1985 3338 2090 3393 quo
2123 3339 2224 3375 non
2269 3322 2300 3389 ζ
2338 3328 2392 3376 et

415 3411 447 3475 ξ
484 3409 878 3482 ineptissimum
918 3408 970 3459 in
1011 3407 1224 3462 modum
1263 3410 1707 3480 permisceantur.
1787 3410 2095 3472 Nascuntur
2134 3411 2211 3464 sic
2245 3427 2391 3464 mon·

416 3507 530 3554 stra
577 3506 630 3553 et
682 3503 926 3568 portenta
971 3495 1295 3560 lectionum,
1350 3497 1441 3553 sed
1482 3498 1613 3552 nihil
1654 3516 1714 3553 ea
1752 3516 1838 3553 res
1878 3499 2178 3553 scribarum
2227 3499 2393 3553 natio·

417 3604 535 3641 nem
579 3592 788 3648 movet,
843 3585 931 3654 qui
977 3584 1025 3636 in
1073 3584 1333 3656 Hesychio
1375 3586 1632 3642 ‹letierunt
1677 3585 1838 3651 ἱξοὶνει
1879 3604 1973 3658 pro
2013 3586 2170 3654 ἱζάνει
2212 3594 2264 3642 et
2304 3606 2392 3640 κοι-
