2436 4068
3 1782 17 1891 ἰ

1 1901 30 1996 l

1043 195 1143 247 241

116 347 358 416 τερέξατο
399 358 493 415 pro
532 344 652 396 κατ’
690 340 770 410 ἀρ’
807 340 946 410 ἕζετο
988 349 1042 395 et
1079 338 1307 404 αὔξοντα
1342 338 1410 393 ΙΙ.
1453 354 1571 409 pag.
1608 339 1734 393 505.
1793 355 1889 409 pro
1929 334 2100 402 λύζον-

113 457 220 500 τα,
259 431 535 502 multaque
572 430 770 484 similia
810 431 1042 502 passim,
1083 436 1144 482 ut
1186 428 1241 482 in
1279 428 1376 482 hac
1418 427 1533 500 ipsa
1570 424 1846 497 Euripidis
1886 425 2064 482 sabula
2087 469 2100 491 ‚

114 525 169 577 in
211 538 316 594 qua
352 535 634 575 versamur
674 534 751 572 vs,
794 522 921 573 495.

412 608 528 662 οὔτε
569 606 674 672 γὰρ
708 605 867 659 τέκνα
927 603 1163 672 Σφάζειν
1202 601 1277 657 δ’δ’
1315 605 1474 658 αὑτοῦ
1513 607 1704 673 φησιν,

113 694 479 767 reponendum
517 710 633 748 esse
668 690 891 761 σφάξειν
928 691 1087 746 multi
1121 690 1403 753 viderunt,
1445 690 1677 746 editores
1707 706 1812 744 non
1851 689 2099 746 audiunt.

113 783 250 838 Hinc
290 783 453 838 etiam
496 781 635 836 ἑπτά
674 787 728 835 et
764 778 1012 844 ἐξήκοντα
1046 779 1225 834 locum
1269 780 1411 833 inter
1452 796 1506 833 se
1546 786 1761 833 mutant
1803 778 1867 853 (ζ’
1908 786 1960 833 et
1999 777 2101 851 ξ’),

114 877 175 926 ut
213 870 356 942 apud
396 870 548 925 Dion.
590 868 759 923 Halic.
798 868 891 922 ΙΙΙ.
931 871 1020 922 32.
1062 868 1202 922 ἓπτά
1238 867 1326 921 καὶ
1362 866 1545 920 ἑκατόν
1586 883 1682 937 pro
1717 867 1965 932 ἑξήκοντα
2011 869 2100 923 καὶ

112 958 327 1022 ἑκατόν,
382 965 437 1013 et
488 956 580 1012 alii
634 955 791 1011 multi
846 972 1056 1011 errores
1110 956 1518 1028 suscipiuntur,
1573 971 1638 1008 ex
1689 955 1885 1026 quibus
1933 973 2102 1011 unum

29 1086 33 1090 „
111 1047 273 1103 etiam
313 1045 564 1102 adiiciam
605 1043 672 1099 ad
713 1043 1123 1117 Aristophanem
1174 1061 1356 1098 meum
1412 1048 1688 1114 pervetere
1746 1044 1938 1097 mendo
1978 1044 2102 1100 libe-

112 1133 343 1190 randum
391 1135 445 1189 in
501 1132 938 1188 Acharnensibus
979 1137 1087 1189 752
1142 1149 1294 1205 sqq.,
1355 1130 1445 1185 ubi
1506 1131 1715 1201 roganti
1772 1132 1827 1186 τί
1876 1133 1920 1186 δ’
1967 1131 2101 1188 ἀλλο

43 1270 45 1275 ,
114 1222 361 1292 πράττεθ’
400 1224 444 1276 οἱ
481 1226 736 1290 Μεγαρῆς
780 1225 897 1283 νῦν;
935 1220 1219 1293 respondet
1257 1219 1614 1291 Megarensis:

411 1309 508 1364 ὅκα
546 1311 642 1376 μὲν
681 1310 812 1375 ἐγὼν
851 1310 1065 1372 τηνῶθεν
1103 1308 1463 1376 ἐμπορευόμαν

413 1397 590 1466 ἀνδρες
629 1398 903 1467 πρόβουλοι
941 1400 1083 1452 τοῦτ’
1123 1397 1376 1467 ἔπραττον
1415 1404 1481 1465 τῇ
1518 1397 1698 1459 πόλει,

411 1483 546 1549 ὅπως
587 1486 797 1554 τάχιςα
835 1486 923 1541 καὶ
963 1487 1136 1544 κάκις·’
1176 1485 1518 1551 ἀπολοίμεθα.

112 1574 203 1629 cui
245 1572 332 1629 ille
370 1574 735 1630 subsannans:

409 1663 583 1718 αὐτίκ’
624 1662 704 1733 ἀρ’
743 1663 1124 1728 ἀπαλλάξεσθε
1165 1663 1529 1733 πραγμάτων,

31 1790 37 1794 -
111 1750 167 1805 in
205 1749 291 1805 his
332 1752 379 1805 si
415 1752 538 1823 quis
571 1760 718 1808 recte
757 1754 959 1824 cogitat
1009 1751 1312 1824 displicebit
1349 1749 1763 1815 ἀπαλλάξεσθεε
1806 1755 2105 1826 requiritur

110 1838 254 1894 enim
295 1840 503 1894 ἐπειδὰν
542 1838 695 1904 ἅπαξ
746 1840 1012 1904 ἀπόλησθε
1047 1839 1379 1908 πραγμάτων
1430 1841 1840 1907 ἀπηλλαγμένοι
1883 1842 2058 1899 ἔσεσθε
2081 1886 2096 1909 ,

107 1942 214 1981 non
251 1929 710 1995 ἀπαλλαγήσεσθε
751 1930 864 1984 sive
900 1928 1299 1993 ἀπαλλάξεσθε.
1338 1928 1449 1982 Hoc
1482 1928 1658 1999 ipsum
1695 1931 1949 1986 restitues
1984 1949 2100 1988 mu·

107 2021 223 2070 tata
262 2032 371 2071 una
402 2016 571 2072 vocali
605 2016 828 2089 legendo
854 2017 1250 2083 ἀπηλλάξεσθε.
1331 2016 1690 2071 Dubitabatur
1729 2017 1855 2072 olim
1897 2030 2099 2077 essent-

107 2120 176 2158 ne
216 2102 523 2160 huiusmodi
566 2105 768 2161 formae
806 2107 860 2160 in
915 2123 1017 2161 usu
1071 2107 1126 2160 in
1181 2105 1358 2162 verbis
1395 2122 1426 2160 a
1466 2105 1634 2160 vocali
1689 2106 2098 2179 incipientibUS‚

106 2190 200 2246 sed
241 2190 444 2248 dudum
485 2192 630 2248 hunc
669 2194 983 2266 scrupulum
1018 2201 1167 2250 certa
1201 2193 1442 2266 exempla
1475 2201 1807 2249 exemerunt.
1886 2195 1946 2250 In
1983 2197 2096 2252 Pla-

32 2332 35 2340 ,
106 2279 248 2334 tonis
284 2280 574 2353 Protagora
613 2299 662 2354 p.
693 2286 802 2338 558
842 2282 897 2337 C.
951 2299 1017 2338 ex
1057 2283 1275 2355 optimis
1308 2282 1459 2337 libris
1498 2300 1624 2338 vera
1657 2284 1928 2356 scriptura
1966 2285 2096 2342 haec

32 2389 39 2429 t
105 2365 322 2422 tandem
360 2368 584 2440 prodiit:
626 2371 732 2426 εἴτε
771 2372 877 2440 γάρ
916 2372 1101 2441 χείρων
1135 2374 1277 2438 ἡμῶν
1310 2370 1426 2428 ἔςαι
1465 2372 1730 2440 ὂαὶρεθεὶς
1763 2372 1869 2428 εἴτε
1904 2372 2094 2440 ὅμοιος-

32 2476 40 2510 z
109 2454 168 2509 ἐκ
225 2463 465 2525 περιττοῦ
522 2461 798 2527 ᾖρήσεται,
855 2459 1086 2515 absurde
1145 2459 1422 2531 legebatur
1476 2468 1635 2517 antea
1693 2463 1986 2531 εἰρήσεται,
2042 2473 2097 2520 et

102 2542 242 2615 quod
283 2543 410 2600 olim
462 2546 767 2620 Stephanus
814 2547 1104 2620 reponebat
1161 2550 1486 2616 αἱρεθήσεται
1542 2556 1651 2605 tam
1707 2551 1961 2607 vitiosum
2013 2561 2092 2608 est

105 2638 268 2704 atque
326 2650 471 2696 nunc
532 2644 615 2692 est
673 2636 1053 2702 ἀπαλλάξεσθε
1106 2636 1247 2709 apud
1307 2637 1601 2693 Comicum.
1699 2639 2097 2711 Requirebatur

103 2721 344 2789 ἡρημένος
383 2723 497 2781 ἔςαι
548 2732 603 2781 el.
646 2724 699 2779 id
754 2727 930 2799 ipsum
982 2726 1210 2784 ἀττικιςὶ
1267 2725 1473 2781 dictum
1519 2734 1600 2782 est
1655 2728 1917 2796 ᾑρήσεται.
1994 2730 2091 2786 De-

103 2809 410 2866 mosthenes
459 2812 525 2868 de
565 2814 623 2869 F.
664 2814 719 2868 L.
763 2830 812 2886 p.
849 2817 991 2880 432,
1035 2819 1120 2869 17.
1176 2813 1242 2868 de
1297 2814 1583 2870 Timarcho
1622 2815 1845 2888 loquens
1900 2818 1976 2872 ita
2015 2818 2092 2873 di-

102 2897 203 2953 cit:
255 2901 385 2954 ἀλλ’
430 2902 454 2955 ὁ
493 2904 589 2967 μὲν
628 2904 956 2970 ταλαίπωρος
1007 2904 1296 2969 ἠτίμωται,
1338 2903 1502 2972 τούτῳ
1541 2905 1584 2959 δ’
1626 2905 1767 2974 ἀθῴῳ
1807 2905 1984 2961 δώσετ’
2019 2904 2090 2960 εἶ-

103 3005 223 3051 ναις
266 2989 344 3043 sic
383 3006 567 3045 omnes
607 2998 820 3063 praeter
859 3008 1024 3046 unum
1062 2992 1321 3046 eximium
1366 2991 1402 3047 S
1438 2994 1773 3058 Parisinum‚
1815 2995 1907 3066 qui
1949 2995 2094 3050 solus

105 3077 465 3132 necessarium
511 3078 731 3151 pei-secti
776 3079 1021 3135 futurum
1075 3078 1227 3134 nobis
1267 3082 1499 3135 servavit
1548 3084 1896 3148 ἠτιμώσεται,
1951 3085 2093 3155 quod

105 3162 150 3216 si
185 3164 308 3235 quis
330 3165 531 3222 sollerti
566 3168 875 3223 coniectura
918 3168 1274 3240 excogitasset
1315 3186 1537 3240 ecquem
1579 3172 1625 3225 ei
1662 3169 1816 3225 facilc
1857 3172 2089 3226 ereditu-

105 3265 227 3306 rum
276 3252 440 3309 fuisse
493 3256 690 3327 putes?
771 3258 829 3312 ln
887 3257 1252 3330 Xenophontis
1306 3257 1594 3314 Hellenicis
1633 3259 1695 3315 V.
1741 3277 1775 3313 1.
1824 3264 1907 3313 14.
1963 3259 2088 3328 legi-

37 3401 42 3412 ⁴
106 3345 222 3395 tur:
265 3340 295 3404 ἱὶ
326 3362 392 3407 γε
432 3346 534 3409 μὴν
568 3345 691 3413 θύρα
722 3349 751 3409 ἧ
791 3347 891 3411 ἐμὴ
926 3347 1147 3415 ἀνέῳκτο
1180 3347 1275 3412 μὲν
1312 3348 1470 3410 δήπου
1507 3348 1594 3401 καὶ
1630 3348 1842 3416 πρόσθεν
1880 3349 2085 3403 εἷσιέναι

106 3430 175 3493 τῷ
215 3428 428 3500 δεομένῳ
466 3454 516 3487 τι
557 3435 716 3499 ἐμοῦ,
770 3434 1048 3502 ἀνεῴξεται
1089 3437 1140 3491 δὲ
1181 3436 1267 3490 καὶ
1308 3441 1428 3499 νῦν,
1483 3436 1572 3490 ubi
1625 3436 1781 3491 multi
1829 3435 1948 3490 libri
1992 3453 2086 3508 pro

107 3518 402 3571 necessario
420 3521 730 3589 ἀνεῴξεται,
756 3523 976 3594 patebit,
1018 3524 1558 3593 οΧΙιίὴοηιάνέῳκται.
1603 3522 2086 3596 Deprelienduntur

106 3603 344 3670 scribae,
389 3614 445 3662 ut
485 3609 665 3674 videS,
721 3613 772 3666 in
819 3612 1222 3685 interpolatione
1274 3613 1573 3669 manifesta.
1663 3614 1939 3668 Praeterea
1993 3630 2089 3686 pro
