2436 4068
1347 215 1449 263 754

639 363 704 413 A}
745 359 807 412 τὺ
847 360 971 421 ἐμεῦ
1011 357 1219 421 Λιβύαν
1258 358 1586 426 μαλοτρόφον
1623 356 1761 421 οἶδας
1802 360 2006 426 ἄμεινον

638 449 710 511 μη
752 446 901 498 ἐλθὼν
943 444 1203 509 ἐλθόντος,
1244 443 1387 508 atym
1428 445 1642 511 ἄγαμαι
1683 448 1871 514 σοφίαν
1910 470 2034 513 σευ,

415 537 559 609 (nam
601 535 714 596 sic,
776 550 876 586 non
920 533 1122 599 Λιβύην
1163 534 1484 601 μηλοτρόφον
1526 542 1579 587 et
1619 536 1800 603 σοφίην
1841 537 1896 589 in
1937 536 2150 590 oraculo
2186 539 2374 595 Dorice

410 623 552 677 edito
591 620 954 692 scribendum)
999 628 1050 674 et
1091 621 1167 674 sic
1207 637 1362 691 saepe
1404 622 1572 675 solent
1608 623 1700 692 qui
1741 625 2061 694 exquisitius
2097 626 2372 693 scribunt,

411 711 559 764 Plato
599 717 721 763 ante
757 725 956 762 omnes,
1038 709 1494 775 Quemadmodum
1550 711 1717 780 igitur
1766 712 1821 763 in
1872 711 1960 764 illa
1999 711 2167 767 forma
2204 714 2372 770 additi

409 798 624 852 articuli
665 799 959 851 orationem
1011 797 1267 851 soloecam
1307 797 1576 861 efficiunt,
1634 801 1711 852 sic
1752 801 1805 852 in
1845 799 1944 853 hac
1987 818 2212 872 quoque.
2291 803 2373 870 Ex

408 887 493 940 his
547 887 744 957 optime
811 885 1084 940 emendari
1146 887 1343 956 poterit
1404 886 1550 940 locus
1611 887 1845 940 Platonis
1911 889 1966 941 in
2035 890 2374 963 Euthydemo

407 993 528 1047 pag.
572 979 695 1029 295.
739 975 798 1028 E.
844 975 932 1028 ubi
973 974 1183 1028 editur:
1245 976 1306 1028 σὺ
1347 975 1450 1041 γαρ
1491 973 1697 1036 παντως
1739 995 1835 1028 που
1875 976 2088 1031 κώλλιον
2124 979 2372 1035 ἐπίςασαι

406 1064 740 1128 διαλέγεσθαι
799 1064 851 1134 [ἢ
905 1063 1028 1135 ἐγὼ]
1075 1062 1264 1129 τέχνην
1318 1062 1451 1130 ἔχων
1491 1063 1684 1117 ἰδιώτου
1723 1064 1994 1130 ανθρώπου.
2074 1065 2374 1120 Emendan-

408 1151 536 1205 dum
591 1159 672 1206 est
728 1152 790 1205 σὺ
849 1152 953 1218 γαρ
1010 1149 1216 1210 παντως
1281 1152 1430 1214 ἐμοῦ
1489 1150 1702 1205 κάλλιον
1766 1153 1981 1206 δύνασαι
2040 1152 2429 1218 διαλέγεσθαι

406 1241 595 1308 τέχνην
633 1241 765 1308 ἔχων
799 1241 990 1293 ἰδιώτου
1023 1241 1292 1305 ανθρώπου.
1376 1238 1511 1305 Quid
1553 1255 1614 1292 eo
1650 1238 1814 1293 facias
1845 1241 1937 1310 qui
1974 1241 2002 1303 ἢ
2043 1241 2144 1305 ἐγώ
2186 1241 2250 1295 de
2280 1259 2375 1296 suo

405 1329 677 1383 inseruit?
760 1328 846 1382 Sic
900 1329 1068 1398 igitur
1107 1326 1236 1380 haec
1294 1334 1689 1397 componuntur
1730 1344 1829 1399 pro
1879 1329 1942 1383 σὺ
1994 1328 2186 1397 τέχνην
2237 1328 2372 1397 ἔχων
2418 1343 2433 1390 χ

406 1416 620 1470 κώλλιον
661 1417 782 1481 ἐμοῦ
823 1416 1015 1469 ἰδιώτου
1056 1417 1325 1482 ανθρώπου.
2415 1479 2431 1489 ι,

479 1506 693 1559 Lacuna
731 1503 1007 1557 manifesta
1050 1511 1131 1557 est
1171 1505 1225 1556 in
1260 1501 1348 1557 XI.
1393 1507 1442 1556 5.
1498 1509 1617 1573 post
1658 1503 1819 1557 verba
1858 1504 2289 1570 πολεμικωτάτην
2328 1507 2372 1560 δ’

404 1590 570 1658 εἶναι,
611 1609 732 1645 nam
776 1609 910 1662 quae
944 1598 1247 1662 sequuntur
1287 1591 1350 1645 de
1388 1591 1565 1662 clypeo
1605 1590 1742 1654 dici,
1779 1591 2110 1646 demonstrat
2149 1593 2372 1649 verbum
2428 1635 2429 1638 ,

404 1681 799 1748 λαμπρύνεται,
842 1679 980 1750 quod
1028 1679 1091 1733 de
1130 1680 1293 1732 armis
1342 1679 1574 1742 dicitur,
1633 1678 1698 1733 de
1747 1679 1906 1733 lorica
1943 1681 2284 1751 potissimum
2322 1691 2376 1738 et
2414 1692 2417 1693 ’

406 1770 472 1825 de
512 1770 724 1841 clypeo,
766 1768 870 1821 vid.
914 1767 1046 1822 Hell.
1083 1768 1194 1821 VII.
1240 1786 1284 1820 v.
1328 1771 1416 1822 20.

481 1859 646 1913 Multa
678 1859 836 1911 etiam
878 1856 981 1909 alia
1017 1862 1142 1909 sunt
1187 1857 1238 1909 in
1279 1873 1392 1926 cap.
1422 1855 1509 1910 XI.
1551 1862 1805 1926 corrupta
1849 1862 1900 1910 et
1934 1856 2222 1928 impedita,
2256 1859 2370 1930 qui·

405 1947 507 2001 bus
546 1944 888 2017 expediendis
937 1943 1181 2004 τακτικός
1227 1965 1305 2002 τις
1355 1943 1440 1997 καὶ
1493 1945 1803 2010 ςρατηγικὸς
1857 1946 1978 2012 οὶνήρ
2039 1946 2429 2018 requiritur,

403 2035 495 2090 sed
540 2033 791 2088 mendum
835 2050 899 2086 ex
942 2035 970 2102 ᾗ
1010 2037 1061 2087 8.
1105 2033 1262 2085 etiam
1301 2030 1787 2099 απερισοέλπιγκτός
1827 2052 1905 2092 τις
1947 2031 2130 2087 tollere
2178 2040 2368 2105 potest.
2398 2028 2436 2101 '4

404 2123 599 2178 Editur
650 2123 765 2176 sine
817 2137 1010 2175 sensu:
1067 2118 1189 2175 όταν
1242 2120 1335 2184 μὲν
1390 2121 1494 2186 γαρ
1553 2120 1635 2173 ἔπι
1685 2119 1836 2187 κέρως
1891 2121 2196 2187 πορεύωνται
2252 2124 2371 2177 κατ’
2409 2110 2436 2214 Ξ

403 2213 551 2280 οὐραν
591 2212 749 2274 δηπου
790 2211 1041 2274 ἐνωμοτία
1084 2209 1110 2235 '⁴‘
1150 2206 1352 2262 ἕπεται.
1431 2208 1519 2261 Bis
1551 2209 1811 2279 scriptum
1855 2207 2170 2263 vocabulum
2207 2188 2420 2292 semel?

402 2302 662 2354 omissum
701 2305 812 2352 est:
855 2298 1039 2368 supple
1080 2297 1328 2361 ἐνωμοτία
1373 2295 1663 2367 (ἐνωμοτία)
1705 2293 1922 2360 ἕπεται,
1960 2303 2012 2350 et
2053 2298 2228 2352 omnis
2269 2299 2418 2353 erit

401 2389 611 2444 sublata
652 2385 953 2440 difficultas
1035 2384 1207 2455 Supra
1260 2384 1314 2436 in
1372 2386 1400 2453 ᾗ
1442 2387 1491 2437 6.
1548 2382 1763 2440 malim:
1804 2390 1909 2444 τοῖς
1952 2384 2046 2448 μὲν
2082 2404 2188 2453 γαρ
2229 2389 2371 2451 ἡγεῖ.
2403 2269 2436 2455 ii

402 2479 516 2532 σθαι
567 2476 799 2537 δέδοται,
855 2493 960 2533 τοις
1015 2473 1066 2525 δὲ
1122 2468 1335 2525 ἕπεσθαι
1389 2471 1893 2538 προστέτακται
1947 2489 2041 2543 pro
2096 2472 2368 2528 τέτακται.
2400 2457 2436 2551 ῗξ

406 2565 676 2635 Scriptum
719 2567 833 2615 erat
878 2560 1197 2624 δτέτακται,
1238 2566 1291 2613 et
1330 2560 1419 2613 isti
1461 2561 1787 2630 incognitam
1823 2560 1923 2613 sibi
1966 2562 2402 2633 praepositionis
2399 2543 2436 2628 ἐξ

403 2654 522 2721 πρός
569 2651 758 2758 siglam
798 2649 1113 2703 omiserunt.
1191 2647 1391 2702 Deinde
1438 2648 1612 2702 scribe
1657 2664 1804 2701 more
1851 2649 2028 2702 Attico
2066 2669 2120 2703 αι
2178 2650 2230 2704 δὲ
2265 2670 2368 2704 πα·
2402 2637 2436 2726 {¹

402 2761 640 2810 pocycoyoct
693 2737 904 2803 ώσπερ
955 2737 1076 2790 ὑπὸ
1126 2738 1406 2803 κήρυκος
1457 2741 1546 2790 τοῦ
1596 2735 2048 2803 ἐνωμοταρχου
2110 2736 2250 2804 λόγῳ
2289 2728 2409 2814 Bm}

401 2833 640 2891 λοῦνται,
694 2826 758 2880 de
796 2842 900 2896 quo
955 2842 1148 2895 genere
1196 2824 1443 2895 loquendi
1491 2841 1646 2894 saepe
1699 2841 1728 2876 a
1768 2824 2042 2878 Graeculis
2087 2819 2425 2884 obscurato

402 2917 573 2973 multa
608 2916 663 2967 in
699 2915 874 2984 priore
915 2920 1064 2984 parte
1104 2901 1494 2967 annotavimus,
1577 2911 1793 2966 Scribae
1832 2914 1993 2966 etiam
2042 2911 2129 2966 hic
2180 2929 2368 2968 secun-
2390 2935 2436 2988 '2⁹

401 3005 522 3059 dam
562 3002 1006 3074 praepositionem
1051 3017 1330 3072 perperam
1373 3002 1750 3054 inseruerunt:
1806 3000 1970 3067 ὥσπερ
2017 3001 2111 3054 ὑπὸ
2159 2986 2436 3088 κηρυκοςῖ

395 3091 549 3166 [ὑπὸ]
595 3093 684 3144 τοῦ
725 3089 1098 3156 ἐνωμοτάρχου.
1178 3089 1238 3142 In
1294 3091 1322 3158 §
1365 3093 1415 3142 8.
1458 3087 1629 3143 obiter
1668 3104 1763 3159 pro
1811 3089 1867 3141 ἐκ
1911 3091 2000 3141 τοῦ
2038 3087 2239 3142 οπισθεν
2285 3105 2363 3143 re·

398 3197 534 3254 pone
571 3179 810 3233 Atticum
851 3177 908 3229 ἐκ
950 3176 1233 3230 τοῦπισθεν.

475 3269 536 3323 In
583 3284 701 3338 cap.
738 3263 878 3321 XIII.
923 3266 973 3316 2.
1029 3265 1207 3328 λαβὼν
1248 3265 1270 3316 ὃ
1310 3263 1560 3331 πυρφόρος
1599 3267 1698 3330 πῦρ
1736 3265 1840 3317 οέπὸ
1875 3267 1963 3317 τοῦ
2004 3264 2184 3329 βωμοῦ
2220 3284 2362 3332 προη·
2433 3279 2436 3329 ξ

399 3364 574 3424 γεῖται
619 3355 700 3408 ἐπὶ
737 3354 808 3407 τα
847 3351 954 3419 δ’ρια
994 3358 1085 3413 τῆς
1134 3351 1325 3417 χώρας.
1367 3353 1389 3403 o‘
1429 3352 1480 3404 δὲ
1515 3351 1769 3415 βασιλεὺς
1821 3352 1930 3404 ἐκεῖ
1965 3348 2033 3406 αὖ
2066 3352 2239 3406 θύεται
2277 3351 2360 3406 Διὶ

400 3445 486 3499 καὶ
532 3444 740 3512 Ἀθηνᾷ.
797 3438 919 3495 ὅταν
978 3439 1029 3492 δὲ
1080 3440 1277 3505 οὲμφοῖν
1327 3438 1520 3491 τούτοιν
1555 3445 1660 3492 τοῖν
1711 3440 1835 3491 θεοῖν
1889 3441 2194 3509 καλλιερηθῇ
2242 3439 2358 3494 τότε
2431 3475 2433 3498 ι

398 3531 654 3597 διαβαίνει
699 3528 793 3599 [τα
833 3524 940 3594 ὅρια
976 3532 1068 3587 τῆς
1099 3526 1296 3597 χώρας]
1322 3566 1335 3588 ,
1375 3541 1619 3595 expunge
1659 3525 1795 3580 male
1835 3543 1864 3580 e
1900 3529 2093 3582 vicinis
2131 3545 2159 3581 a
2199 3526 2357 3582 sciolo
2430 3560 2436 3581 0

399 3620 658 3691 repetita,
721 3631 855 3686 quae
912 3617 1088 3686 inepte
1137 3612 1408 3668 abundant
1459 3620 1509 3667 et
1565 3630 1721 3669 aures
1775 3614 2066 3670 offendunt.
2148 3615 2225 3668 Ex
2280 3614 2360 3667 his
2431 3649 2436 3664 2
