2436 4068
1291 242 1395 280 XXH

358 399 524 454 aequo
576 383 753 436 animo
807 381 952 443 sero,
1013 381 1057 434 si
1096 379 1397 452 petulanter
1451 385 1503 433 et
1552 386 1797 451 proterve
1849 388 2015 452 agunt
2074 380 2216 434 rideo
2274 387 2326 433 et

358 491 665 548 contemnO,

656 583 715 636 τὸ
756 582 858 649 γὰρ
901 579 1141 644 ὀξύθυμον
1181 582 1330 633 τοῦτο
1371 579 1456 633 κοιὶ
1497 580 1616 634 λίοον
1655 580 1830 648 πικρόν

657 683 831 747 δεῖγμ’
872 679 976 736 ἐςὶν
1016 679 1159 740 εὐθὺς
1200 683 1330 734 πᾶσι
1371 681 1742 749 μικροψυχίας.

353 789 414 836 ut
454 782 740 836 Menander
794 780 928 834 dixit
967 784 1020 832 et
1058 779 1199 833 vitae
1249 796 1379 833 usus
1420 780 1716 834 confirmat.
1800 779 1963 835 Probe
2015 780 2125 834 scio
2165 795 2325 851 quam

353 882 486 936 nihil
529 881 737 936 valeant
770 879 1053 934 maledicta
1091 886 1143 933 et
1185 880 1448 943 convicia,
1489 880 1683 951 quibus
1719 897 1875 934 nemo
1907 880 2081 933 utitur
2116 887 2330 951 praeter

354 999 441 1036 eos
482 984 574 1054 qui
626 980 761 1034 nihil
816 979 960 1035 aliud
1014 979 1212 1034 habent
1251 980 1391 1051 quod
1443 979 1640 1034 dicant.
1721 981 2075 1035 Verissimum
2130 986 2209 1033 est
2243 997 2329 1034 me

352 1082 529 1136 iudice
589 1081 728 1153 quod
790 1080 1062 1135 Philemon
1134 1080 1269 1135 dixit
1343 1081 1512 1154 (apud
1569 1081 1840 1136 Plutarch.
1900 1082 1964 1135 de
2021 1082 2139 1135 aud.
2196 1088 2328 1153 poe‘l.

356 1200 404 1254 p.
440 1187 526 1237 55.
568 1182 631 1238 D.
676 1188 729 1237 et
770 1180 1057 1236 Stobaeum
1107 1181 1162 1234 in
1204 1180 1386 1234 Floril.
1428 1181 1565 1235 XIX.
1613 1181 1695 1254 2):

729 1283 857 1347 ἥδιον
897 1282 1032 1336 οὐδὲν
1072 1283 1181 1336 οὐδὲ
1221 1283 1584 1350 μουσικώτερον

727 1381 835 1436 ἔστ’
875 1383 903 1446 ἢ
945 1382 1187 1437 δύνασθαι
1228 1384 1595 1450 λοιδορούμενον
1635 1384 1822 1453 φέρειν.

350 1483 541 1539 deinde
577 1482 781 1536 addidit
826 1483 1027 1555 aliquid
1066 1491 1221 1556 poeta
1258 1484 1467 1556 lepidus
1506 1491 1559 1538 et
1597 1502 1773 1539 mores
1811 1485 2087 1540 bominum
2127 1487 2326 1556 optime

350 1591 658 1657 perspectos
699 1583 921 1647 habenS,
963 1583 1103 1655 quod
1153 1601 1313 1655 quam
1357 1585 1426 1638 sit
1465 1601 1652 1639 verum
1697 1601 2097 1656 nonnumquam
2139 1587 2326 1658 etipse

348 1687 402 1738 in
445 1686 566 1738 sinu
607 1683 789 1738 ridens
828 1691 1079 1755 expertus
1120 1700 1256 1738 sum.
1337 1684 1469 1738 Vide
1506 1685 1560 1738 id
1597 1684 1736 1756 apud
1779 1686 1971 1756 ipsum.
2026 1686 2325 1740 *Abstinea-

347 1802 469 1839 mus
512 1786 681 1856 igitur
721 1801 909 1838 censeo
950 1784 1146 1838 odiosis
1188 1785 1686 1850 criminationibus,
1729 1802 1864 1856 quae
1898 1785 1972 1839 nil
2013 1785 2218 1841 faciunt
2258 1786 2323 1840 ad

343 1904 455 1941 rem
496 1892 548 1940 et
586 1887 851 1940 neminem
898 1892 1111 1939 movent
1148 1891 1199 1939 et
1238 1885 1547 1940 auctoribus
1588 1886 1701 1940 suis
1742 1887 1796 1939 in
1839 1887 2015 1958 capita
2054 1886 2318 1942 recidunt.

346 1985 617 2058 Quidquid
658 1993 897 2040 erratum
937 2002 968 2039 a
1008 2001 1345 2056 quocumque
1385 1991 1466 2040 est
1507 2002 1698 2058 magna
1754 2003 1876 2040 cum
1929 1987 2174 2042 libertate
2213 2005 2323 2042 om·

345 2106 438 2144 nes
474 2088 900 2158 redarguamuS,
941 2087 1102 2140 etiam
1146 2087 1381 2149 acriter,
1425 2088 1470 2140 si
1513 2088 1601 2141 cui
1642 2089 1716 2140 ita
1750 2087 1958 2159 plac-et,
1999 2095 2091 2143 aut
2116 2090 2317 2151 iocose,

343 2192 385 2244 si
432 2192 552 2261 quis
592 2195 674 2243 est
714 2188 927 2258 ingenio
965 2186 1222 2251 hilarior,
1263 2204 1450 2242 verum
1490 2188 1804 2243 obtrectatio
1845 2188 2020 2254 absit,
2064 2189 2202 2243 absit
2241 2191 2320 2243 in-

341 2290 485 2344 vidia
524 2296 576 2344 et
613 2288 810 2342 odium.
890 2286 1228 2359 Exprobrare
1269 2287 1404 2341 mihi
1443 2304 1605 2342 ausus
1644 2295 1724 2342 est
1761 2287 1955 2359 aliquis
1996 2289 2135 2360 quod
2188 2290 2319 2343 Bad-

341 2392 500 2447 hamo
542 2391 723 2445 nescio
763 2406 923 2460 quam
966 2389 1351 2443 correctionem
1395 2387 1536 2443 furto
1571 2389 1924 2460 sublegerim,
1958 2397 2009 2444 et
2051 2392 2314 2463 suspicari

343 2510 398 2548 se
449 2492 585 2546 dixit
638 2491 819 2563 plures
875 2490 1006 2544 alias
1057 2489 1453 2545 emendationes
1502 2489 1702 2544 alienas
1757 2507 1843 2544 me
1898 2491 2172 2547 venditare
2221 2510 2317 2564 pro

342 2595 491 2648 meiS.
573 2592 742 2659 Quam
777 2599 832 2645 tu
873 2593 984 2663 ipse
1022 2592 1186 2646 istum
1223 2591 1491 2645 hominem
1529 2597 1866 2656 contemnes,
1908 2593 1983 2646 mi
2017 2593 2317 2660 Badhame,

341 2697 386 2750 si
429 2693 638 2766 quando
677 2693 808 2747 haec
839 2692 1000 2764 leges.
1082 2692 1231 2747 Nosti
1273 2691 1404 2746 illud
1444 2691 1720 2746 hominum
1758 2710 1927 2765 genus
1967 2695 2104 2766 quod
2147 2713 2311 2767 quum

341 2798 394 2850 in
447 2795 598 2849 Italia
653 2812 759 2849 una
799 2810 1037 2849 essemus
1092 2795 1305 2865 saepius
1353 2795 1590 2848 suaviter
1644 2795 1883 2851 risimus,
1965 2796 2190 2851 Gravius
2231 2815 2316 2852 me

300 2901 304 2903 ’
342 2902 636 2950 commovet
695 2894 830 2966 quod
902 2894 967 2948 ad
1030 2894 1295 2949 Cleaeneti
1363 2894 1657 2949 versiculos
1727 2895 1867 2967 apud
1929 2896 2071 2951 Stob.
2133 2898 2312 2952 Floril.

341 2995 518 3050 XCIX.
563 2999 624 3050 2:

640 3095 780 3157 λύπη
821 3096 925 3162 γὰρ
965 3097 1088 3162 ὀργή
1128 3098 1176 3149 τ’
1217 3097 1287 3156 εἷς
1328 3093 1418 3149 ἕνοο
1456 3100 1636 3163 ψυχῆς
1677 3096 1829 3150 τόπον

641 3196 855 3250 ἐλθόντοο
894 3197 1058 3262 μοινίοο
1098 3204 1204 3257 τοῖς
1246 3195 1422 3264 ἔχουσι
1463 3197 1744 3262 γίγνεται,

342 3296 635 3352 Meinekius
696 3313 852 3350 senex
919 3295 1238 3349 venerabilis
1298 3297 1601 3350 annotavit:
1660 3294 1916 3369 &simulat
1979 3296 2190 3350 Cobelus
2260 3317 2314 3353 se

343 3399 467 3452 haec
506 3416 606 3452 non
645 3397 972 3468 intelligere,
1026 3397 1275 3451 nimirum
1313 3405 1368 3449 uc
1410 3397 1754 3451 coniecturam
1799 3405 2059 3467 promeret
2102 3399 2311 3470 facilem
2390 3424 2398 3427 ·

343 3519 463 3555 sane
498 3508 545 3554 et
585 3499 864 3571 eleqantem
907 3497 1107 3553 ἐλθόντε
1149 3498 1343 3564 μοινίοιν
1383 3531 1456 3539 -
1495 3499 1759 3561 τίκτετον,
1816 3498 1906 3552 sed
1943 3517 2043 3554 non
2083 3518 2311 3555 necessa-
