2436 4068
1267 177 1373 226 '576

344 326 550 374 stanter
590 335 774 373 omnes
823 318 936 371 sine
990 317 1383 388 praepositione
1421 317 1737 385 αγαλλομαι
1786 323 1874 375 ἐπί
1925 340 2021 375 τινι
2078 322 2317 379 solebant

344 407 556 469 dicere,
598 406 944 478 quamobrem
997 404 1265 470 ἠγάλλετο
1301 406 1664 476 reponendum
1718 425 1833 463 esse
1872 408 2122 464 arbitror.
2202 411 2315 466 Non

342 513 457 550 esse
504 502 682 548 autem
733 493 1061 548 abutendum
1108 492 1240 547 locis
1285 493 1536 548 Veterum
1580 502 1857 566 poetarum
1910 497 1962 549 iu
2019 497 2157 554 lianc
2199 516 2311 554 rem

345 591 397 637 et
438 583 744 653 sequiorum
789 580 1171 636 Graeculorum
1215 581 1303 634 vix
1345 598 1479 652 opus
1519 589 1599 636 est
1641 599 1875 638 monere.

420 670 484 723 ln
525 671 553 739 ᾗ
596 673 681 723 18.
741 673 896 737 Κῦρος
941 671 984 724 εἶ
1025 670 1310 734 ἐβίωσεν
1357 667 1526 737 οἵοις-ος
1575 668 1639 724 ἂν
1678 671 1817 726 δοκεῖ
1849 669 2038 740 ἄρχων
2077 675 2313 739 γενέσθαι

343 757 535 810 vitiosa
577 764 657 811 est
697 756 869 811 forma
906 757 1138 823 ἐβίωσεν.
1217 756 1572 812 Athenienses
1613 758 1902 813 utebantur
1938 759 2126 816 formis
2168 763 2320 830 ἐβίων

345 851 397 899 et
429 845 700 910 βεβίωκας
755 847 936 912 βιῶναι
970 851 1023 899 et
1059 844 1204 911 βιούς
1244 844 1524 899 dicebant:
1575 847 1849 917 sequiores
1891 854 2081 902 contra
2120 848 2320 904 formas

341 933 565 999 ἐβίωσα,
607 935 795 999 βιῶσαι
833 941 886 988 et
919 934 1116 999 βιώσας
1158 932 1520 1004 usurpabant,
1562 941 1620 988 ut
1653 935 1706 988 in
1738 933 1865 989 λοίθε
1902 935 2118 1001 βιώσας.
2198 945 2319 994 Βιῶ-

343 1041 432 1075 σαι
474 1037 571 1092 pro
617 1022 798 1087 βιῶναι
857 1028 909 1075 et
963 1021 1160 1087 βιώσας
1210 1037 1306 1092 pro
1343 1020 1489 1088 βιούς
1539 1038 1642 1075 non
1694 1023 1866 1094 magis
1904 1023 1958 1076 in
2015 1026 2319 1081 Atticorum

343 1108 499 1163 libris
546 1108 763 1164 tolerari
815 1116 1039 1181 possunt
1075 1124 1234 1179 quam
1278 1110 1568 1177 ἀποδρῶσαι
1623 1126 1718 1182 pro
1756 1111 2039 1180 ἀποδρᾶναι
2088 1121 2142 1167 et
2190 1116 2320 1169 ἀπο-

343 1196 537 1265 δράσας
586 1214 683 1269 pro
733 1196 979 1265 ἀποδράς.
1060 1195 1164 1250 Sed
1205 1213 1309 1250 non
1351 1197 1484 1250 satis
1532 1204 1614 1252 est
1653 1199 1695 1251 εἰ
1736 1199 1859 1264 ἐβίω
1910 1217 2196 1272 reponere;
2237 1218 2319 1258 re-

346 1286 501 1358 quiro
541 1287 584 1340 εἰ
633 1286 917 1352 ἐπεβίω,
957 1285 1003 1338 si
1040 1286 1146 1339 vila
1185 1285 1232 1339 ei
1265 1284 1466 1356 lonqior
1504 1284 1784 1357 obliyisset.

434 1373 511 1429 De
566 1373 755 1427 formis
805 1373 1000 1428 Atticis
1058 1374 1273 1438 βιῶναι,
1331 1372 1475 1439 βιούς
1536 1378 1636 1426 etc.
1695 1373 1926 1446 plurima
1999 1378 2323 1449 conquisivit

345 1462 404 1517 G.
442 1461 749 1516 Dindorlius
785 1459 852 1514 ad
894 1459 1074 1532 Steph.
1127 1461 1283 1516 Thes.
1322 1477 1368 1513 v.
1413 1459 1572 1525 Βιόω,
1614 1461 1706 1516 sed
1755 1463 1809 1516 in
1858 1463 1944 1519 his
1984 1465 2143 1536 paulo
2177 1465 2322 1521 festi-

343 1551 564 1604 nantius
612 1549 854 1604 scribens
902 1548 1186 1602 nonnullos
1227 1565 1434 1603 errores
1472 1551 1742 1605 commisit
1780 1558 1834 1606 et
1869 1560 2126 1626 corrupta
2166 1570 2323 1626 quae·

345 1637 468 1692 dam
514 1654 610 1710 pro
658 1637 802 1691 sanis
854 1635 1045 1690 habuit
1092 1643 1145 1691 et
1184 1653 1247 1690 ex
1290 1637 1644 1708 ineptissimis
1687 1639 2008 1710 quibusdam
2050 1642 2323 1714 scriptori·

343 1726 446 1781 bus
496 1725 679 1780 attulit
736 1724 938 1797 aliquid
996 1724 1272 1790 sordium,
1332 1723 1473 1797 quod
1528 1724 1722 1781 melius
1769 1726 2068 1784 abiecisset.
2151 1731 2325 1786 Unum
2412 1763 2413 1767 =

346 1815 464 1869 eius
505 1830 742 1868 errorem
785 1813 1129 1884 redarguam.
1217 1812 1593 1886 »Participium
1634 1813 1843 1887 (aoristi
1882 1816 2104 1872 secundi
2149 1819 2324 1893 ἐβίων)

349 1911 424 1958 est
476 1902 653 1970 βιούς,
714 1902 923 1973 inquit,
974 1902 1122 1955 euius
1159 1918 1310 1955 casus
1364 1901 1555 1974 reliqui
1603 1903 1835 1969 βιόντος,
1886 1905 2087 1971 βιόντι,
2137 1906 2325 1973 βιόντα

347 2009 509 2065 quum
548 2008 649 2044 non
701 1990 804 2044 sint
847 1989 1029 2044 usitati
1073 1989 1138 2043 ab
1180 1989 1369 2042 aorislo
1403 1990 1577 2060 primo
1619 1991 1771 2045 eliam
1817 1991 2020 2047 Veteres
2058 1995 2218 2050 Attici
2248 1995 2324 2049 in·

349 2079 552 2134 lerdum
597 2078 860 2133 auxilium
894 2077 1155 2149 petierunt
1209 2077 1448 2149 quamvis
1487 2079 1667 2132 ceteris
1707 2080 1902 2152 prioris
1940 2081 2120 2136 aorisli
2159 2083 2324 2137 modis

347 2185 502 2239 aeqre
554 2175 766 2222 utentes:
847 2166 1141 2226 Βιώσαντας
1183 2183 1210 2218 e
1248 2164 1486 2218 Platonis
1531 2165 1809 2222 Phaedone
1861 2185 1912 2240 p.
1954 2174 2056 2225 115
2099 2171 2160 2225 D.
2220 2188 2322 2226 me·

347 2263 517 2310 morat
564 2255 944 2318 Βαιιηιαηιιιιε,
1003 2253 1217 2319 ἐβίωσεν
1260 2271 1287 2306 e
1326 2253 1676 2323 Xenophontis
1737 2255 2062 2312 Oeconomico
2103 2258 2191 2312 tv.
2237 2263 2322 2314 18.

2411 2230 2436 2258 ‘¹2

349 2343 498 2398 Adde
536 2344 759 2409 ἐβίωσαν
790 2359 856 2396 ea:
894 2340 1142 2395 Isocratis
1179 2339 1376 2414 Paney.
1418 2358 1468 2413 p.
1504 2346 1570 2397 72
1612 2343 1670 2398 B.
1711 2343 1774 2397 de
1811 2343 1950 2400 Pace
1989 2363 2037 2418 p.
2076 2350 2179 2400 177
2222 2346 2324 2401 A.”

348 2431 612 2498 Ἐβίωσαν
668 2429 733 2484 ad
787 2429 939 2495 ἐβίων
988 2446 1101 2484 esse
1150 2428 1528 2495 referendum,
1571 2436 1630 2484 ut
1667 2430 1899 2497 ἔγνωσαν
1953 2440 2006 2487 et
2058 2432 2295 2490 ἑάλωσαν
2309 2478 2324 2502 ,

348 2536 454 2574 non
495 2518 723 2591 fugisset
761 2518 1096 2572 Dindorfium
1139 2518 1243 2572 nisi
1297 2516 1585 2572 admodum
1641 2518 1959 2576 festinanter
2000 2523 2320 2594 scripsisset.

350 2607 454 2663 Sed
505 2607 618 2662 leve
672 2606 772 2661 hoc
828 2614 939 2661 est:
996 2605 1283 2677 diligenter
1336 2613 1515 2660 autem
1573 2608 1868 2663 notandum
1927 2609 2071 2675 βιούς
2131 2609 2326 2667 hahere

351 2698 618 2763 βιοῦντος,
657 2695 891 2762 βιοῦντι,
930 2696 1149 2762 βιοῦντα
1171 2700 1276 2750 cet.
1338 2694 1471 2748 Mira
1509 2712 1591 2750 res
1625 2703 1734 2760 est,
1770 2696 1860 2751 sed
1903 2699 2204 2752 certissima
2239 2716 2325 2754 res

349 2791 449 2839 est.
530 2784 590 2838 In
646 2782 883 2838 Platonis
936 2784 1066 2855 Rep.
1110 2784 1170 2838 X.
1227 2801 1278 2854 p.
1321 2787 1428 2837 615
1471 2783 1524 2837 C.
1581 2789 1678 2838 τῶν
1730 2783 1782 2838 δὲ
1841 2786 1985 2847 εὐθὺς
2043 2787 2324 2853 γενομένων

348 2872 436 2927 καὶ
481 2872 654 2935 ὀλίγον
693 2871 871 2939 χρόνον
921 2872 1166 2938 βιούντων
1215 2870 1327 2938 πέρι
1380 2869 1527 2925 ἄλλα
1576 2871 1787 2938 ἔλεγεν,
1844 2873 1932 2926 uhi
1990 2873 2172 2929 obiter,
2211 2892 2323 2930 cor·

2404 2423 2418 2483 ἑ,

2414 2498 2419 2515 2

2414 2533 2421 2542 ,

2405 2546 2419 2588 l

2426 2457 2436 2531 l

2431 2534 2436 2567 ι

2403 2715 2436 2794 Τι’

2429 2799 2436 2854 ι

347 2962 465 3032 rige
505 2960 650 3020 εὐθὺς
703 2960 1122 3025 ἀπογενομένων,
1176 2959 1239 3012 de
1272 2959 1339 3011 iis
1379 2959 1469 3030 qui
1511 2960 1684 3014 statim
1741 2961 2080 3016 decesserunt.
2163 2963 2323 3019 Vides

349 3055 529 3103 autem
572 3063 697 3109 eOS‚
743 3048 836 3117 qui
876 3046 1035 3101 breve
1075 3053 1291 3118 tempus
1332 3047 1573 3101 vixerunt
1622 3048 1727 3103 dici
1765 3050 1881 3111 τοὺς
1933 3050 2107 3115 ὀλίγον
2146 3050 2321 3119 χρόνον

347 3138 709 3203 βιοῦντας,
765 3151 866 3188 non
920 3136 1234 3200 βιώσαντας.
1315 3135 1498 3190 isaeus
1539 3137 1592 3189 in
1639 3135 1782 3191 Orat.
1816 3138 1882 3191 Π.
1928 3141 2015 3191 45.
2066 3139 2152 3193 καὶ
2192 3140 2319 3194 ἐκεῖ·
2393 3167 2395 3173 ’

345 3245 422 3279 νον
444 3222 683 3286 ἐπέδειξα
720 3221 838 3289 τρία
873 3223 959 3276 καὶ
1003 3223 1185 3277 εἴκοσιν
1225 3225 1250 3276 ε’
1264 3245 1330 3278 πι
1344 3226 1636 3290 βιοῦντα
1677 3224 1798 3288 ἔτη,
1836 3225 1889 3278 id
1911 3232 1992 3280 est
2031 3227 2196 3298 fuisse
2234 3245 2316 3281 su·

344 3312 630 3383 perstitem.
712 3310 855 3365 Idem
912 3311 964 3363 in
1026 3309 1171 3366 Orat.
1216 3313 1302 3365 VI.
1347 3317 1434 3367 49.
1499 3315 1527 3375 ἦ
1581 3314 1632 3366 δὲ
1692 3314 1882 3367 τούτων
1935 3316 2104 3383 μήτηρ
2162 3314 2315 3377 οὕτως

346 3399 726 3466 ὁμολογουμένη
768 3394 896 3452 οὖσα
930 3398 1082 3460 δούλη
1137 3400 1222 3452 καὶ
1266 3398 1483 3454 ἅπαντα
1520 3402 1605 3454 τὸν
1643 3401 1820 3468 χρόνον
1859 3403 2084 3469 αἰσχρῶς
2138 3404 2314 3469 βιοῦ-

347 3509 459 3552 σα,
501 3488 591 3541 ubi
633 3488 865 3542 aoristus
905 3493 985 3541 est
1022 3489 1243 3553 βιοῦσα,
1286 3494 1345 3542 ut
1392 3487 1553 3542 vides,
1632 3488 1693 3542 In
1736 3496 2054 3544 transcursu
2094 3489 2316 3544 emenda

346 3576 906 3643 ὁμολογουμένως
957 3572 1082 3630 οὖσα
1136 3575 1304 3637 δούλη.
1386 3577 1463 3630 Ex
1523 3575 1618 3630 hoc
1672 3576 1785 3632 loco
1839 3578 2036 3650 optime
2089 3577 2314 3646 intelligi
