2436 4068
1034 223 1138 272 555

168 369 227 422 In
270 371 299 438 ξ
340 371 425 420 21.
477 366 778 421 inducenda
820 373 947 420 sunt
990 365 1149 420 verba
1190 364 1406 418 inlicete
1444 370 1499 418 et
1551 361 1732 433 putide
1776 363 1999 433 repetita
2042 363 2070 426 ἢ

88 458 206 516 τοὺς
260 458 464 516 ἰδιώταις
527 454 632 527 [ἐπὶ
682 456 776 516 τὴν
831 455 1069 525 {xva-cim}
1149 453 1210 506 Iu
1273 454 1301 522 §
1346 455 1434 506 24.
1494 456 1592 506 τῶν
1653 471 1719 515 γε
1775 456 2077 505 πολυτελῶν

86 546 252 608 ὀσμῶν
281 544 500 605 τούτων,
543 542 738 595 melius
780 541 1040 596 Stobaeus
1083 541 1381 595 πολυτελῶν
1419 541 1609 594 τούτων
1650 542 1834 604 ὀσμῶν.
1917 540 2073 593 Prae·

86 630 260 686 fertur
300 634 353 684 in
392 647 539 700 seqq.
585 628 820 683 deterior
854 630 1013 683 lectio
1045 634 1143 683 τῶν
1182 630 1449 695 ἄχαρίς-ων
1489 630 1657 694 ὀσμῶν
1701 644 1856 682 verae
1893 627 2074 682 lectio·
2142 667 2144 669 .

87 720 141 772 ni
192 720 480 787 ἀχαρίτων.
561 718 739 783 Ὀσμή
776 734 883 771 non
923 723 1006 771 est
1041 716 1295 783 ὦχιέριςος
1337 716 1429 771 sed
1470 716 1682 785 ἄχαρις.
1764 718 1838 772 De
1879 717 2074 772 harum

84 806 382 861 formarum
421 805 735 859 confusione
778 806 831 858 in
872 803 1244 876 superioribus
1290 804 1545 859 nonnulla
1586 805 1839 860 diximus.

157 894 219 949 In
269 897 299 965 §
338 898 426 949 27.
484 897 569 947 νῦν
608 894 668 955 δὴ
707 925 784 935 --
822 888 1060 960 εἵρὴκικς,
1110 893 1160 946 ἐν
1203 888 1238 960 ᾧ
1281 893 1415 960 σάφ’
1457 893 1551 948 ἵσθι
1613 885 1826 951 πλεῖςον
1877 913 2072 958 pastore*

81 988 302 1048 κτοῦμεν
323 984 676 1043 τῶνῖδιωτῶν,
720 982 774 1034 in
811 980 897 1034 his
926 986 1139 1037 πλεῖςον
1166 995 1233 1033 ex
1267 979 1491 1035 stobaeo
1526 980 1771 1035 additum
1808 983 1901 1052 qui
1934 980 2070 1050 σάφ’

0 1109 3 1115 ·
79 1071 178 1126 ἴσθι
217 1071 440 1124 omittit.
524 1070 708 1124 Dicam
753 1068 988 1123 breviter
1027 1067 1159 1139 quid
1199 1067 1333 1121 mibi
1375 1067 1440 1122 de
1487 1068 1583 1123 hoc
1634 1069 1749 1124 loco
1804 1068 2068 1123 videatun

79 1159 155 1214 De
194 1175 291 1212 suo
330 1167 543 1216 πλεῖςον
584 1157 792 1212 addidit
832 1155 1052 1211 sedulus
1102 1163 1407 1222 corrector,
1449 1173 1553 1227 quo
1594 1156 1802 1212 abiecto
1838 1158 1889 1209 in
1933 1156 2068 1225 σάφ’

76 1246 176 1303 ἴσθι
235 1246 488 1301 latentem
546 1263 727 1301 veram
781 1245 1064 1300 lectionem
1123 1243 1379 1315 indagare
1433 1252 1486 1299 et
1541 1244 1737 1300 elicere
1789 1244 2064 1300 debemus·

76 1334 174 1390 Est
213 1351 300 1389 ea:
342 1335 394 1388 ἐν
433 1330 468 1403 ᾦ
508 1334 894 1402 σαφέςατοι
948 1337 1342 1399 μειονεκτοῦμεν
1382 1335 1482 1388 τῶν
1523 1333 1727 1388 ἰδιωτῶν
1751 1374 1765 1398 ,
1806 1332 1948 1405 quod
1984 1332 2064 1387 di-

74 1429 224 1478 ctum
278 1430 360 1478 est
407 1424 684 1477 notissima
723 1420 1074 1494 brachylogia
1131 1438 1231 1495 pro
1281 1421 1332 1475 ἐν
1373 1417 1409 1490 ᾧ
1462 1421 1770 1491 σωφέςατόν
1830 1421 1934 1479 ἐςιν
1985 1419 2061 1476 ὅτι

70 1516 483 1577 μειονεκτοῦμεν.

145 1599 207 1654 In
251 1602 281 1670 §
320 1602 411 1654 28.
468 1600 526 1653 αἱ
577 1600 842 1667 θεραπεῖαι
885 1599 943 1652 αἱ
983 1599 1110 1652 ἀπὸ
1162 1603 1259 1653 τῶν
1298 1598 1518 1666 ,azymon
1563 1602 1846 1668 φρονουσῶν
1883 1595 2062 1664 γυναι-4

70 1693 167 1743 κῶν
221 1688 548 1758 εὐφραίνουσι
609 1686 820 1752 μάλιςοι
876 1693 1061 1757 aperte
1116 1687 1432 1742 mendosum
1490 1695 1570 1742 est
1626 1704 1720 1759 pro
1781 1688 1904 1742 ὑπὸ
1963 1691 2061 1742 τῶν

68 1798 128 1842 μ.
163 1782 226 1846 φ.
268 1781 543 1842 γυναικῶν.
621 1775 887 1829 Continuo
927 1774 1212 1830 emendata
1267 1775 1425 1831 lectio
1478 1775 1812 1847 conspicitur
1853 1776 1909 1830 in
1947 1791 2061 1831 ver-

68 1863 153 1919 bis
190 1867 247 1919 αἱ
297 1867 343 1920 δ’
397 1866 515 1919 ὑπὸ
570 1869 670 1918 τῶν
720 1865 929 1921 δούλων.
1012 1863 1074 1917 In
1127 1867 1177 1935 §.
1223 1868 1312 1918 51.
1370 1863 1738 1918 conclamatus
1793 1863 1941 1919 locus
1980 1870 2062 1919 est

66 1953 235 2021 ῶσπερ
289 1950 371 2008 οὖν
425 1953 551 2013 εἴτις
603 1951 810 2022 ἄπειρρς
859 1954 927 2007 ὧν
982 1953 1162 2020 δίψους
1216 1955 1324 2008 κτὲ.
1383 1969 1508 2006 nam
1559 1951 1696 2006 nihil
1746 1951 2061 2024 proficimus

69 2040 327 2114 Stephani
361 2042 673 2096 coniectura
705 2043 795 2095 οὐκ
835 2039 900 2095 ἄν
934 2040 1000 2095 de
1037 2057 1135 2095 suo
1170 2041 1478 2096 inserentis.
1558 2040 1842 2096 Excidisse
1881 2042 2060 2113 potius

68 2130 347 2202 complura
387 2129 659 2202 probabile
694 2137 793 2185 est.

142 2218 202 2274 In
261 2236 378 2291 cap.
416 2217 483 2273 11.
548 2220 577 2288 §
619 2221 670 2271 2.
726 2234 756 2272 e
810 2216 1036 2272 Stobaeo
1085 2217 1491 2289 recipiendum:
1549 2219 1697 2285 ταχὺ
1739 2218 1789 2272 δὲ
1835 2217 2054 2291 (ταῦτα)

61 2307 484 2377 κατεργάζεσθε,
537 2313 725 2360 contra
768 2305 960 2360 inutile
997 2312 1050 2360 et
1107 2306 1438 2377 ineleganter
1480 2307 1771 2378 repetitum
1807 2306 2057 2369 κέκτησθε

62 2394 517 2468 expungendum,
558 2394 744 2449 eodem
785 2401 1005 2450 auctore
1030 2435 1044 2459 ,
1087 2395 1141 2448 in
1184 2394 1392 2449 verbis:
1434 2394 1508 2449 ἔτι
1551 2397 1603 2449 δὲ
1644 2396 1826 2459 πλήθει
1867 2416 1928 2449 τε
1963 2395 2051 2449 καὶ

61 2485 342 2551 ἐπισήμως
401 2482 717 2549 θεράποντας
778 2483 981 2551 &pis-0124
1046 2483 1359 2555 [κέκτησθε]
1456 2483 1812 2537 Vehementer
1867 2499 2051 2554 suspe-

59 2579 209 2627 ctum
250 2578 334 2626 est
385 2573 567 2635 πλήθει
608 2604 684 2612 -
721 2573 958 2639 ἀμίς-ους,
1013 2571 1246 2626 absurde
1302 2571 1548 2635 dictum,
1604 2570 1697 2626 sed
1738 2570 1844 2624 duo
1900 2587 2052 2625 voca·

59 2659 184 2715 bula
245 2658 583 2714 intercidisse
652 2660 899 2731 suspicor
953 2659 1269 2726 θεράποντας
1330 2661 1595 2733 (πλείςους
1656 2659 1765 2732 καὶ)
1825 2660 2046 2726 οὶρίςους.

57 2748 254 2804 Notum
302 2754 385 2802 est
439 2746 692 2802 omnibus
729 2764 892 2819 quam
935 2764 1092 2820 saepe
1137 2748 1189 2801 in
1235 2746 1327 2802 tali
1370 2765 1428 2803 re
1482 2754 1684 2807 πλεῖςοι
1738 2747 1824 2802 καὶ
1887 2748 2048 2815 dms-oe

58 2838 475 2907 coniungantur.
557 2835 660 2890 Pro
701 2841 933 2891 κακῶσαι
973 2836 1069 2900 μὲν
1110 2837 1350 2904 ἐχθροὺς,
1390 2838 1564 2900 ὀνῆσαι
1608 2837 1658 2893 δὲ
1697 2836 1883 2906 Φίλους
1937 2836 2048 2891 lon-

0 2944 26 3023 '3
56 2941 124 2998 ge
163 2925 444 2980 usitatiore
482 2931 537 2979 et
572 2924 791 2979 meliore
831 2923 1020 2979 ordine
1055 2923 1197 2996 apud
1235 2923 1522 2980 Stobaeum
1566 2933 1647 2980 cst
1685 2928 1860 2988 ὀνῆσαι
1907 2926 2044 2998 (μὲν)

16 3014 18 3017 ”
54 3015 242 3083 Φίλσυς
264 3057 280 3076 ,
322 3019 554 3068 κακῶσαι
594 3014 647 3068 δὲ
682 3013 909 3082 ἐχθρούς.

132 3101 472 3157 Manifestum
517 3102 572 3155 in
613 3102 799 3173 paucis
833 3100 1096 3157 emblema
1135 3109 1219 3157 est
1265 3103 1315 3157 in
1377 3106 1406 3173 ᾗ
1447 3108 1498 3158 4.
1552 3104 1626 3158 τοὶ
1664 3103 1760 3167 μὲν
1799 3104 2043 3158 δοκοῦντα

54 3194 254 3245 πολλοῦ
292 3188 420 3253 ἄξιαι
459 3190 712 3255 κτήματα
768 3188 895 3245 εἶναι
938 3192 1315 3258 &nemu-fabum
1354 3193 1563 3247 θεᾶσθαι
1613 3193 1866 3265 [Φανερᾶι]
1909 3195 2039 3245 πᾶσι

54 3279 368 3347 παρέχεται.
446 3278 612 3333 Miror
645 3277 910 3351 quomodo
946 3279 1232 3351 quisquam
1272 3278 1338 3334 ab
1372 3280 1623 3335 Ernestio
1661 3281 1895 3352 potuerit
1935 3278 2038 3332 dis-

55 3366 258 3421 sentire
310 3365 403 3437 qui
446 3365 667 3437 pulchre
723 3368 892 3422 sensit
942 3367 1145 3436 φανεραὶ
1189 3367 1262 3421 nil
1304 3368 1406 3422 nisi
1453 3369 1724 3439 participii
1775 3369 2040 3431 civem-vy·

54 3455 189 3522 μένοι
231 3456 769 3524 interpretamentum
812 3472 963 3517 esse,
1005 3454 1146 3527 quod
1189 3473 1251 3510 ex
1294 3460 1537 3527 margine
1575 3456 1697 3510 libri
1741 3455 2035 3525 irrepserit.

56 3543 187 3597 Tam
228 3540 527 3596 meticulosi
581 3550 709 3598 sunt
748 3543 904 3598 multi
957 3543 1199 3598 homines
1240 3543 1381 3598 docti
1432 3551 1490 3598 ut
1533 3543 1823 3597 maluerint
1861 3542 2036 3612 legere

51 3630 428 3695 ἀνεπτνγμένκ
481 3633 689 3685 θεᾶσθκι
748 3632 832 3685 καὶ
874 3632 1078 3699 Φκνερά
1128 3640 1179 3686 et
1234 3631 1338 3686 duo
1396 3631 1648 3685 vocabula
1707 3631 1886 3702 spuria
1946 3630 2032 3684 ad·

1628 3725 1665 3754 θ’)

0 3684 4 3724 Ι

0 3746 5 3785 Ι

0 3798 5 3830 Ι

0 3916 2 3958 Ι

0 4017 3 4043 Ι

0 4048 1 4068 Ι
