2436 4068
1017 171 1123 223 657

154 318 212 372 In
268 320 298 389 §
339 321 425 371 29.
481 332 576 388 pro
613 313 736 370 ὅσων
773 316 826 371 δὲ
870 322 1129 385 ψυχαῖς
1170 313 1427 380 ἀγασθείη
1477 329 1582 366 nou
1625 319 1708 366 est
1750 311 1854 366 ulla
1895 311 2046 365 dubi-

77 407 211 460 tatio
249 407 380 477 quin
418 403 606 472 ψυχας
645 404 802 458 unice
842 421 1031 459 verum
1071 404 1161 457 sit.

154 492 431 547 Soloe-cum
481 499 565 545 est
606 492 658 544 in
704 494 732 561 §
774 497 862 546 51.
924 492 1213 560 Ἀχιλλεὺς
1267 491 1474 558 Ὁμήρῳ
1514 489 1790 551 πεποίηται
1831 520 1905 530 --—
1940 495 2051 540 Hx-

74 580 345 647 τρόκλῳ-
381 586 795 645 τιμωρῆσαι,
835 582 1054 649 requiro
1074 580 1216 633 enim
1253 582 1567 646 τιμωρήσας.
1613 576 1870 631 Dicebant
1904 576 2047 628 enim

12 695 14 698 >
70 667 301 733 Ὅμηρος
355 674 492 721 ποιεῖ
520 675 632 721 aut
684 667 931 727 πεποίηκέ
971 687 1087 720 τινα
1133 666 1364 731 λέγοντα
1412 686 1462 720 τι
1499 666 1527 730 ἢ
1575 669 1815 720 ποιοῦντα
1867 663 1895 726 ἢ
1949 660 2050 716 ποί-

74 773 311 823 σχονταε
367 763 421 809 et
479 754 662 808 eodem
721 753 876 807 inodo
928 757 1136 822 Ὁμήρῳ
1189 755 1466 815 πεποίηται
1527 754 1633 817 ἤτοι
1689 753 1856 817 λέγων
1916 770 1966 804 τι
2022 749 2050 811 ἢ

78 843 336 911 πράττων.
416 842 504 897 Sic
546 842 694 895 Plato
731 843 785 895 in
824 842 1018 912 Gorgia
1060 859 1107 913 p.
1142 845 1269 895 5⁴25.
1311 841 1372 894 D.
1428 840 1655 908 ‘'omnpoq
1679 873 1751 881 -—
1775 839 2049 899 πεποίηκεν

78 933 131 985 ἐν
182 930 307 1000 ᾅδου
365 932 451 985 τὸν
496 930 580 984 αεὶ
634 930 812 997 χρόνον
869 929 1268 997 τιμωρουμένους
1324 928 1602 983 Τάνταλον
1654 929 1740 983 καὶ
1800 929 2048 994 Σίσυφον.

79 1021 327 1086 Θερσίτην
365 1019 418 1072 δὲ
455 1017 613 1078 οὐδεὶς
655 1018 903 1079 πεποίηκε
952 1017 1223 1084 μεγάλαις
1272 1018 1539 1085 τιμωρίαις
1578 1017 1957 1083 συνεχόμενον,
1999 1019 2055 1067 et

78 1107 157 1161 sic
195 1107 394 1178 passim
436 1105 733 1176 loquuntur
773 1104 883 1159 alii.

154 1194 215 1249 ln
262 1197 291 1265 §
333 1197 422 1248 52.
473 1194 890 1259 ἀπολογούμενος
925 1194 1049 1262 ὑπὲρ
1087 1199 1184 1249 τῶν
1239 1192 1467 1263 ἀκρασία
1525 1190 2056 1257 συγκυλινδουμένων,

81 1282 276 1354 duplex
313 1282 548 1353 suspicio
589 1281 814 1335 formam
864 1282 1366 1347 συγκυλινδουμένων
1408 1281 1620 1352 premit.
1704 1279 1872 1333 Attici
1911 1279 2057 1332 enim

81 1379 175 1425 aut
212 1371 424 1425 κυλίνδω
460 1378 510 1425 ei
553 1371 854 1435 κυλίνδομαι
895 1377 989 1423 aut
1026 1370 1364 1436 καλινδοῦμαι
1414 1368 1613 1423 dixisse
1647 1365 1928 1423 videniur:
1972 1383 2055 1420 Se-

82 1460 299 1530 quiures
335 1459 548 1513 κυλινδῶ
587 1466 640 1512 et
677 1458 1009 1523 κυλινδοῦμαι
1051 1459 1385 1530 usurpabant
1423 1463 1476 1512 et
1512 1474 1575 1512 ex
1613 1455 1800 1509 formis
1837 1455 2058 1517 κυλίσω,

78 1548 327 1611 ἐκύλισα,
364 1546 660 1618 penultima
700 1545 887 1617 longa,
928 1553 980 1600 et
1019 1547 1335 1613 κεκύλισμαι
1376 1551 1430 1600 et
1449 1543 2061 1606 ngAIcOnvelicnerunt

82 1636 309 1691 sormam
369 1635 563 1700 κυλίω,
624 1634 898 1689 veteribus
960 1634 1276 1689 inauditam.
1365 1633 1563 1689 Eodem
1626 1631 1782 1686 modo
1844 1634 2063 1695 Veteres

84 1724 272 1779 ἆλίνδω
309 1729 363 1777 et
399 1723 675 1788 ἀλίνδομαι
717 1722 1002 1786 dicebant,
1056 1730 1109 1777 et
1147 1725 1333 1778 οὶλῖσαι
1375 1729 1427 1777 et
1480 1721 1760 1785 ἑξαλῖσαι,
1815 1717 2063 1773 Graeculi

85 1814 393 1876 ἆλινδοῦμαι
447 1817 744 1882 usurpant,
803 1803 1094 1866 θιόὶλῖσαι
1150 1811 1363 1866 indocte
1416 1811 1661 1866 referunt
1715 1807 1780 1862 ad
1835 1806 2063 1860 sormam

88 1900 281 1968 ἑλίζωε
323 1897 430 1952 vid.
472 1897 709 1952 Pierson.
750 1897 815 1953 ad
856 1898 1077 1954 Moerid.
1132 1916 1183 1971 p.
1215 1904 1306 1955 52.
1383 1899 1570 1970 Itaque
1623 1894 2065 1962 συγκαλινδουμέ-

89 2010 181 2044 νων
221 2003 575 2060 reponerem,
618 1987 722 2041 nisi
759 1987 1206 2058 praepositionem
1241 1988 1333 2043 σύν
1375 1988 1441 2042 ab
1480 2004 1542 2042 ea
1583 2003 1640 2040 re
1686 1985 1915 2039 alienam
1951 2000 2067 2037 esse

88 2076 358 2141 viderem,
397 2091 534 2146 quae
571 2074 702 2128 mihi
750 2076 1220 2140 ἐγκαλινδουμένων
1260 2076 1476 2130 videtur
1521 2073 1807 2147 postulare.
1890 2069 2070 2125 Facile

88 2172 171 2221 est
224 2164 292 2219 ad
348 2163 755 2234 inteliigeudum
809 2163 938 2235 quid
993 2164 1064 2218 sit
1109 2165 1509 2229 συγκυλίνδεται
1550 2170 1615 2231 τῇ
1656 2162 1897 2227 γυναικί,
1958 2175 2062 2212 non

14 2287 18 2291 ·
85 2257 214 2309 item
273 2251 536 2324 quomodo
594 2253 717 2324 quis
769 2254 998 2323 ἀκρασίᾳ
1048 2253 1504 2318 συγκαλινδεῖσθαι
1559 2250 1797 2318 dicatur.
1874 2247 2066 2304 Obiter

86 2340 250 2398 redde
289 2339 419 2394 iliud
458 2341 631 2412 ipsum
675 2341 920 2396 Michaeti
966 2341 1166 2406 Pseth,
1208 2342 1365 2395 cuius
1405 2339 1583 2394 locum
1620 2338 1804 2399 attulit
1846 2339 1904 2393 L.
1943 2338 2066 2393 Din-

86 2430 291 2487 dortius
338 2427 404 2483 ad
466 2427 647 2500 Stepb.
689 2447 740 2484 v.
811 2430 1114 2495 Ἐγκυλίω,
1158 2427 1315 2483 nihili
1355 2429 1499 2482 enim
1560 2433 1643 2481 est
1699 2428 1793 2489 τὴν
1851 2433 2066 2486 πολλοῖς

23 2552 26 2557 ·
90 2519 626 2584 ε’·γκυλισθεῑσαν
669 2518 880 2586 ἀνδράσι
934 2525 1198 2584 γυναῖκα,
1252 2515 1345 2571 sed
1400 2516 1692 2587 scripserat
1736 2514 1893 2568 hoino
1938 2535 2068 2579 συγ-

19 2640 21 2643 -
89 2608 434 2663 κυλισθεῖσαν.
514 2604 714 2660 Eodem
761 2606 916 2660 modo
949 2606 1215 2661 Maximus
1264 2605 1464 2678 Tyrius
1507 2603 1616 2658 XX.
1659 2607 1713 2659 4.
1778 2602 2065 2673 Peneiopes

17 2760 19 2762 V
95 2710 285 2767 procos
330 2685 462 2766 dicii
514 2694 960 2759 συγκυλινδεῖσθαι
1007 2699 1102 2755 τῆς
1157 2694 1335 2754 νυκτὸς
1391 2691 1792 2760 θεραπαινιδιόις.
1871 2692 2069 2755 Ἐγκα-

92 2783 368 2839 λινδεῖσθαι
424 2781 477 2835 in
527 2781 723 2836 talibus
785 2789 838 2837 et
890 2781 956 2836 ab
997 2782 1111 2853 ipsa
1170 2782 1247 2837 rei
1297 2788 1488 2835 natura
1554 2778 1963 2834 commendatur
2018 2786 2071 2833 et

95 2871 388 2927 multorum
432 2885 533 2924 usu
572 2877 774 2924 certam
834 2869 987 2925 iidem
1044 2869 1219 2924 habet.
1302 2867 1530 2924 Perinde
1588 2875 1669 2922 est
1721 2868 2067 2921 καλινδεῖσθαι

91 2959 145 3016 ἓν
198 2980 295 3014 τινι
348 2964 400 3013 et
459 2958 879 3024 ἔγκαλινδεῑσθαί
935 2979 1051 3014 τινι.
1138 2956 1405 3012 Platonica
1447 2962 1574 3010 sunt
1626 2956 1972 3010 καλινδεῖσθαι
2020 2959 2068 3009 ἐν

94 3049 327 3118 ἀμαθίᾳ,
366 3048 418 3102 ἐν
457 3047 603 3116 πάσῃ
650 3047 886 3117 ἀμαθία,
937 3055 991 3102 et
1029 3045 1210 3101 odiose
1249 3047 1300 3100 ἐν
1334 3045 1635 3111 δικαςνιρΐοις
1683 3046 2067 3108 καλινδεῖσθαι,

98 3134 550 3209 quemadmodum
603 3134 724 3206 quis
776 3135 989 3207 proprie
1038 3137 1089 3190 ἐν
1129 3137 1314 3204 πηλῷ,
1369 3141 1464 3188 aut
1512 3135 1562 3188 ἐν
1602 3132 1827 3199 βορβόρῳ
1869 3133 2069 3185 «licitur

98 3224 477 3287 καλινδεῖσθαι,
516 3230 570 3278 et
618 3224 864 3278 Priamus
904 3223 1043 3295 apud
1082 3224 1369 3278 Homerum
1415 3223 1765 3285 κυλινδόμενος
1806 3221 1947 3273 κατὰ
1990 3221 2069 3273 κό-

98 3332 237 3381 προν.
315 3312 629 3367 Rectissime
686 3313 855 3378 igitur
896 3322 1086 3366 notans
1138 3314 1318 3385 foedas
1376 3318 1429 3366 et
1478 3311 1768 3382 slaqilefosas
1823 3307 2071 3361 libidines

101 3399 237 3455 dixit
288 3398 411 3466 ὑπὲρ
461 3406 559 3455 τῶν
620 3402 848 3471 ἀκρασία
898 3402 1384 3467 ἐγκαλινδουμένων.
1478 3400 1758 3453 Diversum
1823 3395 2071 3465 loquendi

108 3503 264 3542 usum
319 3485 572 3542 Veterum
626 3496 679 3544 et
734 3490 1091 3545 recentiorum
1150 3490 1481 3546 demonstrat
1540 3483 1790 3558 {hesychii
1848 3485 2073 3547 Ἐγκα-

106 3573 571 3640 λινδοῦμενοςτ
631 3576 1030 3643 ἓγκυλιόμενος,
1088 3580 1180 3650 qui
1242 3577 1421 3633 addit:
1484 3572 2069 3638 Ἐγκαλινδεῖταιε
