2436 4068
997 211 1101 259 '517

62 371 144 418 est
192 361 324 414 satis
376 364 756 428 opportunum.
850 352 955 408 Sed
1004 352 1137 407 nihil
1192 352 1417 424 impedit
1471 369 1578 424 quo
1625 355 1808 410 minus
1858 360 2043 428 paucis

55 451 292 523 aperiam
335 446 491 510 vitia,
531 442 729 515 quibus
768 441 1028 497 infectum
1071 449 1153 496 est
1188 449 1351 513 caput
1374 440 1497 507 XV,
1540 443 1682 497 unde
1720 453 1934 500 sumtus
1972 447 2043 501 lo-

58 554 157 593 cus
195 542 308 600 est,
356 550 515 605 quem
560 530 715 586 modo
754 532 1105 584 correximus,
1185 529 1387 601 Nempe
1417 547 1466 601 p.
1493 533 1618 585 251.
1659 531 1715 585 C.
1759 534 2044 602 ἀποσφάτ-

55 647 134 680 τει
174 627 267 688 τὴν
307 622 580 689 παρθένον,
627 622 693 679 ὥς
727 617 948 685 ἔτυχεν,
1002 619 1054 671 ἕν
1093 624 1199 678 τοῖς
1241 618 1451 678 κόλποις
1489 624 1579 673 τοῦ
1616 622 1810 688 πατρὸς
1851 622 1877 676 ἔ
1889 643 1973 690 χο
1993 644 2045 676 υ-
2118 652 2121 657 1

58 735 178 769 σαν
215 714 274 767 τὸ
315 711 608 778 πρόσωπον,
648 708 887 777 corrige:
927 706 991 765 ὡς
1026 704 1214 771 ἔτυχεν
1248 707 1300 759 ἐν
1331 712 1438 767 τοῖς
1478 707 1688 769 κόλποις
1724 713 1815 763 τοῦ
1851 712 2046 779 πατρὸς

58 802 259 870 ἔχουσα
309 801 368 853 τὸ
416 797 714 865 πρόσωπον,
770 801 889 866 post
940 809 1112 864 pauca
1158 792 1276 861 lege
1321 794 1504 847 πολλοὶ
1557 796 1897 865 ἐπεφαίνοντο
1952 815 2048 869 pro

60 888 399 957 ἐπεφέροντο,
438 893 492 940 et
530 901 583 956 p.
610 886 718 938 252
742 882 799 936 C.
840 880 1174 947 αἰκισάμενος
1196 882 1283 935 καὶ
1324 885 1715 949 προανελών
1756 903 1852 956 pro
1891 907 2046 955 προα-

0 968 4 975 ’
61 983 248 1041 νελῶν,
305 973 498 1030 deinde
552 969 896 1026 scribendum
946 969 1236 1039 φειδόμενοι
1291 971 1571 1037 παιδαρίων
1621 973 1708 1026 καὶ
1770 976 2046 1038 γυναίων

0 1077 5 1117 s
61 1082 167 1120 non
207 1065 493 1130 γυναικῶν,
539 1077 660 1114 nam
704 1059 1018 1113 contemtim
1061 1058 1165 1111 ista
1198 1057 1306 1111 dici
1340 1066 1580 1130 apparet.
1664 1060 1801 1114 Tum
1842 1079 1891 1132 p.
1918 1067 2047 1117 252.

0 1156 4 1197 Ρ
62 1155 123 1210 F.
179 1170 274 1226 pro
322 1154 377 1207 τί
412 1151 697 1211 πέπονθας,
755 1146 790 1202 ὦ
837 1146 1037 1214 πάτερ,
1091 1146 1377 1208 καθεύδων;
1431 1147 1599 1215 αὔριον
1648 1148 1701 1202 δέ
1743 1171 1802 1203 σε
1843 1151 1923 1206 δεῖ
1957 1157 2050 1213 τῆς

61 1243 305 1310 πατρίδος
348 1244 662 1307 ςρατηγεῖν,
717 1243 771 1291 et
812 1236 970 1291 lectio
1006 1241 1061 1289 et
1102 1235 1469 1306 interpunctio
1503 1237 1836 1292 emendanda
1879 1246 1961 1294 est
1996 1241 2051 1294 in

62 1331 210 1387 hunc
262 1328 518 1384 modum:
565 1326 622 1381 τί
660 1326 947 1388 πέπονθας,
1002 1321 1038 1377 ὦ
1078 1323 1274 1390 πατερς
1330 1326 1626 1388 καθεύδεις,
1678 1327 1847 1394 αὔριον
1889 1329 1941 1382 δέ
1992 1351 2050 1383 σε

65 1421 175 1475 κτὲ.
214 1417 343 1491 quid
378 1415 527 1487 nqis,
565 1413 640 1467 mi
674 1413 876 1483 pater?
934 1412 1132 1466 dormis
1167 1443 1274 1466 —.
1354 1413 1711 1485 Exprobratio
1752 1415 1883 1471 haec
1932 1425 2053 1483 est,

63 1509 120 1562 in
176 1522 282 1578 qua
342 1521 446 1558 non
505 1509 589 1557 est
647 1499 1018 1573 interrogandi
1075 1499 1241 1554 locus.
1320 1500 1586 1556 Continuo
1645 1512 1762 1574 post
1818 1505 2068 1573 rescribe

61 1593 351 1663 παρεκάλει
391 1592 509 1651 τοὺς
546 1589 886 1657 ἑταίρους,
932 1605 1027 1660 pro
1064 1590 1181 1649 τοὺς
1223 1589 1455 1656 ἑτέρους,
1495 1598 1550 1644 et
1590 1599 1708 1663 post
1749 1610 1920 1664 pauca
1964 1595 2051 1649 ubi

63 1683 271 1741 editur:
310 1683 365 1736 οὐ
404 1680 506 1746 μὴν
543 1676 783 1747 ἔφθασαν
821 1698 888 1742 γε
930 1676 1174 1731 πολλοὶ
1212 1679 1311 1738 τοὶς
1367 1687 1625 1743 γυναῖκας
1668 1697 1866 1751 repone
1921 1685 2056 1740 πολύ

64 1789 163 1845 pro
199 1769 402 1826 πολλοί.
481 1765 685 1822 Deinde
744 1766 798 1819 in
852 1764 1062 1819 verbis:
1104 1766 1237 1831 ἐβόα
1277 1767 1416 1821 δεινοὶ
1457 1775 1617 1822 ποιεῖν
1657 1771 1844 1832 αὐτοὺς
1885 1774 1927 1826 εἷ
1969 1774 2055 1834 δῆ-

4 1846 16 1919 i
65 1881 161 1927 μος
216 1857 480 1922 ἀξιοῦντες
521 1852 650 1909 εἶναι
691 1858 870 1908 ταῦτα
908 1859 1138 1919 τολμῶσι
1179 1855 1266 1909 καὶ
1318 1857 1689 1921 ἀσελγαίνουσι
1730 1868 1836 1921 τοῖς
1876 1861 2055 1929 τυραν-

3 1924 22 2011 ¹,
63 1970 160 2010 νοις
199 1945 388 2013 ὅμοια,
429 1943 641 2014 corrige
678 1941 892 1997 ταύτὰ
947 1946 1176 2007 τολμῶσι
1219 1959 1324 2014 quo
1380 1942 1520 1997 sacto
1560 1947 1745 2001 statim
1789 1949 2058 2020 intelliges

8 2026 19 2045 ”
63 2038 215 2105 ὅμοια
254 2052 285 2090 a
326 2032 491 2090 sciolo
531 2037 649 2104 post
700 2028 1064 2102 corruptelam
1100 2029 1165 2085 de
1198 2048 1296 2085 suo
1335 2031 1614 2095 additum;
1656 2034 1848 2090 deinde
1888 2042 2058 2108 Μοιρώ

66 2125 244 2181 scribe
284 2139 381 2196 pro
418 2122 608 2187 Μυρώ,
645 2126 699 2174 et
735 2118 870 2180 ὅπως
906 2116 988 2173 οὖν
1012 2121 1506 2188 -καταςρέψομεν
1549 2139 1642 2192 pro
1681 2121 1746 2177 ἄν
1779 2157 1855 2166 -
1888 2148 2057 2183 κατα-

0 2209 34 2321 :J
63 2214 353 2283 ςρέψωμεν.
432 2210 674 2280 Denique
714 2209 831 2262 οὐδ’
885 2205 1022 2261 ἄλλο
1077 2208 1286 2263 πώποτε
1339 2226 1435 2281 pro
1477 2212 1656 2265 οὐδὲν
1711 2211 1846 2268 ἄλλο
1903 2218 2055 2271 resti·

0 2298 32 2350 ¹
66 2301 351 2357 tuendum.

2 2388 5 2395 ’
141 2390 360 2446 Caetera
399 2386 505 2441 alio
541 2393 782 2457 tempore
824 2400 1152 2456 persequar,
1192 2402 1337 2440 nunc
1381 2403 1466 2442 me
1506 2387 1767 2445 Anabasis
1811 2402 2057 2457 revocat,

69 2478 160 2535 ubi
200 2478 240 2533 1.
281 2493 351 2532 ιν.
396 2480 428 2530 4
486 2492 581 2547 pro
633 2474 982 2543 ἐφειςήκεσαν
1020 2473 1188 2528 πύλαι
1243 2475 1698 2532 verisimillimum
1742 2488 1822 2533 est
1863 2482 2057 2550 ἐφέςα·

64 2587 166 2624 σαν
202 2567 368 2622 πύλαι
410 2581 442 2619 a
483 2561 831 2634 Xenophonte
870 2562 1133 2633 scriptum
1172 2579 1305 2618 esse.
1387 2562 1637 2620 Vidimus
1689 2584 1853 2639 supra
1892 2588 2053 2642 quam

14 2719 17 2731 Ι
66 2661 379 2712 constanter
413 2650 667 2708 Graeculi
722 2648 923 2704 formas
976 2650 1228 2722 antiquas
1286 2650 1521 2718 ἕςασαν,
1582 2656 1883 2723 παρέςατε,
1922 2660 2060 2729 ἀφέ-

12 2717 239 2836 ἱςασαν
278 2750 332 2798 et
378 2741 654 2811 ὑφέςασαν
695 2739 1054 2810 corruperint.
1136 2739 1211 2794 Cf.
1269 2757 1330 2795 ea
1372 2759 1509 2814 quac
1559 2747 1938 2801 annotavimus
1990 2748 2057 2804 ad

12 2844 39 2900 ’ζ
66 2831 236 2890 Anah.
278 2831 319 2887 1.
362 2848 470 2885 vm.
515 2832 547 2883 ὅ
589 2834 640 2882 et
683 2825 744 2879 V.
781 2843 870 2880 vu.
923 2829 1010 2880 21.
1070 2834 1124 2882 et
1181 2846 1430 2895 mecum,
1485 2838 1546 2886 ut
1599 2833 1816 2904 opinor,
1857 2836 2056 2906 ἐφέςα-

46 2939 167 2976 Ισοιν
206 2921 365 2976 unice
406 2917 672 2991 probabis.

147 3007 320 3063 Verba
379 3007 747 3080 Xenophontis
787 3006 851 3061 11.
896 3024 947 3061 n.
997 3012 1082 3061 11.
1142 3004 1368 3075 ὑπάρχει
1417 3008 1522 3077 γὰρ
1563 3014 1650 3064 νῦν
1689 3013 1812 3077 ἡμῖν
1866 3015 2061 3070 οὐδὲν

21 3101 188 3152 ’.τῶν
247 3096 657 3160 ἐπιτηδείων,
717 3094 914 3167 quibus
972 3093 1170 3149 similia
1229 3093 1487 3165 leguntur
1527 3096 1640 3152 Vll.
1690 3115 1744 3155 ιι.
1795 3106 1879 3156 15.
1941 3109 2057 3158 τῶν

68 3182 114 3241 ³·
153 3186 550 3248 ἐπιτηδείων
600 3185 784 3239 οὐδὲν
836 3185 1059 3251 ἔμελλεν
1109 3182 1239 3247 ἕξειν
1279 3186 1337 3239 τὸ
1375 3183 1650 3253 ςροὶτευμα
1703 3186 1900 3244 sacient
1940 3209 2056 3263 pet·-

73 3271 351 3328 commode
390 3272 456 3328 ad
500 3274 729 3329 firmiter
786 3271 1217 3328 constituendam
1262 3287 1439 3326 veram
1485 3272 1768 3331 lectionem
1811 3277 1912 3331 loci
1953 3279 2057 3354 Ly-

73 3361 204 3415 siaci
264 3361 315 3414 in
357 3358 503 3417 Orat.
543 3362 583 3416 I.
640 3361 680 3437 S
721 3364 791 3416 22
843 3363 982 3423 εἰδὼς
1023 3363 1066 3416 δ’
1119 3361 1221 3426 ἐγὼ
1278 3358 1356 3414 ὅτι
1415 3368 1708 3423 τηνικαῦτα
1762 3367 2062 3434 ἀφιγμένος

74 3450 257 3503 οὐδὲν
314 3449 378 3503 ἂν
418 3453 781 3520 καταλήψοιτο
820 3450 940 3505 οἴκοι
981 3452 1098 3506 τῶν
1150 3450 1541 3511 ἐπιτηδείαν
1597 3452 1829 3507 ἐκέλευον
1867 3457 2059 3511 συνδει·

19 3550 22 3554 ’
77 3544 252 3599 πνεῖν,
294 3534 385 3590 ubi
440 3537 711 3594 Bekkerus
768 3539 946 3595 οὐδένα
997 3539 1359 3606 καταλήψοιτο
1415 3539 1727 3611 rescripsit,
1771 3543 1922 3612 qnasi
1961 3551 2061 3600 τῶν

76 3625 370 3685 Ιτιτηὸείων
411 3634 550 3680 esset
590 3626 971 3698 familiarium,
1009 3643 1228 3700 prorsus
1272 3632 1457 3680 contra
1505 3625 1600 3680 loci
1645 3632 1967 3687 sententiam
2007 3641 2061 3687 et

0 2448 11 2493 i
