2436 4068
1025 163 1130 212 6⁴27

0 283 2 358 Ῑ
90 310 179 360 τοῦ
235 305 493 372 Μισγόλα
550 306 636 361 καὶ
691 311 781 361 τοῦ
831 306 1043 374 Φαίδρου
1095 312 1202 367 τοῖς
1258 305 1414 370 ξένοις
1470 306 1558 361 καὶ
1625 306 1935 363 κελευόντων
1984 308 2074 373 ἤδη

87 394 379 449 ἀκολουθεῖν
417 397 488 455 εἰς
526 395 586 449 τὸ
616 395 984 462 δεσμωτήριον,
1026 402 1078 448 et
1110 411 1211 449 non
1242 394 1336 448 diu
1368 392 1664 460 dubitabis,
1705 396 1839 467 quin
1875 396 1932 450 in
1964 396 2078 451 loco

87 479 282 555 Lysiae
312 483 427 536 XII.
473 486 561 536 72.
621 481 704 537 ἵνα
757 485 894 548 μήτε
951 484 1109 551 ῥήτωρ
1167 482 1348 548 μηδεὶς
1389 485 1566 545 αὐτοῖς
1611 484 1886 539 ἐναντιοῖτο
1939 487 2077 551 μήτε

87 571 485 634 ἀπειλοῖτο,
542 571 718 642 turpis
775 569 1145 625 barbarismus
1186 572 1264 625 sic
1305 570 1663 626 removendus
1703 572 1806 637 sit,
1845 577 1907 627 ut
1943 575 2080 639 μήτε

91 656 526 712 διαπειλοῖτο
567 658 920 712 rescribatur.
1147 730 1153 735 .

166 745 318 812 Quod
362 744 504 817 apud
546 745 874 800 Herodotum
918 745 1119 816 legitur
1153 745 1218 799 ΙΙ.
1267 749 1391 800 121.
1437 750 1487 801 5.
1543 750 1587 803 εἰ
1628 748 1680 802 δὲ
1716 748 1909 804 τούτων
1948 751 2081 815 οὲμε·

88 833 237 896 λήσει
277 834 701 888 διαπειλέειν
743 836 905 897 αὐτὴν
946 837 1011 895 ὡς
1046 835 1266 888 ἐλθοῦσα
1307 834 1429 901 πρὸς
1467 835 1553 890 τὸν
1589 836 1826 900 βασιλέα
1862 839 2079 903 μηνύσει

88 922 247 976 αὐτὸν
282 922 478 990 ἔχοντα
511 922 583 976 τα
631 924 892 990 χρήματα
934 921 1304 994 recipiendum
1361 928 1471 984 est,
1514 923 1654 994 quod
1711 925 1901 995 optimi
1955 925 2080 982 libri

89 1009 401 1065 obtulerunt
448 1010 746 1073 ἀπειλέειν,
809 1028 915 1083 quo
973 1009 1114 1065 sacto
1162 1010 1218 1064 in
1271 1009 1408 1064 libro
1447 1010 1558 1064 Vll.
1607 1015 1693 1065 15.
1749 1017 1832 1067 νῦν
1885 1014 1938 1068 δὲ
1990 1015 2078 1070 καὶ

87 1097 535 1159 διαπειλῆσαν
573 1097 808 1166 οἴχεται,
851 1099 1035 1153 statim
1079 1099 1374 1170 perspicies
1414 1097 1622 1154 duabus
1652 1097 1886 1154 literulis
1923 1118 2080 1157 vocu-

86 1184 170 1241 lae
202 1194 323 1241 KAI
359 1186 498 1242 male
532 1187 777 1257 repetitis
822 1187 1166 1249 διαπειλῆσαν
1206 1203 1303 1260 pro
1345 1204 1471 1244 vera
1510 1187 1740 1242 lectione
1784 1189 2082 1252 ἀπειλῆσαν

32 1348 34 1350 v
90 1275 225 1330 vitio
265 1292 381 1330 esse
417 1282 626 1330 natum.

163 1363 464 1435 Diligenter
510 1365 774 1420 lectitavit
829 1365 852 1417 ὁ
891 1365 1266 1428 ανταττικιςής
1310 1363 1680 1435 Xenophontis
1736 1362 2080 1437 Symposium

90 1450 233 1507 unde
288 1451 445 1507 affert
497 1470 547 1525 p.
592 1456 695 1516 79,
738 1456 827 1507 55.
882 1453 1427 1520 Ἀναπτερῶσαι;
1490 1457 1723 1519 Ξενοφῶν
1782 1456 2082 1525 Συμποσίῳ.

88 1556 156 1595 ex
187 1539 279 1595 lx.
323 1545 374 1594 5.
434 1540 632 1602 πάντες
688 1539 1209 1607 ἀνεπτερωμένοι
1261 1542 1485 1596 ἐθεῶντο.
1565 1540 1799 1610 Elegans
1855 1542 2078 1598 verbum
2161 1596 2163 1598 .

83 1630 405 1695 ἐναπτεροῦν
440 1635 495 1684 et
531 1628 675 1700 apud
699 1628 975 1684 Platonem
1011 1629 1248 1683 occurrit
1285 1637 1337 1684 et
1371 1629 1642 1702 perfacete
1682 1629 1738 1682 in
1766 1630 2080 1702 Aristopha-

88 1717 174 1771 nis
193 1715 405 1771 Avibus
442 1735 486 1771 v.
517 1722 678 1772 1459.
721 1724 774 1772 et
803 1716 946 1789 apud
976 1716 1109 1771 alios
1145 1717 1372 1782 multoS,
1416 1726 1603 1772 utnon
1627 1718 1696 1770 sit
1728 1719 2078 1789 perspicuum

86 1821 186 1861 cur
233 1804 287 1859 id
346 1805 749 1861 Grammaticus
801 1805 1116 1860 enotaverit.
1198 1805 1607 1860 Eiusdemmodi
1663 1812 1745 1860 est
1805 1808 2080 1861 annotatio

83 1910 134 1966 p.
173 1896 278 1959 84,
321 1897 372 1948 7.
452 1894 833 1950 Βαλαντιον
884 1893 1004 1962 οὐχὶ
1044 1893 1182 1962 φασὶ
1230 1895 1333 1949 δεῖν
1382 1894 1559 1959 λέγειν
1611 1894 1760 1947 ἄλλα
1817 1892 2082 1962 φάσκω·

84 1995 215 2038 λον.
274 1986 505 2050 Ξενοφῶν
546 1984 846 2051 Συμποσίῳ.
890 1981 1129 2053 Legitur.
1169 1982 1259 2036 IV.
1295 1985 1345 2035 2.
1392 1981 1483 2036 sed
1526 1981 1654 2052 quid
1694 1982 1874 2036 notius
1915 2000 2076 2055 quam

80 2069 412 2138 βαλάντιονῖ
467 2077 520 2126 et
562 2072 687 2142 quis
727 2076 810 2126 est
852 2071 947 2142 qui
1001 2086 1063 2125 eo
1113 2069 1372 2125 vocabulo
1426 2086 1530 2125 non
1576 2069 1801 2124 utatur?
1883 2071 2081 2128 Rarius

85 2166 166 2215 est
206 2158 348 2231 quod
397 2159 679 2213 annotavit
736 2175 791 2230 p.
836 2163 976 2223 101,
1019 2161 1109 2213 28.
1189 2158 1599 2227 Κεντρίζειν;
1664 2163 1896 2227 Ξενοφῶν
1937 2169 2082 2227 Συμ-

84 2247 262 2316 ποσίῳ.
356 2247 512 2303 Solus
569 2247 715 2302 enim
770 2246 1064 2311 Veterum,
1118 2246 1260 2319 quod
1313 2248 1481 2302 sciam
1511 2288 1523 2310 ,
1586 2245 1749 2302 verbo
1808 2250 2082 2318 κεντρίζειν

86 2334 378 2408 Xenophon
422 2336 634 2400 utitur,
675 2334 768 2390 sed
812 2336 987 2390 utitur
1039 2337 1273 2408 saepiuS.
1354 2335 1505 2403 Quod
1558 2342 1780 2390 annotat
1835 2354 1885 2409 p.
1934 2342 2082 2407 105,

86 2427 175 2481 33.
251 2428 483 2494 Κρυφῇ
543 2422 659 2479 ἀντὶ
720 2429 811 2479 τοῦ
870 2422 1100 2494 λάθρα.
1185 2430 1415 2494 Ξενοφῶν
1476 2425 1796 2493 Συμποσίῳ,
1857 2427 2082 2498 respicit

39 2547 41 2549 ·
86 2511 149 2567 V.
180 2517 233 2569 8.
282 2512 432 2580 μόνον
465 2517 684 2582 κρυφῇ
716 2512 1004 2581 φερόντων,
1045 2512 1241 2567 melius
1280 2530 1375 2584 pro
1407 2511 1574 2583 λάθρα
1616 2513 1884 2583 posuisset
1922 2515 2080 2582 κρύβ-

84 2601 189 2665 δην.
269 2600 628 2674 Opponuntur
667 2602 813 2655 enim
856 2601 999 2655 inter
1049 2617 1107 2656 se
1156 2598 1389 2655 Athenis
1429 2602 1721 2669 κρύβδην
1760 2602 1935 2670 φέρειν
1985 2605 2080 2669 τὴν

85 2694 265 2760 ψῆφον
298 2697 353 2745 et
384 2690 666 2760 φανερὰν
699 2690 792 2752 την
830 2694 1011 2758 ψῆφον
1047 2689 1221 2758 φέρειν
1268 2690 1550 2744 notissimo
1586 2706 1705 2745 usu.
1763 2689 2076 2749 Scribarum

40 2776 48 2818 ἶ
87 2776 355 2852 flagitium
399 2777 549 2833 vides
597 2781 810 2850 p.106,
856 2781 944 2832 19.
988 2778 1322 2845 Λαβύραν
1365 2784 1596 2847 Ξενοφῶν
1632 2780 1941 2849 Συμποσίῳ.
1993 2802 2081 2844 ση·

39 2913 45 2918 .
84 2867 257 2935 μαίνει
288 2868 347 2923 τὸ
394 2868 667 2937 χαίρειν.
749 2866 1056 2937 Legendum
1114 2873 1195 2922 est
1233 2882 1296 2921 ex
1351 2866 1597 2941 Sympos,
1629 2867 1768 2922 Vlll.
1815 2873 1907 2924 50.
1969 2870 2081 2926 Γα·

84 2974 280 3012 νυται
319 2989 387 3000 -
424 2955 664 3021 σημαίνει
713 2958 772 3011 τὸ
812 2956 1060 3023 χαίρει.
1141 2953 1301 3009 Alius
1351 2955 1752 3010 Grammaticus
1799 2956 1851 3010 in
1912 2958 2077 3015 Bekk.

86 3042 283 3100 Anecd.
340 3061 390 3117 p.
431 3046 573 3107 230,
619 3049 667 3099 7.
730 3043 1022 3100 Γαννυταιε
1065 3052 1243 3115 γελᾷ,
1299 3043 1515 3108 ἥδεται,
1568 3045 1765 3112 χαίρει.
1810 3045 2079 3101 tralaticio

85 3145 268 3188 errore
316 3148 411 3204 pro
457 3131 708 3198 γάνυται.
791 3131 959 3187 Affert
1002 3131 1234 3204 deniquo
1274 3150 1324 3205 p.
1367 3136 1502 3197 112,
1546 3135 1597 3187 2.
1664 3135 2078 3201 Προσεκαύθη

86 3219 203 3275 ἀντὶ
260 3224 351 3274 τοῦ
404 3220 548 3283 ἐκάη.
608 3227 839 3290 Ξενοφῶν
912 3222 1212 3290 Συμποσίῳ.
1267 3220 1359 3276 sed
1426 3238 1531 3276 non
1596 3221 1862 3275 intellexit
1915 3238 2077 3292 quam

86 3305 316 3362 iocosam
359 3308 663 3364 irrisionem
707 3316 759 3364 et
812 3309 1288 3381 reprehensionem
1331 3310 1553 3365 verbum
1598 3310 1916 3378 προσεκαύθη
1955 3326 2079 3365 con·

87 3395 286 3450 tineret
322 3396 375 3450 in
436 3396 682 3471 SympoS.
720 3397 808 3452 lV.
854 3401 946 3453 23.
1026 3399 1191 3472 Coqui
1230 3398 1491 3454 (licuntur
1526 3398 1598 3453 τὰ
1638 3398 1783 3466 ὄψα,
1828 3399 1886 3452 τὸ
1926 3398 2077 3466 κρέας

86 3481 396 3551 προσκάειν,
436 3491 488 3539 et
537 3485 668 3542 haec
712 3487 823 3559 ipsa
864 3486 952 3542 ubi
992 3488 1160 3543 nimio
1203 3490 1325 3561 igne
1363 3487 1548 3542 adusta
1582 3493 1710 3541 sunt
1761 3488 2079 3556 προσκαυθῆ-

0 3612 2 3619 2
85 3592 165 3626 ναι
209 3570 503 3639 dicuntur,
548 3589 672 3629 vasa
717 3591 928 3647 quoquc
965 3582 1019 3632 et
1056 3578 1268 3649 patinae
1315 3576 1533 3633 miceslao
1566 3573 1827 3633 dicuntur
1867 3596 2078 3647 προσκε-
