2436 4068
1331 206 1436 259 554

383 355 760 421 γεγενημένον,
816 350 886 413 οἷς
941 353 993 406 δὲ
1043 353 1196 420 φίλος
1246 353 1536 407 τούναντίον
1580 354 1790 421 ἐχθρόν,
1844 357 1888 407 si
1934 356 2055 426 quis
2105 356 2205 410 hoc
2253 358 2368 427 agit⁴

384 444 538 499 facile
590 442 782 497 sentiet
836 457 933 511 pro
974 439 1080 503 ἥκει
1139 442 1440 494 necessario
1497 442 1701 512 requiri
1742 440 1866 507 ἧκε,
1927 445 2015 497 cui
2068 443 2236 498 hostis
2283 463 2365 499 ve-

381 534 569 594 nisset‚
610 531 658 584 ei
691 529 926 583 amicum
968 544 1084 582 esse
1134 527 1354 582 factum.
1432 528 1629 583 Eodem
1670 528 1828 583 modo
1861 527 1948 591 ἧκε
1988 563 2062 571 —
2103 531 2210 594 ἥκει
2247 550 2368 587 con-

382 621 497 674 fusa
542 624 669 672 sunt
715 635 770 689 p.
806 621 946 680 674,
990 620 1080 672 26.
1163 617 1360 671 Mirum
1405 624 1485 671 est
1527 618 1579 670 in
1635 616 1832 672 talibus
1877 635 1979 672 non
2034 621 2236 675 sentire
2275 620 2366 674 ho-

382 710 555 762 mines
609 705 829 769 doct03,
889 721 1051 777 quam
1110 706 1181 759 sit
1235 706 1536 776 incongrua
1593 712 1898 776 temporum
1949 708 2107 763 ratio,
2198 708 2368 779 Magis

385 797 547 850 etiam
606 792 852 848 mirabile
903 802 984 847 est
1030 794 1087 846 in
1139 793 1330 866 Lysiae
1381 791 1529 848 Orat.
1570 793 1809 847 XXVIII.
1852 800 1903 849 4.
1959 798 2001 851 εἰ
2057 797 2178 861 ὑμῖν
2233 806 2368 865 Θρα-

379 886 632 951 σύβουλος
676 883 1050 947 ἐπηγγέλλετο
1090 885 1301 950 τριήρεις
1341 881 1476 949 ἔχων
1517 881 1891 937 ἐκπλεύσεσθαι
1934 883 2144 938 tamdiu
2183 883 2369 939 absur-

381 973 511 1026 dum
549 971 916 1037 ἐπηγγέλλετο
955 969 1174 1024 tolerari
1217 971 1487 1042 potuisse:
1530 971 1574 1022 si
1614 969 1762 1024 vohis
1799 971 2172 1044 Thrasybulus
2211 973 2367 1045 polli-

382 1070 613 1126 ceretur,
655 1075 821 1131 quum
857 1058 928 1112 sit
964 1058 1084 1113 luce
1121 1058 1320 1112 clarius
1350 1057 1618 1130 pollicitus
1652 1067 1782 1111 esset
1815 1062 2055 1130 requiri,
2095 1062 2368 1127 ἐπήγγελ-

380 1171 468 1215 το,
491 1149 555 1203 de
582 1165 687 1220 quo
708 1163 953 1202 errorum
977 1163 1171 1216 genere
1196 1146 1366 1200 multa
1397 1162 1561 1217 supra
1583 1148 1960 1200 annotavimus
1977 1191 1989 1211 ‚
2013 1149 2208 1219 quibus
2231 1149 2366 1204 adde

380 1255 578 1293 novum
619 1235 924 1307 exemplum
963 1235 1373 1303 προσερραπτετο
1425 1251 1520 1305 pro
1572 1235 1918 1302 προσέρραπτο
1963 1237 2103 1306 apud
2145 1237 2366 1293 Moerid.

381 1328 491 1381 Att.
535 1344 582 1380 v,
624 1323 937 1385 Κατωνοέκηε
981 1323 1100 1377 vide
1142 1331 1193 1378 et
1244 1323 1316 1376 ihi
1349 1323 1592 1378 Pierson.
1637 1340 1690 1394 p.
1728 1326 1854 1377 225.
1934 1324 2036 1378 Sed
2081 1342 2185 1379 non
2231 1342 2369 1380 sem-

378 1432 509 1486 per,
561 1414 784 1485 opinor,
836 1413 980 1466 inter
1018 1411 1305 1482 legendum
1358 1411 1456 1465 hoc
1511 1412 1752 1481 agimuS,
1812 1419 1865 1465 et
1920 1413 1964 1466 si
2016 1414 2360 1485 perspicuum

380 1511 459 1556 est
513 1501 642 1574 quid
691 1501 907 1555 dicatur
964 1517 1068 1554 non
1124 1517 1335 1570 semper
1385 1498 1715 1554 attendimus
1763 1517 1829 1554 an
1886 1501 1957 1554 sit
2013 1502 2184 1555 oratio
2233 1501 2366 1558 bene

382 1592 618 1655 Graeca,
677 1589 820 1643 unde
860 1606 978 1644 eam
1026 1589 1347 1642 sententiam
1403 1587 1794 1657 collegerimus,
1873 1588 1932 1642 In
1976 1591 2135 1644 unico
2180 1589 2371 1645 Codice

381 1680 573 1753 Lysiae
623 1678 825 1749 legitur
876 1680 931 1731 in
994 1676 1139 1732 Orat.
1179 1675 1365 1730 XXIV.
1410 1679 1460 1729 8.
1519 1680 1602 1728 νῦν
1644 1677 1687 1731 δ’
1728 1677 1902 1738 ἐπειδὴ
1943 1677 2029 1732 καὶ
2075 1686 2240 1747 γῆρας
2281 1680 2368 1733 καὶ

381 1770 509 1823 νόσοι
565 1767 653 1822 καὶ
707 1767 779 1821 τοὶ
832 1766 1027 1827 τούτοις
1088 1765 1386 1833 ἐχόμενα
1438 1764 1582 1818 κακοὶ
1624 1767 2024 1831 προσ-γίγνεταιε
2100 1767 2233 1834 Quis
2287 1774 2372 1822 est

385 1858 477 1927 qui
530 1855 660 1909 haec
722 1855 880 1908 verba
934 1871 1039 1907 non
1097 1855 1280 1908 statim
1337 1853 1537 1923 optime
1595 1853 1902 1923 intelligat?
1986 1853 2088 1909 Sed
2131 1857 2272 1910 inest
2313 1856 2368 1909 in

383 1945 469 1998 his
509 1945 764 1998 immanis
805 1943 1181 2006 soloecisnmS‚
1225 1958 1384 2012 quem
1427 1941 1699 1995 Bekkerus
1739 1943 1935 1998 tacitus
1973 1944 2223 2008 sustulit,
2281 1943 2372 1998 alii

383 2040 723 2087 revocarunt.
805 2030 937 2098 Quis
975 2031 1146 2084 nescit
1181 2031 1251 2084 τοὶ
1305 2031 1575 2091 τούτοις
1629 2029 1859 2097 ἐχόμενα
1913 2031 2019 2086 dici
2070 2050 2171 2086 non
2220 2049 2373 2104 posse

383 2140 479 2194 pro
534 2123 605 2176 τοὶ
653 2121 906 2175 τούτων
962 2119 1232 2186 ἐχόμεναῗ
1315 2119 1426 2172 Νοη
1471 2125 1586 2172 erat
1629 2125 1805 2172 tamen
1850 2121 2039 2174 vitium
2085 2122 2139 2174 in
2175 2137 2372 2193 prono·
2434 2108 2436 2115 Α

381 2213 528 2266 mine
568 2209 660 2264 sed
700 2209 754 2261 in
798 2209 1112 2279 participio:
1170 2215 1231 2261 tu
1271 2224 1396 2260 vero
1437 2224 1625 2260 revoca
1664 2207 1891 2262 Bekkeri
1938 2210 2368 2265 emendationem
2433 2259 2436 2262 .

382 2302 469 2355 καὶ
530 2300 603 2353 τοὶ
661 2297 856 2357 τούτοις
914 2297 1254 2362 ἑπόμενα,
1314 2304 1375 2350 ut
1435 2295 1575 2367 apud
1640 2295 1911 2350 Platonem
1974 2298 2038 2352 de
2099 2299 2225 2369 Rep.
2277 2297 2368 2352 III.
2434 2311 2436 2354 i

382 2407 434 2461 p.
467 2391 575 2442 406
616 2386 676 2440 D.
719 2385 922 2440 πιλίδιοὲ
958 2406 1017 2439 τε
1057 2385 1170 2452 περὶ
1211 2387 1302 2446 τὴν
1344 2386 1583 2453 κεφαλὴν
1626 2386 1894 2451 περιτιθεὶς
1935 2386 2021 2440 καὶ
2056 2388 2127 2440 τοὶ
2173 2387 2369 2447 τούτοις
2428 2383 2436 2447 ,ἶ

385 2478 646 2543 ἑπόμενα,
687 2482 739 2529 et
771 2473 914 2528 alibi.
996 2473 1055 2526 In
1094 2473 1328 2527 Platonis
1370 2473 1592 2527 Politico
1632 2490 1682 2544 p.
1709 2477 1811 2527 271
1851 2475 1905 2527 B.
1949 2476 2196 2542 ἐχόμενον
2236 2475 2372 2531 male
2428 2507 2431 2526 ;

386 2567 648 2637 scriptun]
691 2570 770 2617 est
810 2579 908 2633 pro
963 2562 1206 2628 ἑπόμενον
1259 2563 1313 2614 in
1351 2561 1550 2615 verbis:
1594 2562 1839 2630 ἐχόμενον
1880 2563 1985 2631 γάρ
2025 2565 2100 2621 ἐςι
2143 2565 2213 2632 τῷ
2253 2566 2370 2626 τοὺς
2433 2580 2436 2589 ²

385 2654 689 2724 πρεσβύτας
732 2651 817 2705 ἐπὶ
872 2653 964 2713 τὴν
1018 2655 1107 2704 τοῦ
1166 2650 1344 2710 παιδὸς
1398 2650 1524 2704 ἱέναι
1574 2652 1732 2718 φύσιν
1773 2653 1881 2705 κτέ.
1925 2660 1975 2705 et
2035 2658 2150 2722 post
2203 2669 2371 2723 pauca
2424 2647 2436 2726 ¹:

384 2762 436 2815 p.
479 2746 582 2796 ⁶271
628 2740 689 2794 E.
747 2739 976 2804 ἑπόμενα
1027 2739 1218 2792 vitiose
1268 2755 1362 2808 pro
1417 2738 1648 2805 ἐχόμενα
1699 2740 1754 2792 in
1801 2738 1917 2792 his:
1978 2739 2126 2794 ἄλλοι
2179 2743 2220 2794 ι’
2273 2739 2369 2796 ὅσα
2420 2728 2436 2806 5}-

384 2840 476 2894 τῆς
517 2829 760 2889 τοιαύτης
794 2828 870 2885 ἐςὶ
914 2827 1355 2892 κατακοσμήσεως
1390 2826 1649 2892 ἑπόμενα,
1692 2827 1825 2880 vidit
1860 2827 2146 2899 utrobique
2182 2845 2370 2883 verum
2415 2813 2436 2851 ’ἴ

385 2918 476 2973 sed
519 2933 614 2988 per
646 2924 995 2970 transennam
1040 2914 1425 2970 Stallbaumius
1460 2921 1512 2968 et
1546 2915 1646 2968 sibi
1686 2916 1798 2986 ipse
1831 2915 2094 2970 diffidens
2175 2916 2369 2983 Quam-

384 3007 478 3060 diu
518 3002 710 3069 ἕπομαι
761 3004 1002 3058 dativum
1044 3011 1097 3058 et
1138 3003 1332 3070 ἔχομαι
1369 3003 1664 3072 genitivum
1717 3004 1913 3059 habere
1950 3004 2216 3059 constabit
2264 3021 2368 3060 non

385 3092 723 3148 dubitabitur
764 3092 893 3163 quin
947 3098 1176 3162 utraque
1235 3091 1497 3145 correctio
1538 3092 1608 3145 sit
1660 3095 1980 3146 necessaria.
2061 3092 2244 3147 Obiter
2285 3109 2368 3147 νε,
2411 3127 2414 3136 .

384 3200 499 3237 ram
541 3180 827 3235 lectionem
869 3181 1097 3233 restitue
1138 3179 1279 3250 apud
1338 3180 1654 3233 Pausaniam
1695 3181 1756 3234 X.
1803 3185 1889 3235 25.
1934 3185 1983 3234 9.
2028 3181 2117 3235 ubi
2161 3181 2365 3235 editur:
2415 3177 2417 3182 ⁴

384 3271 689 3338 γέγραπται
731 3266 825 3333 μὲν
866 3266 1198 3334 Ἀνδρομάχη
1252 3267 1340 3321 καὶ
1376 3268 1398 3320 ὂ
1451 3275 1578 3327 παῖς
1618 3270 1661 3321 οἱ
1715 3269 1987 3335 προέςηκεν
2042 3269 2153 3323 ἕλό
2167 3289 2367 3335 μενος

383 3364 473 3415 τοῦ
515 3360 724 3424 μαςοῦ,
765 3354 858 3408 ubi
904 3355 1235 3422 ἐχόμενος
1276 3359 1364 3408 τοῦ
1408 3355 1686 3420 ἱματίου
1739 3356 2042 3426 legendum.

459 3447 786 3516 Priusquam
838 3443 1108 3496 Anabasin
1150 3443 1214 3497 de
1261 3441 1512 3496 manibus
1551 3443 1810 3514 deponam
1854 3461 1917 3498 ex
1958 3445 2184 3499 caeteris
2235 3445 2363 3499 scri·

384 3536 493 3608 ptis
533 3532 931 3604 Xenophonteis
969 3530 1252 3585 nonnullos
1291 3530 1434 3585 locos
1485 3537 1818 3585 tractaturus
1860 3532 2006 3587 lubet
2049 3533 2247 3587 diversi
2282 3549 2366 3604 ge-

388 3624 532 3679 neris
573 3622 938 3694 quaestionem
981 3627 1035 3675 et
1075 3620 1493 3674 controversiam
1535 3620 1836 3691 attingere,
1878 3638 2013 3692 quae
2051 3639 2217 3693 quum
2259 3637 2362 3675 non
