2436 4068
1281 285 1386 333 100

323 427 510 482 venire.
593 426 727 480 Hinc
782 426 1146 498 Xenophontis
1194 424 1371 478 locum
1415 425 1470 477 in
1512 423 1799 478 Hellenicis
1844 426 1931 480 IV.
1972 445 2017 480 v.
2064 431 2146 481 15.
2189 443 2309 481 con-

328 516 481 570 stitui
520 520 755 586 oportet:
795 515 1083 581 άναχωρεῖν
1133 514 1319 572 αὐτοὺς
1363 513 1568 566 ἐκέλευε
1609 513 1723 580 πρὶν
1762 515 1878 574 τοὺς
1923 516 2145 576 ὁπλίταις
2187 516 2312 580 ὁμοῦ

328 604 593 668 γενέσθαι,
634 618 759 656 nam
792 618 878 654 res
913 600 1240 665 ita-demum
1272 606 1418 654 recte
1451 605 1701 654 enarrata
1729 601 1862 664 erit,
1904 601 1997 655 ubi
2028 611 2132 663 τοῖς
2171 603 2312 657 ὁπλί-

331 711 449 750 ταις
505 689 798 759 receperis,
852 687 993 758 quod
1048 687 1357 743 Schneider.
1401 695 1454 743 et
1493 687 1733 742 Dindorf.
1786 688 1925 743 male
1979 695 2316 760 spreverunt.

336 779 474 832 Dum
519 776 776 848 peltastae
819 774 1109 847 Spartanos
1154 775 1480 832 lacesserent
1518 778 1560 830 οἱ
1599 778 1813 831 ὁπλῖται
1857 776 2318 844 παρατεταγμένοι

334 863 462 926 ἦσαν
499 869 553 919 οὐ
595 865 752 931 πόρρω
793 871 885 926 τῆς
933 864 1133 925 πόλεως
1173 880 1347 935 neque
1387 863 1623 936 pugnam
1663 864 2026 936 capessebant.
2107 863 2320 936 Sparta-

333 953 419 1006 nis
453 952 752 1023 imperatur
785 958 847 1004 ut
887 968 943 1006 se
978 952 1239 1023 recipiant
1291 953 1606 1024 priusquam
1646 952 1709 1006 ad
1754 969 1877 1007 eum
1927 952 2105 1006 locum
2141 969 2318 1022 perve-

333 1040 552 1103 nissent,
596 1039 684 1092 ubi
723 1042 765 1093 οἱ
805 1040 1019 1094 ὁπλῖται
1059 1039 1272 1093 stabant
1313 1041 1364 1092 in
1403 1041 1593 1104 armis,
1635 1041 1727 1111 qui
1769 1057 1824 1094 se
1866 1039 2100 1093 nondum
2143 1056 2318 1094 move-

333 1127 493 1191 hant,
534 1126 880 1198 quamobrem
919 1134 1024 1188 τοῖς
1066 1128 1307 1188 ὁπλίταις
1348 1128 1472 1193 ὁμοῦ
1519 1127 1884 1182 necessarium
1929 1144 2044 1181 esse
2085 1134 2321 1199 apparet.

409 1215 565 1268 Iuvat
614 1214 797 1269 eodem
851 1214 1007 1268 modo
1060 1216 1222 1269 etiam
1277 1214 1504 1269 aliorum
1557 1216 1846 1270 Poetarum
1891 1215 2212 1269 auctoritate
2259 1231 2322 1270 ac

333 1302 658 1357 testimoniis
699 1304 780 1356 uti
820 1302 886 1356 ad
927 1302 1152 1357 eluenda
1192 1304 1414 1374 antiqua
1454 1303 1717 1374 quaedam
1764 1302 1957 1357 menda
1996 1320 2060 1357 ex
2098 1304 2320 1375 scripto-

334 1390 486 1443 ribus
526 1390 744 1456 Atticis,
786 1391 839 1443 in
882 1390 1077 1461 quibus
1121 1389 1332 1444 facilius
1380 1391 1706 1462 peccabatur
1749 1397 1802 1446 et
1839 1390 1987 1445 fraus
2022 1390 2214 1445 melius
2248 1390 2320 1445 la-

333 1477 483 1531 tebat
518 1494 678 1548 quam
721 1479 776 1531 in
813 1478 1149 1532 Comicorum
1185 1478 1448 1534 versibus,
1511 1478 1738 1550 Impune
1769 1478 1944 1532 adhuc
1977 1477 2323 1533 Demostheni

334 1565 530 1618 vitium
570 1564 782 1619 dicendi
818 1565 1024 1620 scribae
1072 1564 1426 1620 affricuerunt
1463 1567 1518 1620 in
1560 1567 1800 1620 oratione
1841 1568 1964 1633 ὑπὲρ
2002 1574 2322 1631 Μεγαλοπο-

338 1658 490 1708 λιτῶν
526 1669 575 1723 p.
621 1657 760 1717 202,
808 1658 891 1710 10.
934 1653 982 1708 εἴ
1017 1675 1096 1715 τις
1151 1656 1318 1708 αὐτῶν
1369 1654 1560 1724 άφέλοι
1605 1654 1663 1708 τὸ
1716 1655 2095 1720 γιγνώσκεσθαι
2136 1655 2221 1708 καὶ
2262 1656 2322 1710 τὸ

311 1749 401 1828 ’τῇ
442 1746 586 1809 φωνῇ
627 1741 803 1806 λέγειν
843 1745 1125 1806 Ἀττικῶς,
1165 1744 1390 1803 πολλοὺς
1441 1742 1505 1796 ἂν
1554 1739 1698 1809 οἶμαι
1745 1743 1863 1803 τοὺς
1916 1743 2012 1807 μὲν
2064 1742 2324 1810 Ἀρκάδας

307 1830 455 1890 ’τοὺς
496 1829 547 1882 δὲ
586 1827 841 1890 Λάκωνας
883 1833 1050 1884 αὐτῶν
1090 1827 1220 1884 εἶναι
1261 1831 1498 1896 νομίσαι,
1537 1847 1642 1884 non
1686 1836 1767 1884 est
1806 1830 1951 1884 enim
1991 1830 2132 1895 bene
2165 1831 2323 1886 Grae-

290 1905 297 1973 s
338 1933 463 1970 cum
516 1917 767 1976 Ἀττικῶς
819 1917 995 1982 λέγειν
1048 1922 1141 1971 aut
1191 1917 1368 1982 λέγειν
1422 1923 1756 1981 Ἑλληνικῶς.
1837 1917 2325 1974 Grammaticorum

336 2004 425 2057 hic
463 2020 595 2057 usus
636 2010 743 2068 est,
784 2006 876 2076 qui
924 2007 1002 2060 sic
1043 2006 1251 2076 antiqui
1295 2007 1556 2060 sermonis
1604 2007 1770 2060 Attici
1810 2007 2191 2077 proprietatem
2237 2025 2327 2062 no-

335 2099 453 2146 tare
495 2091 664 2146 solent
706 2099 757 2146 et
799 2093 864 2146 ad
900 2093 1205 2164 aequalium
1243 2096 1503 2158 συνήθειαν
1542 2095 1782 2165 exigere,
1823 2100 1884 2148 ut
1924 2093 2013 2148 illa
2045 2097 2326 2160 Ἀττικῶς,

335 2179 468 2233 haec
508 2186 820 2242 Ἑλληνικῶς
872 2181 977 2235 dici
1033 2181 1287 2235 scribant.
1368 2182 1534 2236 Nemo
1580 2190 1822 2237 veterum
1865 2182 1940 2236 ita
1978 2181 2325 2253 loquebatur:

337 2267 586 2322 (licebant
633 2269 941 2336 άττικίζειν,
994 2269 1301 2337 ἑλληνίζειν,
1352 2269 1592 2337 ξενίζειν,
1645 2270 1927 2337 περσίζειν,
1979 2270 2325 2339 βοιωτιάζειν,

336 2357 580 2424 δωρίζειν,
623 2355 755 2419 alia.
795 2356 989 2427 quibus
1025 2373 1178 2428 saepe
1219 2365 1283 2426 τῇ
1321 2362 1464 2427 φωνῇ
1499 2357 1793 2423 addebant,
1843 2364 1903 2412 ut
1942 2357 2327 2414 Demosthenes

337 2443 591 2498 Aeschini
624 2443 827 2498 dicitur
866 2446 1065 2507 Σκύθης
1100 2445 1367 2512 βάρβαρος
1406 2447 1679 2515 ἑλληνίζων
1713 2455 1777 2515 τῇ
1812 2451 1956 2515 φωνῇ
1996 2447 2049 2499 ἰῐ]
2087 2445 2324 2518 ctesiph.

339 2531 378 2604 S
427 2535 533 2585 172
576 2538 629 2585 et
680 2533 992 2601 Βοιωτιάζων
1041 2541 1105 2601 τῇ
1153 2538 1298 2601 φωνῇ
1353 2533 1406 2586 in
1458 2533 1690 2588 Anabasi
1745 2534 1836 2589 111.
1880 2552 1915 2587 1.
1961 2536 2031 2587 26
2077 2540 2130 2588 et
2178 2533 2320 2589 alibi.

336 2620 440 2673 Pro
478 2621 758 2688 άττικίζειν
801 2627 854 2675 et
894 2621 1173 2688 ἑλληνίζειν
1217 2620 1466 2675 dicebant
1515 2623 1678 2676 etiam
1729 2622 1957 2678 άττικιςὶ
2010 2621 2187 2686 λέγειν
2231 2629 2325 2677 aut

337 2713 595 2776 τῇφωνῇ
651 2709 826 2773 λέγειν
878 2709 1131 2771 άττικιςί,
1180 2715 1234 2762 et
1294 2710 1521 2771 ἑλληνιςὶ
1574 2711 1776 2776 λέγειν,
1831 2716 1893 2764 ut
1941 2711 2135 2777 δωριςί,
2186 2711 2326 2775 iaci,

338 2795 570 2861 περσιςί,
610 2795 714 2850 alia
755 2798 1053 2852 notissima.
1135 2796 1453 2869 Posidippus
1494 2797 1635 2869 apud
1684 2797 1993 2854 Dicaearch.
2040 2799 2092 2851 in
2136 2798 2324 2869 Geogr.

340 2882 471 2934 min.
517 2882 756 2937 Hudsoni
799 2885 863 2938 ΙΙ.
906 2903 955 2957 p.
995 2889 1083 2940 25.

642 2973 705 3025 σὺ
740 2974 834 3036 μὲν
874 2974 1183 3041 άττικίζεις,
1225 2975 1351 3037 ἡνίκ’
1388 2973 1452 3028 ἂν
1489 2977 1661 3044 φωνην
1699 2975 1859 3044 λέγης

644 3065 834 3114 σαυτοῦ
875 3065 988 3124 τιν’,
1027 3064 1069 3116 οἱ
1110 3062 1440 3124 δ’«“Έλληνες
1476 3063 1822 3131 ἑλληνίζομεν.

339 3146 520 3200 Alexis
560 3146 751 3200 Athen.
796 3148 910 3202 VII.
950 3153 1075 3203 287.
1117 3150 1176 3204 F.

790 3243 794 3247 ”
1035 3237 1351 3306 μεμβράδας
1390 3260 1474 3304 μοι
1511 3247 1737 3308 κρεῖττον
1771 3237 1828 3301 ἦν

717 3321 856 3388 ἔχειν
895 3329 1014 3387 μετ’
1055 3328 1282 3383 άττικιςὶ
1324 3328 1602 3393 δυναμένου
1640 3335 1845 3382 λαλεῖν.

337 3409 668 3481 Antiphanes
708 3410 898 3463 Athen.
942 3410 1054 3465 Vll.
1099 3417 1206 3467 523
1248 3414 1303 3467 B.

487 3498 625 3551 πάνυ
663 3500 829 3565 συχνὴ
865 3500 1143 3567 σφύραινα.
1187 3511 1241 3554 Β.
1283 3502 1468 3569 κε’ςραν
1509 3503 1736 3559 άττικιςὶ
1778 3504 1859 3556 δεῖ
1892 3500 2084 3566 λέγειν.

333 3584 469 3640 Hinc
524 3586 795 3657 colligitur
839 3587 1086 3641 vitiosam
1138 3605 1253 3642 esse
1296 3589 1608 3654 lectionem,
1659 3605 1795 3660 quae
1829 3590 1902 3643 ‘in
1953 3589 2326 3643 Demosthenis

333 3670 484 3725 libris
517 3680 598 3727 est
634 3681 686 3728 et
720 3684 784 3743 τῇ
825 3679 969 3744 φωνῇ
1006 3676 1180 3741 λέγειν
1216 3679 1447 3734 άττικιςί
1482 3677 1547 3732 ab
1581 3679 1694 3748 ipso
1725 3676 1951 3734 ,Oratore
1987 3678 2322 3750 popularium
