2436 4068
127 337 432 405 καλεσάμην
472 338 807 406 σπουδάζειν,
849 337 941 391 sed
998 337 1126 409 quid
1164 353 1350 390 verum
1389 337 1462 390 sit
1517 352 1618 389 uon
1664 336 1886 407 reperio.
1969 337 2100 393 Red-

127 425 360 482 dendum
415 433 497 479 est
550 424 986 493 προύκαλεσάμην
1039 425 1286 498 Lycurgo
1343 426 1395 478 in
1440 424 1723 478 Leocratea
1784 429 1812 496 §
1856 428 1943 478 28.
2006 443 2101 498 pro

126 513 572 580 παρεκαλεσάμην
620 515 674 566 in
722 512 926 567 verbis:
974 513 1419 581 παρεκαλεσάμην
1457 512 1563 579 γάρ
1600 512 1787 573 αὐτοὺς
1827 513 2103 580 πρόκλησιν

128 602 250 669 ὑπὲρ
288 602 479 655 τούτων
532 601 777 658 ἀπάντων
824 600 1060 667 γράψας.
1141 601 1346 655 Vitiose
1397 602 1795 668 προσκαλεῖσθαι
1838 603 2102 673 scriptum

128 695 210 744 est
245 688 387 760 apud
431 688 700 743 Platonem
739 687 803 741 de
839 687 1071 758 Legibus
1106 688 1193 742 XI.
1236 706 1288 759 p.
1329 691 1437 743 936
1477 689 1538 743 E.
1598 687 1688 743 ε’άν
1728 708 1806 749 τις
1858 690 1979 744 ἑκὼν
2027 693 2101 755 μὴ

125 776 245 846 θέλῃ
299 783 573 843 μαρτυρεῖν
630 777 1030 843 προσκαλεῖσθαι
1100 778 1184 829 τὸν
1250 775 1482 841 δεόμενον
1505 815 1516 835 ,
1580 778 1602 829 o‘
1661 776 1713 830 δὲ
1771 779 2103 844 προσκληθεὶς

125 866 416 919 ἀπαντάτω
457 866 578 932 πρὸς
618 866 710 926 τὴν
749 864 925 927 δίκην,
965 879 1182 918 necesse
1214 870 1295 917 est
1324 864 1466 917 enim
1507 870 1564 916 ut
1597 865 1876 918 testimonii
1911 865 2103 920 denun-

127 954 277 1007 ciatio
322 953 521 1008 Graece
560 951 876 1019 πρόκλησις,
934 968 1036 1005 non
1085 951 1435 1018 πρόσκλησις,
1493 950 1707 1005 dicatur
1746 959 1799 1006 et
1849 953 1923 1007 ita
1963 970 2103 1008 asso-

126 1041 232 1105 let,
272 1039 616 1113 quamobrem
654 1041 1020 1107 προκαλεῖσθαι
1061 1045 1114 1093 et
1165 1038 1462 1106 προκληθείς
1501 1038 1928 1094 rescribendum.

202 1129 375 1184 Locus
429 1128 832 1200 Xenophontis,
882 1144 1042 1199 quem
1084 1127 1241 1181 modo
1288 1128 1511 1199 apposui
1552 1125 1662 1179 Vll.
1704 1144 1772 1180 ιν.
1816 1131 1903 1181 58.
1958 1126 2033 1183 ὅτι
2077 1133 2104 1193 ἡ

127 1224 226 1273 τῶν
270 1218 567 1272 Μαντινέων
619 1216 770 1276 πόλις
811 1217 1046 1284 ἐγγυῷτο
1088 1212 1119 1276 ἦ
1155 1217 1258 1280 μην
1299 1214 1537 1281 παρέξειν
1586 1216 1657 1275 εἷς
1696 1216 1754 1269 τὸ
1795 1217 1951 1270 κοινὸν
1991 1218 2106 1271 ὁπό-

130 1327 246 1367 σους
278 1326 357 1368 τις
396 1311 736 1373 προσκαλοῖτο
776 1303 1027 1358 admonet
1065 1320 1150 1357 me
1190 1304 1422 1367 erroriS‚
1479 1319 1636 1373 quem
1679 1303 1805 1357 olim
1856 1305 1908 1357 in
1949 1304 2107 1378 Lysia

131 1394 375 1450 commisi
414 1401 467 1449 et
508 1410 650 1447 nunc
707 1409 764 1446 re
812 1392 1006 1446 melius
1058 1398 1335 1463 perspecta
1387 1391 1501 1462 ipse
1553 1390 1892 1462 redarguam.
1973 1393 2106 1448 Ede-

129 1482 290 1537 hatur
339 1482 392 1536 in
434 1478 579 1536 Orat.
617 1480 756 1534 XllI.
800 1484 888 1534 23.
939 1479 1091 1545 ἄγειν
1142 1481 1238 1545 μὲν
1278 1479 1363 1533 τὸν
1412 1479 1698 1547 Ἀγόρατον
1757 1482 1846 1534 οὐκ
1898 1479 2106 1549 ἔφασαν

127 1572 461 1638 προήσεσθαι,
498 1571 785 1639 ἀφηροῦντο
819 1569 871 1624 δὲ
908 1568 996 1623 καὶ
1033 1569 1302 1633 ἠγγυῶντο
1338 1566 1425 1620 καὶ
1462 1567 1756 1633 ὡμολόγουν
1795 1568 2107 1636 παρέξειν

125 1660 198 1719 εἷς
237 1659 330 1720 τὴν
365 1658 597 1724 βουλήν,
645 1657 733 1710 uhi
782 1656 1031 1725 παράξειν
1070 1655 1431 1711 rescriheham
1474 1654 1730 1710 inductus
1770 1657 1823 1710 in
1866 1675 2106 1713 errorem

120 1750 197 1818 ἐς
230 1750 302 1801 52
341 1753 396 1801 et.
436 1751 523 1800 55.
568 1744 659 1798 ubi
709 1745 939 1816 legitur:
980 1745 1303 1813 παράγουσιν
1353 1745 1423 1804 εἰς
1463 1745 1549 1798 τὸν
1585 1745 1741 1810 δῆμον
1782 1751 1835 1798 et
1876 1746 2105 1814 παράγει

130 1837 286 1890 αὐτὸν
325 1836 395 1895 εἷς
435 1834 521 1887 τὸν
554 1834 711 1897 δῆμον
752 1833 1044 1905 multisque
1093 1832 1215 1887 aliis
1264 1831 1430 1897 lociS,
1471 1831 1668 1903 quibus
1716 1834 2002 1902 producere
2039 1836 2109 1889 ad

123 1922 374 1995 populum
430 1921 633 1975 autad
684 1921 929 1975 Senatum
971 1921 1245 1992 legatum,
1305 1921 1601 1984 nuncium,
1664 1921 1925 1985 indicem,
1983 1925 2103 1978 sim.

130 2010 388 2077 παράγειν
408 2009 612 2062 dicitur
643 2010 716 2070 εἷς
752 2010 837 2063 τὸν
871 2011 1057 2075 δῆμον,
1097 2011 1189 2072 τὴν
1222 2010 1418 2076 βουλήν
1453 2015 1554 2063 cet.
1598 2008 1700 2063 Sed
1731 2027 1848 2064 sero
1870 2012 2105 2067 intellexi

125 2097 303 2152 locum
341 2114 459 2152 esse
515 2097 927 2168 integerrimum
966 2114 1156 2168 meque
1191 2096 1402 2151 diversa
1448 2095 1768 2153 confudisse.
1848 2101 2106 2168 Παρέχειν

126 2187 244 2242 τινὰ
276 2187 347 2246 εἷς
394 2189 479 2240 τὸν
523 2186 680 2251 δῆμον
703 2227 716 2248 ,
757 2187 828 2246 εἷς
862 2187 954 2247 την
991 2187 1216 2252 βουλήν,
1257 2187 1328 2247 εἷς
1368 2186 1427 2239 τὸ
1462 2186 1651 2248 κοινόν,
1690 2187 1762 2248 εἰς
1799 2189 1994 2255 κρίσιν,
2034 2191 2106 2251 εἰς

124 2274 322 2343 ἀγοράν
378 2273 580 2328 dicitur
631 2273 696 2329 de
749 2290 874 2339 reo,
928 2275 1020 2345 qui
1076 2272 1142 2329 ad
1191 2290 1409 2328 causam
1461 2272 1742 2330 dicendam
1799 2276 1852 2330 in
1907 2276 2108 2332 iudicio

126 2362 378 2427 sistitur,
430 2363 543 2417 sive
594 2362 660 2417 ad
713 2362 1005 2435 populum,
1058 2363 1260 2417 sivein
1299 2363 1486 2425 curia,
1547 2363 1660 2418 sive
1710 2364 1851 2436 apud
1901 2366 2107 2422 iudices

126 2466 214 2504 res
257 2457 353 2505 est.
434 2450 702 2521 Aguratus
732 2468 797 2505 ex
831 2451 956 2506 Scto
993 2449 1362 2523 prehenditur.
1445 2449 1840 2522 Superveniunt
1882 2455 1976 2526 qui
2018 2453 2109 2508 ho-

127 2537 327 2592 minem
376 2538 609 2610 eripiant
660 2538 1062 2612 spondeantque
1105 2556 1161 2594 se
1200 2555 1324 2595 eum
1375 2539 1426 2592 in
1482 2539 1636 2593 curia
1691 2540 1950 2595 stituros:
2013 2543 2107 2598 ita·

126 2642 232 2696 que
285 2628 551 2691 ἠγγυῶντο
604 2627 919 2696 παρέξειν
973 2630 1044 2689 εἷς
1093 2631 1185 2691 τὴν
1242 2628 1465 2693 βουλήν,
1507 2633 1569 2681 ut
1606 2627 1747 2699 apud
1791 2629 2106 2702 Xenophon-

127 2720 235 2768 tem
279 2714 515 2782 ἐγγυῷτο
556 2712 587 2776 ἦ
624 2717 727 2782 μὴν
778 2715 1101 2784 παρέξειν
1155 2717 1226 2777 εἷς
1281 2717 1340 2770 τὸ
1392 2715 1565 2770 κοινόν.
1649 2716 1823 2771 Pauca
1867 2719 2107 2791 exempla

124 2808 303 2857 certae
359 2802 480 2858 fidei
539 2803 824 2860 sufficient.
906 2805 965 2859 ln
1023 2804 1388 2877 psephismate
1448 2803 1588 2877 apud
1644 2803 1993 2862 Plutarchum
2050 2810 2103 2863 in

127 2890 237 2944 vita
274 2890 621 2963 Antiphontis
674 2911 724 2965 p.
766 2899 873 2949 855
915 2895 975 2949 E.
1033 2893 1266 2964 legitur:
1319 2892 1791 2961 παρασχόντων
1837 2896 1880 2950 δ’
1915 2899 2103 2959 αὐτοὺς

126 2980 169 3033 οἱ
208 2982 455 3046 ςρατηγοὶ
510 2982 596 3035 καὶ
639 2983 696 3036 ἐκ
745 2990 837 3045 τῆς
877 2984 1069 3049 βουλῆς
1123 2980 1325 3044 οὕςινας
1374 2981 1437 3036 ἂν
1484 2982 1600 3051 δοκῇ
1647 2989 1752 3044 τοῖς
1805 2993 2103 3051 ςρατηγοῖς.

128 3066 407 3122 Aeschinis
460 3068 525 3124 de
580 3069 635 3123 F.
678 3069 734 3123 L.
791 3075 982 3141 5117.
1045 3072 1144 3133 τὰς
1198 3073 1248 3125 δὲ
1302 3071 1479 3132 πόλεις
1535 3072 1977 3140 παρεχούσας
2031 3076 2102 3135 εἷς

127 3156 284 3221 κρίσιν
341 3159 457 3218 τοὺς
510 3160 860 3222 ἀδικήσαντας
920 3160 1166 3227 ἀζημίους
1226 3156 1374 3214 εἶναι.
1456 3158 1574 3231 lpse
1633 3159 1824 3232 Lysias
1875 3160 2104 3232 denique

127 3242 240 3297 loco
278 3244 553 3300 simillimo
587 3248 640 3301 in
681 3245 828 3302 Orat.
870 3247 1058 3303 XXlll.
1102 3252 1153 3302 9.
1195 3246 1337 3302 εἶπόν
1374 3268 1507 3309 τινες
1547 3244 1622 3302 ὅτι
1663 3246 1739 3308 εἵη
1774 3249 1913 3315 αὐτῷ
1950 3250 2103 3303 ἀδελ·

124 3331 224 3398 φὸς
263 3329 314 3391 ὃς
349 3331 657 3400 ἐξαιρήσοιτο
698 3336 854 3391 αὐτὸν
893 3339 963 3397 εἷς
1006 3337 1308 3405 ἐλευθερίαν.
1366 3335 1450 3390 ἐπὶ
1488 3335 1683 3395 τούτοις
1720 3335 2103 3402 ἐγγυησάμενοι

129 3416 428 3485 παρέξειν
468 3423 538 3484 εἷς
568 3424 763 3490 ἀγοράν
799 3424 991 3492 ᾤχοντο
1024 3426 1284 3486 ἀπιόντες.
1339 3424 1605 3492 Παράγὲιν
1639 3431 1817 3477 aulem
1860 3422 1925 3477 de
1960 3422 2104 3494 lega-

130 3506 198 3559 tis
254 3506 477 3579 aliisque
535 3509 769 3576 dicitur,
831 3514 923 3585 qui
987 3513 1038 3566 in
1093 3514 1348 3567 concione
1398 3513 1755 3586 producuntur
1816 3510 1881 3565 ad
1941 3528 2102 3584 popu·

131 3592 256 3648 luni.
340 3597 626 3665 Aguratum
688 3602 852 3672 igitur
893 3618 1058 3673 quum
1119 3601 1376 3657 indicium
1429 3601 1697 3672 professus
1753 3605 1891 3654 esset
1945 3603 2104 3668 παρή-
