2436 4068
988 160 1092 212 755

354 307 573 376 Φεύγειν
610 307 704 372 μὲν
743 307 831 359 οὐκ
871 306 1080 359 ἀνεκτὸν
1120 305 1218 358 οὐδ’
1258 304 1532 368 εἰώθαμεν·

353 399 439 451 τὸν
477 398 565 449 τοῦ
605 396 711 448 θεοῦ
752 396 804 448 δὲ
842 394 1076 461 χρησμὸν
1115 395 1177 446 οὐ
1217 392 1530 449 κοικιςέον.

47 527 50 530 .
132 482 462 554 Intelligisne
501 482 630 553 quid
664 483 733 535 sit
771 485 824 535 οὐ
863 481 1180 538 κακιςέον
1219 482 1305 534 τὸν
1341 478 1609 547 χρησμόνὲ
1666 478 1779 532 Non
1818 479 2021 549 opinor.

28 572 289 639 -Κακίζειν
339 579 420 626 est
464 571 734 636 λοιδορεῖν,
787 573 955 630 κακῶς
996 570 1198 633 λέγειν,
1251 577 1304 622 et
1355 569 1652 635 κακίζεσθαι
1713 566 1868 621 κακόν
1910 569 2021 622 sive

23 661 216 722 ,δειλὸν
257 656 418 714 εἷναι;
477 660 658 729 itaque
696 659 749 711 οὐ
790 659 1022 713 κακιςέον
1062 664 1155 710 aut
1193 657 1473 720 τολμητέον
1525 654 1792 726 significat
1833 661 1927 709 aut
1970 659 2024 711 οὐ

23 748 376 843 ἑλοιδορητέον.
453 745 716 800 Neutrum
771 744 958 798 horum
1016 743 1306 815 quidquam
1350 743 1475 797 facit
1516 743 1582 797 ad
1623 760 1755 797 rem.
1834 743 2026 798 Emen-

22 807 293 895 o-tlandum
348 851 464 888 esse
516 850 704 888 censeo
750 835 839 887 οὐκ
891 832 1196 894 ἀτιςέον,
1255 848 1488 902 namque
1536 833 1621 885 τὸν
1661 833 1895 898 χρησμὸν
1936 834 2025 886 οὐκ
2076 811 2159 869 ‘²⁵⁷'

0 903 251 997 ,ἷάτίζειν
304 922 487 977 eodem
542 937 703 976 sensu
762 920 879 974 dici
929 928 1089 991 atque
1144 920 1377 987 χρησμὸν
1433 918 1624 985 ἡζόμην
1681 921 1825 983 θεοῦ,
1886 919 2028 990 quod

0 1004 291 1072 {inondum
342 1010 576 1081 poenitet
630 1010 931 1080 reposuisse
986 1010 1038 1061 in
1093 1005 1390 1060 Heraclidis
1449 1023 1526 1059 vs.
1575 1010 1735 1060 1058.
1831 1007 1891 1060 In
1947 1025 2029 1061 ra·

0 1076 199 1178 {tiore
238 1098 408 1153 forma
445 1098 668 1152 minime
705 1098 904 1151 mirum
946 1102 1028 1150 est
1072 1093 1275 1148 scribas
1316 1094 1638 1164 impegisse:
1682 1094 2027 1164 quemadmo-

0 1186 187 1261 *dum
248 1194 670 1241 OTXAZOMAI
733 1184 801 1258 (i.
845 1201 891 1239 e.
948 1186 1049 1251 οὐχ
1107 1180 1333 1253 ἅζομαι)
1393 1198 1798 1252 nonnumquam
1859 1185 1911 1236 in
1971 1186 2026 1238 οὐ

0 1219 36 1363 ¹3
55 1275 295 1344 χάζομαι
330 1275 716 1347 depravarunt,
757 1273 835 1325 sic
871 1277 1390 1329 ΟΤΚΑΤΙΣΤΕΟΝ
1428 1269 1647 1340 proclivi
1677 1287 1858 1325 errore
1895 1271 2032 1326 male

0 1346 36 1479 1}
61 1363 296 1418 divisum
337 1365 390 1416 in
426 1365 480 1418 οὐ
518 1361 753 1419 κακιςέον
792 1359 963 1431 potuit
1003 1358 1170 1413 abire.
1251 1359 1543 1429 Utramque
1595 1356 1821 1412 formam
1870 1359 2029 1427 ἀτίζω

0 1418 112 1629 ¹2et
162 1450 404 1518 ἀτιμάζω
459 1450 515 1503 in
569 1448 752 1503 eadem
813 1447 1080 1502 sententia
1146 1447 1323 1517 posuit
1377 1445 1666 1518 Euripides
1721 1447 1861 1519 apud
1917 1447 2032 1503 Sto·

31 1539 249 1594 haeum
289 1537 470 1593 Floril.
509 1541 600 1592 59.
645 1541 715 1599 7,
759 1540 827 1591 8;

0 1643 30 1707 ιι
360 1629 402 1682 εἰ
441 1626 485 1680 δ
525 1622 654 1687 ἦσθα
692 1626 766 1691 μὴ
804 1624 1012 1684 κάκιςος
1052 1623 1227 1677 οὔποτ’
1267 1644 1331 1677 αν
1372 1623 1578 1691 πάτραν

0 1710 29 1828 ῑὶ
359 1717 453 1778 την
492 1736 583 1778 σην
621 1713 848 1781 ἀτίζων
887 1714 1026 1775 τήνδ’
1065 1711 1130 1766 ἂν
1171 1711 1403 1777 εὐλόγεις
1444 1711 1612 1767 πόλιν.

0 1809 28 1886 'a‘
63 1813 118 1861 et
155 1805 259 1860 alio
292 1803 440 1859 loco:

362 1895 427 1953 ὦς
468 1890 518 1944 ἔν
557 1895 612 1955 y'
651 1888 764 1956 ἐμοι
804 1890 1002 1956 κρίνοιτ’
1042 1887 1105 1942 ἀν
1145 1891 1198 1942 οὐ
1240 1893 1411 1949 καλῶς
1449 1893 1648 1958 φρονεῖν

358 2000 464 2040 οςις
503 1977 746 2046 πατρῴας
786 1985 886 2042 γῆς
925 1977 1260 2045 ἀτιμάζων
1301 1974 1435 2044 ὅρους

0 2091 27 2145 ‚2
362 2068 532 2130 ἄλλην
571 2068 777 2121 ἐπαινεῖ
810 2066 896 2120 καὶ
937 2066 1190 2133 τρόποισιν
1230 2066 1423 2130 ἥδεται.

0 2007 33 2309 ¹¹
140 2158 377 2228 Denique
416 2154 948 2210 animadvertendum
990 2160 1070 2208 est
1108 2155 1415 2224 sequiorum
1468 2160 1766 2224 temporum
1811 2154 2032 2225 scripto·

62 2264 151 2303 res
188 2247 245 2300 iu
297 2244 395 2299 bac
444 2259 655 2315 quoque
694 2259 753 2297 re
796 2250 994 2297 temere
1046 2243 1274 2296 miscere
1324 2241 1519 2294 omnia.
1601 2239 1689 2295 Sic
1730 2241 2031 2312 Appianum

23 2335 215 2391 video
252 2337 413 2400 τιμᾶν
453 2339 507 2386 et
544 2333 763 2396 ἀτιμοῦν
803 2347 906 2385 non
964 2330 1126 2385 semel
1181 2332 1320 2384 inter
1358 2345 1415 2384 se
1466 2345 1765 2400 opponere,
1824 2335 1882 2382 ut
1925 2331 2039 2383 ἀτι·

0 2348 33 2503 ¹31
62 2430 190 2494 μοῦν
237 2439 335 2496 pro
371 2419 646 2488 ἀτιμάζειν
705 2425 1026 2491 usurpetur,
1080 2418 1245 2473 veluti
1299 2419 1352 2471 in
1408 2417 1535 2471 Bell.
1591 2417 1739 2471 civil.
1780 2417 1845 2471 ΙΙ.
1893 2417 2033 2471 129:

0 2516 34 2568 b!
63 2516 182 2575 τοὺς
221 2510 551 2579 ἀνδροφόνους
591 2512 786 2574 τιμάν
841 2506 1102 2571 ἀξιοῦντες
1139 2508 1255 2567 τοὺς
1291 2505 1552 2574 ἄρχοντας
1608 2510 1750 2573 σφῶν
1805 2506 2033 2570 ἀτιμώ-

67 2620 333 2661 σουσιν,
376 2605 430 2652 εἰ
481 2613 595 2668 cap.
631 2600 770 2651 154:
811 2598 926 2657 τοὺς
965 2594 1159 2650 ὕπατον
1201 2594 1594 2654 κατακανόντας
1633 2597 1846 2659 τιμάν
1886 2591 2036 2656 ἀξιώ·

0 2716 26 2767 ς,
61 2710 255 2758 σομεν,
310 2686 602 2752 ἀτιμοῦν
660 2685 712 2739 δὲ
761 2687 846 2739 τὸν
902 2684 989 2739 καὶ
1029 2690 1134 2744 τοῖς
1191 2683 1452 2748 πολεμίοις
1502 2682 1562 2735 δι’
1614 2682 1795 2749 ἀρετὴν
1849 2682 2035 2747 τίμιον.

0 2788 28 2849 ζ,
67 2777 147 2835 Cf.
187 2783 241 2832 et
276 2775 368 2830 111.
405 2777 475 2830 28
515 2780 569 2828 et
608 2776 698 2827 64.
780 2771 922 2826 Idem
977 2787 1143 2842 quum
1186 2770 1362 2824 dicere
1403 2769 1559 2824 veliet
1615 2769 1813 2840 »Leges
1851 2787 2040 2824 memo-

0 2856 30 2936 ἶζί
66 2867 203 2920 riam
240 2862 471 2926 aboleri,
513 2861 640 2915 bona
672 2859 936 2930 publicari
975 2858 1215 2914 iubent.''
1259 2875 1360 2912 non
1411 2857 1676 2913 dubitavit
1727 2857 1903 2912 dicere
1941 2857 2032 2912 111.

17 2949 27 3003 ἶ
69 2960 173 3011 18:
235 2954 300 3008 Οἱ
342 2952 479 3016 νόμοι
518 2951 611 3012 τὴν
662 2950 867 3015 μνήμην
907 2950 1213 3012 ἀτιμοῦσι
1271 2947 1357 3002 καὶ
1398 2947 1668 3012 δημεύουσι
1710 2947 1800 3008 την
1842 2965 2036 3012 περιου-

69 3045 216 3107 σίαν,
259 3040 347 3095 ubi
396 3055 551 3094 nemo
592 3037 878 3092 mirabitur
918 3037 970 3090 in
1014 3034 1282 3090 nonnuliis
1332 3052 1513 3090 errore
1567 3034 1878 3106 pervulgato
1928 3036 2037 3089 ἀτι-

70 3138 201 3199 μῶσι
241 3130 501 3200 scriptum
544 3143 676 3181 esse.

146 3220 461 3275 Pei-curram
504 3232 646 3270 nunc
688 3212 1049 3285 Xenophontis
1088 3211 1354 3276 libellum,
1393 3212 1483 3283 qui
1523 3211 1665 3277 Πόροι
1688 3211 1716 3274 ἢ
1741 3209 1850 3276 περὶ
1885 3229 2036 3277 προσ-

67 3308 187 3364 όδων
232 3304 582 3369 inscribitur,
621 3304 778 3358 cuius
819 3302 1182 3374 inscriptionis
1229 3302 1375 3373 prior
1432 3317 1555 3371 pars
1591 3299 1734 3365 Πόροι
1777 3297 1908 3351 mihi
1946 3314 2037 3352 an-

73 3397 219 3467 tiqua
271 3401 323 3449 et
364 3392 429 3447 ab
470 3393 582 3463 ipso
635 3389 979 3462 Xenophonte
1033 3389 1266 3462 profecta
1318 3405 1432 3443 esse
1485 3386 1711 3441 videtur.
1792 3386 1860 3440 Et
1910 3386 2038 3442 haec

72 3483 287 3555 quidem
344 3488 424 3535 est
484 3478 643 3552 proba
696 3478 976 3549 inscriptio
1032 3485 1084 3533 et
1140 3477 1299 3532 libelli
1354 3482 1670 3547 argumento
1738 3474 2035 3546 respondet.

73 3570 314 3628 Secunda
367 3585 488 3641 pars
528 3569 639 3636 περὶ
678 3567 925 3635 προσόδων
967 3565 1032 3621 ab
1086 3565 1311 3621 eruditis
1372 3565 1679 3636 sequiorum
1733 3570 2029 3634 temporum

0 2050 25 2081 Ι.
