2436 4068
1329 230 1434 279 598

395 379 652 448 οὐροδόκην
693 376 963 439 dixerint,
1005 371 1145 443 quod
1184 387 1372 425 nomen
1410 371 1475 426 de
1513 387 1660 426 more
1696 374 1750 427 in
1795 376 2062 445 οὐροδόχην
2114 376 2364 450 deprava,

395 476 522 532 tur,
565 473 625 520 ut
659 463 798 536 apud
835 462 1089 516 Clement.
1131 458 1415 513 Alexandr.
1458 460 1513 512 in
1563 459 1786 532 Paedag.
1823 463 1889 517 11.
1931 481 1979 535 p.
2020 468 2155 518 162:
2194 467 2367 533 χλεύη

393 555 569 609 δὲκαὶ
626 553 795 617 γέλως
842 549 1048 608 πλατὺς
1105 547 1380 615 οὐροδόχας
1424 546 1607 620 (scrib.
1650 549 1934 624 οὐροδόκας)
1993 555 2221 621 οὲργυροῖς
2278 554 2365 610 καὶ

390 642 586 708 ἀμίδας
629 642 787 699 ὑελοῖς
830 636 1161 705 ἐπιφέρεσθαι
1197 635 1315 695 τοὺς
1356 633 1560 703 ἄνδρας.
1644 638 1922 704 Οὐροδόκην
1966 639 2187 694 Photius
2226 642 2282 694 in
2316 658 2365 695 v·

391 748 455 785 ex
498 726 845 799 Xenophonte
893 724 1076 779 attulit
1118 739 1214 794 per
1259 738 1534 789 errorem,
1575 729 1636 777 ut
1683 726 1901 795 opinor:
1942 727 2083 797 quod
2121 728 2261 783 idem
2304 746 2368 783 ex

388 815 709 873 Antisthene
762 812 963 885 profert
1006 811 1212 881 Οὔρειον
1264 811 1412 876 βῖκον
1452 810 1593 882 apud
1642 811 1969 884 Hesychium
2020 814 2369 885 depravatum

389 911 473 960 est
514 904 569 958 in
623 901 1110 970 Οὖριόμβικονε
1164 900 1256 962 την
1306 901 1472 965 ἀμίδα
1514 900 1541 963 ἢ
1583 899 1852 968 οὐροδόχην
1910 901 2109 976 (-ο’κην).
2189 903 2369 959 Caete-

386 1009 512 1048 rum
554 990 761 1045 dudum
792 990 895 1043 viri
939 988 1081 1042 docti
1121 988 1298 1042 locum
1342 986 1630 1060 Hesychii:
1689 997 1738 1042 Π
1753 1009 1814 1056 ρο
1828 990 2104 1057 χοΐδαςε
2146 992 2371 1057 ἀμίδας,

387 1079 454 1135 ad
509 1078 914 1150 Xenophontem
973 1075 1314 1140 retulerunt,
1369 1076 1458 1147 qui
1502 1092 1562 1130 eo
1614 1075 1870 1131 vocabulo
1922 1079 2000 1132 sic
2054 1078 2265 1150 primus
2315 1087 2370 1133 et

389 1167 536 1223 solus
577 1182 708 1220 usus
745 1181 860 1219 esse
908 1163 1138 1218 videtur.
1985 1180 1988 1184 ·

463 1256 699 1328 Ineptire
738 1252 954 1307 videtur
1006 1251 1352 1305 librariorum
1393 1251 1526 1306 vitio
1568 1251 1860 1323 Xenophon
1901 1253 2040 1306 VIII.
2083 1271 2171 1308 vn.
2216 1259 2263 1308 4.
2305 1253 2371 1308 οἴ-

387 1345 513 1401 καδε
565 1342 798 1397 ἀπελθὼν
839 1338 1003 1403 ἔδοξεν
1051 1339 1458 1394 ἀναπαύσασθαι
1517 1341 1833 1405 κατεκλίθη,
1892 1339 2046 1394 nihili
2098 1348 2179 1396 est
2229 1341 2370 1413 quod

386 1431 530 1486 docti
565 1430 808 1484 homiues
844 1434 1110 1500 reponunt
1146 1427 1310 1492 ἔδοξεν
1345 1428 1742 1482 ἀναπαύσεσθαι
1763 1434 1817 1482 et
1853 1427 2158 1498 significare
2192 1430 2367 1484 aiunt:

379 1518 583 1591 placuit
617 1518 664 1572 ei
700 1517 1053 1588 requiescere,
1096 1514 1458 1570 diversissima
1495 1515 1816 1579 miscentes,
1859 1522 1920 1569 ut
1954 1516 2120 1571 vides,
2177 1517 2367 1573 Emen-

385 1606 626 1662 dandum
665 1621 781 1660 esse
829 1603 1098 1658 arbitror:
1140 1603 1346 1667 δόξαν
1386 1605 1792 1659 ἀναπαύσασθαι
1834 1605 2196 1667 κατεκλίνη.

461 1694 656 1766 Reperi
693 1691 1031 1746 verissimam
1073 1690 1468 1746 Hemsterhnsii
1511 1692 1898 1747 correctionem
1948 1693 2224 1747 excutiens
2264 1694 2366 1749 Xe-

388 1782 675 1855 nophontis
717 1779 1002 1834 editionem
1049 1778 1502 1850 Stephanianam,
1556 1796 1661 1851 qua
1699 1781 1781 1834 vir
1820 1796 2050 1850 magnus
2086 1797 2218 1835 usus
2264 1788 2368 1846 est,

388 1871 483 1927 uhi
526 1868 897 1925 annotationes
938 1866 1228 1938 quasdam,
1282 1874 1344 1921 ut
1383 1866 1612 1930 assolet,
1665 1868 1720 1920 in
1772 1884 1865 1923 ora
1904 1867 2027 1922 libri
2084 1875 2177 1923 aut
2228 1868 2371 1923 inter

385 1976 573 2015 versus
614 1956 931 2011 tenuissima
974 1954 1066 2009 sed
1120 1953 1450 2026 pereleganti
1504 1946 1774 2027 scriptura
1821 1953 2018 2010 allevit.
2097 1955 2157 2011 In
2211 1956 2373 2030 Cyro-

384 2046 536 2121 paed.
579 2045 668 2098 VI.
710 2061 767 2100 11.
813 2047 902 2098 28.
956 2042 1168 2098 editur:
1211 2041 1316 2103 δ’ςις
1356 2045 1696 2111 ἀλφιτοσιτεῖ
1731 2042 1879 2097 ὕδατι
1917 2043 2248 2110 μεμιγμένην
2286 2045 2369 2099 oze>

382 2139 475 2200 τὴν
515 2134 692 2202 μᾶζαν
745 2132 893 2186 ἐσθίει
918 2173 932 2194 ,
973 2130 1060 2184 καὶ
1100 2129 1204 2191 ὅςις
1245 2133 1508 2199 οὶρτοσιτεῖ
1544 2130 1690 2186 ὕδατι
1745 2132 2035 2198 δεδευμένον
2074 2134 2160 2187 τὸν
2198 2131 2367 2201 ἄρτον.

386 2226 621 2292 Quartae
660 2219 905 2275 literulae
946 2219 1217 2291 participii
1255 2220 1586 2284 μεμιγμένην
1627 2235 1789 2290 supra
1829 2221 2045 2291 scripsit
2076 2240 2143 2284 α,
2183 2223 2368 2275 rectis·

387 2314 523 2367 sime
564 2312 641 2365 sic
681 2308 973 2363 admonens
1008 2306 1360 2373 μεμαγμένην
1399 2323 1582 2361 veram
1619 2305 1900 2361 lectionem
1943 2323 2076 2362 esse.
2155 2308 2369 2364 Dicitur

384 2401 531 2456 enim
568 2397 715 2454 ὕδατι
754 2394 1008 2461 μάττειν,
1067 2402 1129 2449 ut
1162 2395 1320 2450 δεύειν
1361 2401 1414 2448 et
1454 2399 1622 2464 φορῶν
1646 2436 1658 2457 ,
1700 2393 1791 2449 sed
1835 2395 2117 2467 perspicua
2159 2413 2246 2451 res
2284 2403 2369 2452 est

390 2506 490 2544 nec
531 2486 709 2540 verbis
756 2482 977 2554 indiget.

466 2577 702 2630 Transeo
762 2570 827 2625 ad
885 2568 1323 2642 Xenophonteam
1387 2568 1691 2634 Anabasin‚
1747 2587 1906 2642 quem
1971 2571 2249 2642 egregium
2306 2571 2366 2627 li-

384 2663 543 2720 brum
587 2661 944 2734 plurimorum
979 2675 1190 2730 semper
1222 2657 1473 2713 manibus
1505 2659 1706 2712 versari
1751 2660 1961 2730 terique
2005 2659 2221 2714 solitum
2253 2677 2367 2731 pes·

386 2753 539 2808 simis
597 2748 854 2820 exemplis
892 2748 1094 2818 passim
1137 2746 1487 2819 depravatum
1527 2754 1580 2802 et
1633 2747 2016 2819 interpolatum
2070 2749 2123 2801 in
2165 2747 2363 2802 Codici-

383 2841 486 2896 bus
525 2855 629 2893 non
675 2835 961 2890 admodum
1006 2835 1237 2890 vetustis
1287 2834 1355 2889 ad
1396 2852 1491 2889 nos
1530 2836 1837 2906 pervenisse
1892 2837 2022 2889 satis
2069 2836 2211 2889 inter
2251 2850 2363 2891 om·

387 2945 482 2983 nes
523 2931 749 2981 constat.
832 2922 1151 2977 Incredibile
1192 2922 1341 2977 dictu
1394 2930 1475 2977 est
1528 2929 1727 2994 quanto
1780 2923 1953 2993 magis
2004 2938 2164 2993 quam
2205 2921 2364 2996 Cyro·

386 3015 574 3088 paedia
629 3011 922 3082 legentium
983 3011 1188 3065 animos
1245 3017 1455 3065 moveat
1507 3017 1796 3082 captosque
1847 3017 2026 3064 teneat
2080 3008 2362 3067 AnabasiS.

380 3102 442 3158 In
494 3098 820 3174 Cyropaedia
860 3099 1023 3152 satias
1063 3098 1325 3169 quaedam
1380 3098 1526 3152 subit
1585 3098 1860 3161 animum,
1913 3104 1966 3151 et
2024 3096 2116 3151 ubi
2157 3096 2364 3152 diutius

385 3191 553 3246 fueris
605 3189 922 3242 immoratus
962 3186 1240 3241 fastidium
1293 3186 1558 3257 quoddam
1616 3184 1891 3240 suboritur
1930 3191 1982 3239 et
2022 3184 2184 3239 taedii
2233 3202 2362 3241 non·

385 3277 522 3334 nihil
550 3272 915 3332 devorandum
951 3280 1056 3339 est,
1097 3281 1156 3327 ut
1179 3273 1404 3327 subinde
1436 3272 1537 3327 loci
1572 3272 1800 3327 alicuius
1840 3272 2099 3344 praeclari
2137 3273 2363 3329 lectione

381 3368 598 3423 animus
645 3368 898 3434 pascatur
932 3368 984 3415 et
1023 3368 1322 3416 recreetur.
1403 3359 1541 3414 Vera
1575 3367 1628 3414 et
1669 3368 1815 3415 certa
1856 3360 2033 3432 legere
2072 3360 2242 3416 solitis
2286 3360 2361 3434 (in

378 3453 574 3526 quibus
626 3450 882 3506 eximium
939 3448 1210 3502 scribendi
1250 3464 1419 3518 genus
1474 3455 1526 3502 et
1569 3449 1754 3514 lingua
1812 3448 2032 3520 limpida
2088 3455 2142 3504 et
2184 3447 2355 3503 nitida

376 3550 432 3596 et
471 3540 814 3595 dulcissimae
857 3537 1139 3592 suavitatis
1179 3535 1416 3591 efficiunt
1461 3544 1520 3589 ut
1559 3535 1759 3606 optime
1811 3553 1994 3592 rerum
2034 3545 2086 3591 et
2127 3544 2354 3591 naturae
2430 3548 2436 3594 f

377 3629 577 3685 veritas
615 3624 887 3699 appareat)
940 3623 1185 3696 displicet
1238 3630 1614 3694 argumentum
1659 3640 1755 3678 nec
1798 3640 1982 3679 verum
2033 3641 2130 3678 nec
2183 3623 2357 3679 simile
2430 3610 2436 3694 Σ]

2429 3711 2436 3906 i

2427 3909 2436 4068 Ι
