2436 4068
254 571 257 574 ⁴
336 510 472 564 οὐδὲν
512 507 647 561 πάνυ
689 506 815 558 606.

267 2380 270 2383 ⁴
332 2361 413 2418 οὖν
454 2361 650 2417 excidit
694 2363 840 2421 485,
886 2363 1014 2414 697.

1282 184 1388 234 848

338 331 474 387 οὐδὲν
513 334 586 396 μή
629 346 750 384 cum
793 327 973 382 futuro
1016 332 1138 382 584.

336 421 474 475 οὐδέν
509 451 584 459 —-
621 417 731 472 οὐδὲ
771 418 896 469 628.

335 596 526 655 οὐδένες
565 624 640 632 —-
678 591 836 652 οὐδείς
878 594 1005 644 519.

335 684 527 742 οὐδενὸς
567 679 793 745 δεύτερος
837 677 1015 751 (γένει)
1059 685 1112 740 el.
1151 678 1271 731 sim.
1316 681 1439 732 575.

333 774 433 827 οὐδ’
473 769 625 836 ἕρδειν
661 798 738 808 --
780 767 889 822 οὐδὲ
928 768 1050 822 ἰδεῖν
1090 769 1216 820 282.

333 863 386 914 οὐ
428 856 661 913 διδακτόν
700 887 775 896 —-
807 856 915 910 οὐδὲ
957 855 1190 910 διδακτόν
1231 858 1356 910 609.

333 950 388 1002 οὐ
428 947 651 1012 δύναμαι
692 946 765 1009 μὴ
805 945 859 998 οὐ
904 946 1029 999 567.

332 1036 434 1091 οὐδ’
476 1036 568 1103 ὑφ’
607 1031 725 1087 ἔνων
762 1064 838 1073 -
875 1033 975 1087 οὐδ’
1017 1033 1108 1100 ὑφ’
1149 1031 1251 1093 ἑνός
1294 1035 1420 1086 519.

333 1128 421 1179 οὐκ
461 1121 658 1178 excidit
699 1125 826 1176 510.

332 1215 420 1267 οὐκ
459 1209 842 1282 interpolatum
882 1212 1009 1263 485.

333 1301 392 1356 οὔ
429 1320 497 1355 κοο
537 1299 707 1354 εἵπετο
748 1330 823 1338 --
860 1300 948 1352 οὐκ
987 1298 1073 1351 ozel
1110 1316 1234 1351 ποτε
1282 1301 1400 1352 145.
1459 1300 1471 1313 ’

331 1392 421 1444 οὐκ
459 1386 633 1448 ἄλλως
674 1386 814 1450 λέγω
859 1389 944 1439 75.

333 1481 422 1533 οὐκ
460 1475 634 1540 ἀξιοῦν
674 1496 739 1527 --·
776 1476 866 1529 οὐκ
906 1474 1093 1528 ἐθέλειν
1131 1476 1257 1528 597.

333 1569 421 1621 οὐκ
463 1563 701 1633 ἀχάριτα
741 1585 808 1617 =
844 1564 1099 1631 χαρίεντα
1140 1569 1194 1616 et
1233 1563 1358 1618 sim.
1400 1565 1525 1618 420.

333 1658 421 1710 οὐκ
463 1651 720 1722 ἐπεξῇσαν
757 1682 834 1692 —-
871 1652 1037 1706 οὐκέτι
1078 1650 1291 1720 ἐξῄεσαν
1334 1654 1459 1706 546.

333 1743 498 1799 οὐκέτι
538 1773 613 1782 —-
651 1742 739 1795 οὐκ
780 1743 907 1796 685.

333 1836 421 1901 οὐκ
461 1829 713 1901 ᾐτιάσατο
753 1846 818 1879 ==
856 1832 944 1884 οὐκ
984 1829 1262 1898 ἐμέμψατο
1304 1832 1432 1884 509..

333 1924 422 1976 οὐκ
461 1916 551 1975 οἶδ’
591 1917 654 1972 ἂν
695 1919 736 1972 εἰ
777 1919 1016 1985 πείσαιμι
1058 1926 1110 1974 et
1150 1920 1268 1974 sim.
1310 1922 1436 1974 586.

331 2010 503 2065 οὔκουν
541 2040 616 2049 -—
655 2009 828 2062 οὐκοῦν
873 2011 994 2061 111.

333 2101 386 2152 οὐ
427 2098 643 2165 μετρίως
673 2127 748 2136 -
784 2095 1088 2164 συμμέτρως
1131 2099 1259 2151 507.

332 2189 386 2240 οὐ
429 2187 502 2252 μή
543 2201 664 2238 cum
707 2183 890 2238 futuro
929 2192 982 2238 et
1020 2184 1347 2238 coniunctivi
1388 2183 1584 2238 aoristo
1625 2187 1749 2238 518.

333 2278 387 2330 οὐ
428 2275 501 2340 μή
538 2305 614 2313 -—
651 2271 762 2326 οὐδέ
803 2278 855 2326 et
893 2275 946 2326 οὐ
987 2275 1060 2338 μή
1100 2305 1175 2313 —
1214 2272 1342 2338 μηδὲ
1382 2275 1512 2329 255.

330 2450 412 2507 οὖν
453 2448 833 2520 interpolatum
877 2449 1002 2502 515.

334 2543 387 2594 οὐ
427 2539 645 2603 νεύμοοτ’
684 2569 759 2576 -
795 2535 1103 2601 συννεύματ’
1148 2542 1235 2592 11.

332 2631 386 2682 οὐ
426 2629 619 2681 πολλοῦ
659 2625 749 2679 δέω
792 2629 919 2679 465.

332 2718 606 2784 οὐρήσομοοι
647 2730 752 2768 non
791 2715 976 2782 οὐρήσω
1020 2717 1150 2770 255.

331 2803 558 2873 οὐροδόκνι
599 2835 674 2842 --
710 2801 948 2870 οὐροδόχη
992 2804 1120 2858 598.

333 2893 489 2954 οὔσαις
525 2922 601 2931 -
640 2890 844 2949 ἐνούσαις
887 2892 1012 2943 515.

330 2982 505 3042 οὐσίας
538 3010 612 3020 ——
651 2977 825 3037 θυσίαις
869 2980 993 3034 121.

330 3069 472 3130 οὗτος
506 3099 581 3108 -
612 3064 770 3127 αὐτός
817 3067 940 3120 122.

334 3157 497 3214 οὑτοσὶ
538 3154 816 3218 Καλλίας,
856 3168 961 3206 non
1002 3154 1165 3208 οὑτοσὶ
1209 3155 1232 3208 ὁ
1271 3155 1509 3216 Καλλίας
1552 3156 1679 3209 629.

333 3250 386 3303 οὐ
426 3246 495 3300 τὼ
537 3245 623 3297 σιώ
655 3273 731 3282 —-
763 3241 948 3295 οὑτωσί
985 3244 1113 3296 652.

333 3333 462 3390 οὕτω
501 3363 577 3373 ——
610 3330 750 3398 αὐτῷ
793 3330 920 3383 165.

326 3421 456 3478 οὕτω
497 3418 695 3495 excidit
735 3421 864 3475 571.

333 3515 433 3579 οὐχ
471 3505 850 3578 interpolatum
894 3508 1020 3560 591.
1318 3583 1322 3587 ⁴

333 3602 432 3666 οὐχ
473 3595 664 3664 ἅζομαι
705 3627 778 3637 --
812 3595 864 3648 οὐ
903 3593 1138 3661 χάζομαι
1183 3597 1308 3648 280.
