2436 4068
1304 208 1410 257 558

391 347 547 402 modo
588 349 952 404 emendandus
990 349 1138 403 locus
1175 355 1255 402 est
1295 349 1361 402 II.
1403 367 1471 403 iv,
1517 355 1604 404 57.
1659 352 1890 418 ἔπεμπον
1939 357 1996 417 δὴ
2034 356 2119 408 καὶ
2167 357 2209 408 οἱ
2259 357 2364 409 ἀπὸ

387 441 477 490 τοῦ
534 443 692 492 κοινοῦ
749 439 805 491 ἐκ
856 442 945 492 τοῦ
999 437 1148 498 ἄςεος
1202 438 1458 502 λέγοντας
1503 435 1579 492 ἔτι
1618 463 1723 503 -ὠ,
1775 442 1881 495 imo
1934 460 2058 496 vero
2103 443 2365 507 λέγοντες.

390 524 448 578 ln
504 526 704 580 Hellen.
742 526 832 579 VI.
874 543 947 578 111.
992 529 1042 578 2.
1102 527 1124 578 ὂ
1167 527 1322 591 δῆμος
1377 528 1447 587 εἷς
1504 528 1690 592 Θήβας
1732 528 1973 596 πρέσβεις
2014 530 2225 597 ἔπεμψε
2266 552 2368 584 παι

387 619 744 679 ρακαλοῦντας
778 615 1168 674 ἐπακολουθεῖν,
1207 614 1552 685 participium
1590 614 1759 668 futuri
1803 619 2056 688 temporis
2089 624 2187 672 est.
2229 620 2365 673 Item

388 700 631 754 futurum
676 708 756 754 est
796 706 1224 769 παρακαλοῦντες
1266 702 1377 755 Vll.
1421 720 1468 755 v.
1513 707 1564 757 5.
1622 702 1854 768 ἔπεμπον
1893 705 2063 759 δὲκαὶ
2115 707 2365 774 Ἀθήναζε

383 790 586 854 βοηθεῖν
623 789 936 850 κελεύοντες.
980 791 1316 857 ἐπορεύθησαν
1357 792 1409 844 δὲ
1452 790 1538 844 καὶ
1587 792 1657 851 εἰς
1698 794 2070 858 Λακεδαίμονα
2121 794 2365 861 πρέσβεις

383 880 913 944 παρακαλοῦντες
962 879 1418 944 Λακεδαιμονίους.
1500 878 1748 933 Graviter
1779 879 1961 952 lapsus
1994 891 2075 936 est
2113 882 2364 953 Rangabe

384 965 638 1036 Anlz'quit.
682 963 888 1018 Helle'n.
952 965 1100 1020 Tom.
1136 967 1205 1021 II.
1250 984 1298 1038 p.
1339 970 1461 1020 125.
1504 967 1560 1019 in
1601 966 1779 1020 verbis
1815 978 2167 1037 χειροτονῆσαι
2207 971 2365 1038 πρέσ-

381 1054 497 1119 βεις
541 1059 675 1120 τρεῖς
714 1051 772 1115 ἐξ
804 1054 1081 1115 Ἀθηναίων
1115 1054 1390 1117 ἁπάντων,
1432 1050 1608 1114 οἵτινες
1649 1056 1929 1122 αἱρεθέντες
1959 1061 2243 1126 απαροῖισιν
2274 1061 2362 1114 καὶ

379 1140 439 1194 τό
478 1162 537 1195 τε
567 1143 830 1209 ψήφισμα
868 1142 1212 1196 ἀποδώσουσιν
1234 1141 1320 1196 καὶ
1345 1143 1709 1207 ἕπαγγελοῦσι
1750 1145 1842 1206 την
1881 1144 2107 1209 εὔνοιαν,
2148 1145 2205 1209 ἣν
2245 1147 2360 1216 ἔχει

383 1229 504 1297 πρὸς
539 1230 695 1284 αὐτὸν
725 1231 748 1284 ὅ
777 1231 934 1295 δῆμος
974 1229 1061 1284 καὶ
1104 1235 1628 1298 παρακαλοῦσιν
1669 1233 1825 1286 αὐτὸν
1862 1234 2064 1299 βοηθεῖν
2109 1235 2208 1309 (sic
2248 1235 2366 1306 lege

382 1334 480 1388 pro
520 1319 757 1386 ὠφελεῖν.
801 1319 856 1371 in
893 1317 1068 1389 lapide
1126 1319 1151 1343 4
1178 1318 1203 1343 4
1229 1319 1255 1343 4
1281 1318 1306 1343 4
1347 1326 1470 1372 ΕΙΝ
1511 1318 1613 1391 est)
1656 1322 1726 1388 τῷ
1768 1322 1908 1389 δήμῳ
1961 1322 2076 1376 καθ’
2127 1320 2158 1376 ὅ
2196 1345 2245 1377 τι
2299 1324 2364 1379 ἂν

381 1406 629 1470 δύνηται,
682 1422 850 1475 quum
890 1410 1283 1473 παρακαλοῦσιν
1331 1405 1581 1461 futurum
1635 1424 1750 1462 esse
1803 1410 2056 1465 nesciret.
2134 1411 2195 1465 In
2243 1429 2362 1484 sqq.

380 1493 668 1563 legendum
709 1495 807 1547 τῶν
846 1494 1107 1561 πρέσβεων
1149 1494 1316 1563 ἑκαςῳ
1362 1501 1416 1549 et
1453 1501 1550 1549 τῶν
1597 1497 1816 1564 δωρεῶνε
1859 1497 1915 1551 in
1956 1497 2132 1569 lapide
2171 1500 2366 1556 vitiose

376 1589 793 1636 ΠΡΕΣΒΕΙΩΝ
852 1589 907 1636 et
966 1591 1308 1637 ΔΩΡΕΙΩΝ
1368 1584 1538 1637 incisa
1598 1591 1742 1638 sunt.
1841 1585 2121 1641 Contrario
2179 1605 2364 1643 errore

376 1686 496 1742 pag.
539 1673 664 1724 118.
724 1670 781 1723 in
835 1669 1011 1741 lapide
1069 1677 1349 1725 exaratum
1408 1678 1490 1726 est
1541 1679 1988 1728 ΕΜΠΙΣΤΕΩΝ
2024 1676 2093 1743 τῷ
2143 1676 2369 1741 βασιλεῖ

374 1759 672 1826 Δημητρίῳ.
750 1757 875 1811 Vidi
915 1759 1010 1829 qui
1060 1758 1350 1824 ἐμπιστέων
1393 1759 1655 1813 Graecum
1697 1775 1815 1814 esse
1867 1768 2084 1831 putaret
2134 1770 2186 1817 et
2233 1781 2358 1819 cum

375 1848 596 1916 ἐμπειρῶ
638 1853 994 1917 compararet.
1073 1847 1315 1901 Emenda
1355 1848 1423 1912 ἐμ
1456 1847 1631 1901 πίστει
1667 1848 1729 1902 ὢν
1763 1850 1833 1916 τῷ
1866 1850 2113 1914 βασιλεῖ,
2154 1850 2220 1905 de
2254 1869 2361 1922 quo

373 1934 627 2007 Rangabe
685 1951 896 2006 quoque
949 1935 1223 2006 cogitavit.
1304 1934 1436 1989 Ibid.
1473 1935 1564 1989 III.
1607 1953 1656 1990 v.
1699 1940 1751 1990 9.
1811 1935 2158 2003 DindorIiUS‚
2216 1940 2360 2011 quod

371 2040 497 2078 raro
532 2022 691 2089 facit,
732 2023 910 2078 locum
952 2023 1365 2094 integerrimum
1408 2030 1625 2096 recepta
1658 2025 1712 2078 in
1755 2031 1959 2078 textum
1994 2025 2196 2081 infelici
2235 2044 2359 2081 con·

373 2113 581 2166 iectura
635 2111 776 2165 ultro
829 2113 1088 2184 corrupit.
1168 2111 1354 2166 Edidit
1410 2113 1555 2166 enim
1614 2111 1710 2170 ὥςε
1762 2113 1820 2166 τὸ
1870 2115 1964 2178 μὲν
2016 2114 2100 2167 ἐπ’
2152 2115 2357 2178 ἐκείνοις

371 2197 499 2255 εἶναι
553 2201 1020 2264 ἀπωλώλειτε,
1072 2201 1095 2254 ὃ
1137 2200 1189 2254 δὲ
1238 2201 1398 2266 δῆμος
1452 2199 1620 2254 οὑτοσὶ
1664 2201 1802 2265 ὑμᾶς
1842 2200 2038 2265 ἔσωσε,
2078 2202 2171 2257 sed
2210 2204 2258 2258 si
2299 2205 2355 2258 in

369 2288 619 2342 omnibus
658 2287 812 2342 libris
865 2288 942 2342 sic
994 2287 1267 2358 legeretur
1311 2288 1540 2358 diligens
1596 2286 1784 2342 Graeci
1836 2290 2004 2343 moris
2054 2290 2356 2346 observatio

365 2375 557 2431 docere
602 2376 863 2448 potuisset
901 2375 1296 2430 emendandum
1353 2393 1471 2430 esse
1524 2376 1872 2440 ἀπολώλατε,
1933 2394 2069 2448 quae
2109 2380 2353 2434 omnium

365 2464 629 2518 librorum
664 2464 936 2535 scriptura
975 2471 1058 2518 est
1093 2466 1208 2518 sine
1245 2480 1395 2518 mora
1435 2465 1487 2517 in
1525 2464 1797 2534 integrum
1834 2466 2184 2521 restituenda.
2265 2468 2354 2522 Vi-

368 2551 518 2607 debis
578 2552 722 2606 enim
783 2552 839 2605 in
893 2550 1206 2606 huiusmodi
1261 2552 1583 2622 cogitatione
1639 2558 1692 2606 et
1744 2552 2012 2608 locutione
2050 2554 2352 2626 perfectum

367 2640 538 2695 solere
578 2641 740 2712 poni,
793 2657 1091 2713 numquam
1143 2638 1748 2711 plusquamperfectum.
1828 2641 2117 2712 Euripides
2154 2642 2350 2698 Alcest.

369 2732 498 2784 666.
539 2729 758 2791 τὲθνηκα
791 2729 898 2797 γὰρ
943 2730 1002 2791 δὴ
1043 2727 1192 2783 τούπὶ
1236 2727 1325 2792 σε’,
1365 2727 1677 2799 Xenophon.
1719 2727 1908 2801 Cyrop.
1948 2728 2011 2784 V.
2049 2748 2119 2784 lv.
2164 2737 2249 2784 11.
2290 2734 2350 2787 τὸ

367 2819 463 2884 μὲν
503 2819 587 2872 ἐπ’
626 2817 737 2884 ἐμοὶ
786 2817 1032 2885 οἴχομαι,
1085 2819 1144 2872 τὸ
1184 2817 1226 2870 δ’
1268 2815 1352 2870 ἐπὶ
1394 2816 1470 2870 σοὶ
1522 2815 1807 2882 σέσωσμαι.
1889 2816 2050 2873 Plane
2089 2818 2348 2889 gemellus

363 2905 514 2960 locus
573 2912 653 2960 est
707 2905 1077 2978 Xenophontis
1131 2906 1184 2958 in
1239 2903 1471 2958 Anabasi
1510 2903 1599 2957 VI.
1641 2921 1709 2957 ιν.
1753 2908 1842 2959 25.
1901 2907 2048 2960 κακοὶ
2105 2908 2347 2972 δοκοῦμεν

367 2991 494 3048 εἶναι
535 2993 619 3048 δια
659 2999 834 3048 τοῦτον
888 2995 1039 3048 αὐτοί
1077 3014 1136 3047 τε
1175 2994 1234 3047 τὸ
1273 2992 1360 3046 ἐπὶ
1399 2992 1562 3057 τούτῳ
1620 2993 2080 3058 ἀπολώλαμεν
2130 2994 2345 3056 πάντες.

367 3082 768 3154 Compar-andus
820 3089 874 3136 et
925 3082 1116 3155 Lysias
1168 3082 1224 3134 in
1278 3078 1426 3135 Orat.
1468 3080 1712 3133 XXVIII.
1759 3085 1844 3134 14.
1900 3083 1958 3135 τὸ
2011 3081 2094 3135 ἐπὶ
2148 3082 2345 3145 τούτοις

364 3168 492 3225 εἶναι
549 3171 600 3224 ἐν
639 3177 744 3230 τοῖς
796 3169 1101 3229 δεινοτάτοις
1158 3168 1397 3229 κινδύνοις
1448 3169 1805 3232 καθεςήκατε,
1859 3175 1912 3222 et
1962 3175 2089 3222 sunt
2146 3170 2345 3226 similia

361 3258 490 3312 alibi
550 3258 720 3330 plura.
812 3257 946 3311 Ibid.
988 3257 1079 3311 III.
1123 3275 1170 3310 v.
1215 3260 1302 3310 25.
1364 3259 1450 3310 τὸν
1501 3256 1657 3320 δῆμον
1716 3258 1836 3309 τῶν
1894 3257 2204 3322 Ἀθηναίων,
2265 3259 2344 3312 sie

363 3346 610 3401 Graeculi
669 3345 796 3400 dare
847 3345 1054 3410 solent,
1109 3345 1272 3399 etiam
1313 3345 1370 3397 in
1429 3343 1765 3397 Comicorum
1820 3343 1951 3398 locis
1996 3351 2184 3398 contra
2232 3363 2339 3401 me·

361 3441 546 3488 trum:
609 3434 830 3488 Veteres
887 3435 992 3487 τὸν
1048 3433 1325 3495 Ἀθηναίων
1394 3431 1677 3496 dicebant,
1737 3432 1877 3502 quod
1929 3434 2130 3503 passim
2185 3436 2340 3488 resti-

358 3522 639 3576 tuendum.
721 3521 852 3575 Ibid.
896 3522 985 3576 lV.
1029 3540 1103 3576 111.
1147 3524 1235 3574 21.
1288 3519 1507 3581 δεκάτην
1558 3525 1654 3573 τῶν
1694 3520 1751 3572 ἐκ
1792 3528 1885 3582 τῆς
1924 3521 2070 3582 λείας
2124 3523 2194 3589 τῷ
2247 3524 2338 3590 θεῷ

353 3610 642 3675 ἀπέθυσεν,
694 3627 790 3682 pro
841 3618 1063 3665 AeIAC
1126 3610 1404 3665 verissima
1473 3609 1630 3664 lectio
1684 3625 1713 3662 a
1774 3608 2062 3664 Plutarcho
2127 3618 2334 3664 servata
