2436 4068
1262 246 1364 298 102

329 393 414 450 καὶ
459 393 597 456 ὑμᾶς
638 412 696 445 τε
732 390 778 445 εἴ
809 410 858 444 τι
900 387 1096 453 ἀγαθόν
1138 387 1242 443 ἐςιν
1274 387 1325 438 ἐν
1365 393 1430 455 τῇ
1470 386 1614 440 κατά
1651 386 1923 441 θάλατταν
1955 389 2095 458 ἀρχῇ
2133 389 2312 444 τούτου

332 479 608 548 μετέχειν,
639 479 726 533 καὶ
770 479 909 542 ἡμᾶς
951 477 1000 528 ἐν
1041 483 1104 543 τῇ
1146 473 1289 527 κατά
1329 480 1457 538 γῆν;
1488 473 1853 545 ‘supplendum
1902 477 2204 530 necessario
2238 484 2321 531 est

336 569 422 623 καὶ
467 569 607 632 ἡμᾶς
645 565 701 620 εἴ
731 586 787 619 τι
830 565 879 617 ἐν
913 570 977 631 τῇ
1018 560 1161 615 κατοὶ
1194 567 1322 626 γῆν;
1373 567 1426 615 et
1460 561 1516 614 iu
1552 562 1742 632 primis
1782 561 1959 616 verbis
1993 562 2096 620 έςιν
2136 562 2218 619 οὖν
2257 586 2319 619 τι

335 655 613 721 ἱσαίτερονς
657 658 846 706 contra
887 649 1198 721 perelegans
1227 648 1430 720 ellipsis
1463 655 1829 707 correctorum
1861 651 2206 721 ἀπειροκαλίᾳ
2241 653 2321 706 in-

336 740 648 813 terpolando
687 739 972 793 obscurata
1005 743 1087 792 est
1117 737 1172 790 in
1206 736 1389 791 eodem
1425 735 1794 808 Xenophontis
1822 735 1958 791 libro
2000 738 2114 793 VII.
2147 756 2196 793 v.
2234 743 2322 794 18.

333 832 424 884 οὐκ
464 828 621 883 ἐδόκει
661 829 801 895 αὐτῷ
842 823 1284 900 (Epaminondae)
1321 825 1533 880 δυνατὸν
1568 822 1696 878 εἶναι
1733 825 1943 894 ἀμαχεὶ
1985 829 2322 895 παρελθεῖν

331 915 646 983 λογιζομένῳ
685 911 760 968 ἷίτι
794 914 837 968 εἶ
878 915 973 980 μὲν
1015 911 1161 981 νικῴη
1202 911 1383 967 πάντα
1422 917 1599 967 ταῦτα
1638 913 1978 979 ἀναλύσοιτο,
2018 915 2062 968 εἰ
2102 914 2155 968 δὲ
2194 916 2321 970 ἀπο-

335 1004 471 1058 θάνοι
512 1004 677 1065 καλην
711 1004 803 1066 τὴν
836 1002 1084 1064 τελευτὴν
1126 1001 1407 1074 [ἡγήσατο]
1449 1001 1651 1055 ἔσεσθαι
1687 1002 1976 1070 πειρωμένῳ
2011 1010 2075 1072 τῇ
2116 1004 2324 1070 πατρίδι

332 1092 501 1159 ἀρχὴν
541 1091 929 1154 Πελοποννήσου
964 1095 1297 1144 καταλιπεῖν.
1365 1089 1610 1143 Primum
1644 1105 1742 1159 pro
1780 1091 2056 1157 παρελθεῖν
2095 1092 2324 1162 requiri-

333 1186 427 1233 tur
476 1179 753 1243 ἀπελθεῖν,
795 1183 856 1232 ut
905 1176 1065 1250 paulo
1113 1182 1238 1231 ante
1289 1173 1365 1231 ὅτι
1418 1177 1606 1242 ὀλίγων
1658 1178 1851 1243 ἡμερῶν
1899 1176 2111 1242 ἀνάγκη
2162 1178 2323 1234 ἔσοιτο

334 1267 570 1331 ἀπιέναι,
605 1264 796 1320 deinde
830 1266 1067 1331 ἡγήσατο
1098 1269 1178 1318 est
1212 1262 1653 1335 expungendum,
1693 1279 1927 1335 namque
1960 1273 2208 1337 apertum
2242 1274 2324 1322 est

336 1371 398 1410 ea
433 1355 511 1408 sic
551 1371 583 1408 a
630 1353 979 1425 Xenophonte
1023 1352 1317 1423 composita
1357 1369 1496 1406 esse:
1549 1352 1861 1421 λογιζομένῳ
1907 1351 1983 1408 ὅτι
2018 1356 2327 1411 ἀναλύσοιτο

333 1444 429 1508 μὲν
469 1447 646 1497 ταῦτα
683 1444 726 1496 εἰ
766 1440 942 1509 νικῴη,
981 1446 1152 1501 καλῶς
1194 1440 1246 1494 δὲ
1287 1442 1620 1506 τελευτήσοι,
1661 1442 1703 1495 εἰ
1743 1440 2016 1504 ἀποθάνοι,
2060 1449 2178 1498 tum
2227 1461 2326 1516 pro

333 1530 408 1584 ὅτι
449 1515 623 1591 καλῶς
676 1530 976 1592 τελευτήσοι
1025 1527 1218 1582 maluit
1268 1526 1477 1592 dicere,
1531 1526 1672 1598 quod
1713 1527 1934 1599 perinde
1973 1537 2116 1596 erat,
2157 1535 2324 1596 καλὴν

331 1621 423 1681 τὴν
463 1618 712 1679 τελευτὴν
752 1616 974 1671 ἔσεσθαι.
1057 1615 1328 1671 Similium
1379 1616 1633 1669 vitiorum
1677 1632 1873 1687 magna
1913 1623 1994 1671 est
2031 1619 2172 1690 apud
2213 1636 2323 1675 om-

333 1722 429 1760 nes
458 1706 634 1777 copia,
675 1706 928 1776 quoniam
959 1704 1207 1774 magistri
1237 1704 1535 1775 elegantem
1565 1710 1618 1758 et
1650 1703 1876 1759 nitidam
1907 1711 2150 1760 veterum
2181 1724 2324 1762 com-

332 1793 651 1866 positionem
687 1791 968 1864 discipulis
1001 1790 1418 1846 dormitantibus
1450 1799 1504 1846 et
1538 1790 1684 1845 aliud
1725 1792 2009 1862 agentibus
2045 1794 2325 1850 ostenden·

333 1868 417 1935 tes
459 1880 600 1952 quod
645 1880 723 1934 illi
763 1885 989 1935 venuste
1028 1883 1323 1934 omiserant
1364 1879 1428 1934 de
1465 1896 1562 1933 suo
1599 1879 1812 1934 inficete
1846 1880 2192 1952 supplebant,
2231 1889 2327 1937 aut

331 1969 473 2040 quod
495 1967 659 2023 semel
680 1974 796 2022 erat
826 1969 1060 2040 positum
1094 1973 1147 2022 et
1175 1967 1532 2039 praemissum
1570 1966 1754 2038 putide
1786 1968 2115 2040 repetebant.
2158 1970 2324 2037 Quale

329 2058 400 2115 sit
453 2056 594 2127 quod
645 2056 820 2110 dicam
877 2055 1118 2126 exempla
1181 2053 1444 2125 quaedam
1507 2053 1969 2110 demonstrabunt.
2063 2056 2213 2111 Plato
2266 2059 2320 2113 in

330 2143 611 2199 Phaedone
655 2143 863 2198 dixerat
913 2161 967 2215 p.
1012 2146 1135 2196 116.
1181 2143 1242 2196 Ε.
1294 2141 1501 2203 εἰκότως
1558 2146 1632 2208 γ’,
1684 2141 1720 2198 ὦ
1773 2144 1988 2212 Κρίτων,
2038 2146 2218 2201 ἐκεῖνοί
2263 2168 2323 2201 τε

330 2236 509 2286 ταῦτα
553 2235 776 2286 ποιοῦσιν
815 2262 892 2274 --
930 2230 1017 2285 καὶ
1060 2230 1231 2295 ἔγωγε
1271 2234 1447 2284 ταῦτα
1482 2233 1537 2285 οὐ
1580 2233 1801 2294 ποιήσω,
1845 2232 1938 2286 sed
1980 2233 2035 2286 in
2074 2233 2325 2289 omnibus

326 2320 482 2383 libris
528 2320 744 2395 scriptis
791 2318 950 2373 editis
999 2316 1387 2372 circumfertur
1434 2318 1522 2372 καὶ
1578 2318 1750 2385 ἔγωγε
1802 2324 1980 2374 ταῦτα
2022 2320 2228 2383 εἰκότως
2266 2325 2320 2378 οὐ

329 2409 538 2471 ποιήσω.
600 2408 731 2474 Quis
770 2413 1013 2460 nostrum
1047 2413 1159 2460 tam
1200 2405 1535 2476 negligenter
1567 2412 1707 2461 esset
1740 2406 1988 2461 locutus?
2043 2407 2323 2465 Eiusdem-

330 2495 476 2548 modi
516 2495 771 2549 mendum
825 2501 905 2548 est
942 2495 998 2547 in
1039 2493 1224 2550 eodem
1278 2493 1413 2547 libro
1453 2510 1506 2564 p.
1545 2497 1634 2548 67.
1672 2495 1736 2548 Ε.
1781 2496 1823 2549 εἰ
1865 2495 1969 2564 γαρ
2005 2496 2321 2563 διαβέβλην·

331 2603 420 2646 ται
461 2584 556 2647 μὲν
596 2584 666 2650 τῷ
720 2584 951 2648 σώματι,
998 2583 1160 2645 αὐτην
1202 2583 1254 2637 δὲ
1304 2582 1421 2638 καθ’
1461 2582 1623 2644 αὐτην
1672 2583 1970 2648 ἐπιθυμοῦσι
2008 2585 2101 2646 την
2141 2587 2322 2654 ψυχήν

333 2670 502 2738 ἔχειν,
546 2671 727 2725 τούτου
749 2672 801 2726 δὲ
831 2670 1138 2737 γιγνομένου
1179 2669 1266 2742 [εἰ]
1295 2670 1541 2739 φοβοῖντο
1563 2669 1651 2724 καὶ
1687 2673 2039 2740 ἀγανακτοῖεν
2061 2674 2115 2727 οὐ
2150 2675 2322 2736 πολλη

331 2758 395 2811 ἂν
432 2758 632 2822 ἀλογία
677 2758 786 2822 εἴης
842 2759 934 2812 ubi
986 2759 1277 2830 repetitum
1320 2759 1361 2811 εἰ
1405 2757 1566 2812 sciolo
1620 2757 1868 2823 debetur,
1916 2760 2008 2830 qui
2056 2777 2116 2815 eo
2151 2760 2322 2816 fulcro

334 2845 401 2899 ad
441 2845 735 2900 orationem
779 2846 1187 2902 sustentandam
1224 2862 1357 2917 opus
1397 2862 1512 2900 esse
1562 2847 1909 2918 opinabatur,
1950 2854 2044 2902 aut
2095 2849 2323 2904 miraba-

331 2940 425 2986 tur
474 2931 603 3002 quid
651 2940 789 2987 esset
836 2937 878 2992 εἰ
931 2935 1312 3001 διαβέβληνται
1358 2935 1481 3000 μὲν,
1520 2936 1765 3003 Φοβοῖντο
1806 2934 1878 2989 δέ.
1958 2936 2326 3008 Xenophontis

333 3019 606 3084 Hellenica
641 3038 796 3092 saepe
836 3023 926 3076 illo
965 3022 1121 3076 modo
1161 3022 1482 3093 interpolata
1521 3028 1664 3076 sunt.
1743 3022 1967 3093 Legitur
2005 3024 2095 3078 111.
2137 3042 2190 3078 11.
2231 3028 2320 3080 20.

333 3107 470 3171 ἔδοξε
511 3108 756 3168 πυθέσθαι
795 3111 1042 3174 ἀλλήλων
1092 3109 1175 3163 ἐπὶ
1224 3110 1356 3163 τίσιν
1401 3109 1467 3164 ἂν
1511 3111 1604 3172 τὴν
1647 3111 1838 3177 εἰρήνην
1884 3113 2198 3175 ποιήσαιντο.
2254 3118 2318 3167 ‘O

332 3199 427 3261 μὲν
464 3198 521 3258 δὴ
563 3195 882 3263 Δερκυλίδας
917 3195 1087 3251 εἶπεν·
1129 3199 1172 3251 εἶ
1213 3198 1522 3263 αὐτονόμους
1563 3197 1656 3266 ἐῴη
1697 3199 1953 3263 βασιλεὺς
1993 3200 2092 3260 τάς
2131 3199 2320 3262 Ἐλλη-

331 3284 470 3346 νίδας
522 3283 727 3345 πόλεις.
778 3285 890 3347 ὅδὲ
942 3284 1305 3353 Τισσαφέρνης
1355 3286 1441 3339 καὶ
1495 3286 1833 3354 Φαρνάβαζος
1887 3282 2048 3359 [εἷπον
2092 3283 2231 3358 ὃ’τι]·
2273 3289 2317 3342 εἶ

329 3371 518 3436 ἐξέλθοι
573 3373 630 3426 τὸ
676 3372 975 3433 Ἑλληνικὸν
1028 3372 1301 3439 ςράτευμα
1346 3374 1402 3427 ἐκ
1442 3381 1535 3435 τῆς
1573 3375 1780 3440 χώρας.
1838 3373 1994 3427 viden
2047 3370 2188 3427 εἷπον
2236 3372 2314 3429 ὅτι

326 3459 628 3532 magistello
661 3458 874 3522 deberi,
916 3459 1010 3529 qui
1043 3460 1224 3530 pueris
1259 3459 1664 3531 Xenophontem
1701 3459 1941 3530 legebat?
1984 3459 2187 3516 Ibidem
2221 3462 2313 3517 ΙΙΙ.

325 3565 372 3601 v,
418 3553 468 3602 5.
506 3548 942 3614 ἀνεμιμνήσκοντο
983 3547 1035 3600 δὲ
1075 3548 1161 3602 καὶ
1204 3550 1267 3607 ὡς
1306 3547 1436 3601 θύειν
1469 3549 1518 3600 τ’
1557 3549 1608 3600 ἐν
1644 3547 1830 3602 Αὐλίδι
1864 3548 1950 3602 τὸν
1989 3549 2308 3614 Ἀγησίλαον

327 3638 412 3689 οὐκ
453 3635 562 3690 εἴων
603 3637 689 3691 καὶ
732 3636 802 3689 τα
852 3635 1105 3701 τεθυμένα
1154 3636 1263 3701 ἱεροὶ
1319 3634 1427 3707 [ὡς]
1475 3633 1679 3703 ἔρριψαν
1724 3637 1827 3689 ἀπὸ
1870 3640 1958 3691 τοῦ
1998 3639 2178 3704 βωμοῦ
2222 3638 2308 3691 καὶ
