2436 4068
1019 219 1119 270 261

95 366 366 437 sequiores
400 364 584 432 βρέχει
630 361 808 418 dicere
844 379 939 435 pro
970 362 1074 427 ὕει,
1111 370 1164 417 et
1201 363 1373 431 βροχή
1415 377 1511 433 pro
1549 359 1726 424 ὑετός,
1766 378 1900 432 quos
1938 366 2069 418 satis

93 452 366 523 redarguit
407 451 746 525 Phrynichus
786 468 904 523 pag.
934 455 1075 515 291,
1119 450 1208 505 ubi
1254 450 1373 505 vide
1412 448 1753 504 Lobeckium.

167 540 506 611 Quicumque
556 538 938 594 animadvertit
984 554 1146 610 quam
1200 554 1355 610 saepe
1410 538 1465 591 in
1520 537 1672 591 libris
1724 536 1968 593 futurum
2015 541 2069 593 in

88 629 388 701 praesentis
439 626 667 682 sormam
716 625 963 681 relictum
1014 625 1094 680 vel
1135 632 1323 680 contra
1362 624 1539 680 foedos
1589 624 1947 680 barbarismos
1987 645 2072 699 pc·

90 717 290 788 pererit
348 716 530 769 statim
591 715 827 769 immane
882 714 1074 767 vitium
1131 712 1321 767 tollere*
1362 715 1557 785 poterit
1609 729 1673 768 ex
1725 714 1966 786 Appiano
2007 715 2074 770 de

93 803 219 859 Bell.
274 802 423 857 civit.
455 802 544 857 IV.
591 806 712 857 118.
771 801 862 856 ubi
916 801 1116 855 Brutus
1150 799 1216 854 ad
1265 799 1464 855 milites
1504 802 1578 855 ita
1627 801 1788 857 dicit:
1849 803 1936 858 καὶ
1996 805 2071 870 μὴ

91 892 308 956 ἀδοξῆτε
331 934 344 955 ,
397 892 441 945 εἰ
481 890 880 959 προσπαίζονται
919 890 1040 955 ὑμῖν
1087 889 1174 943 καὶ
1216 893 1630 956 προκαλοῦνται,
1682 892 1772 944 οὐκ
1811 892 2073 957 ἀμείνονες

90 980 231 1042 ὄντες
270 983 397 1035 ἀλλ’
428 977 593 1049 ἕτερον
626 980 733 1041 δέος
771 980 986 1045 ἰώμενοι.
1037 976 1175 1032 Sunt
1209 976 1301 1047 qui
1337 975 1558 1031 credant
1590 977 1892 1048 Appianum
1927 1001 2076 1047 προσ·

90 1069 347 1137 παίζομαι
388 1085 484 1140 pro
522 1066 819 1137 προσ-παίζω
875 1064 1039 1120 semel
1086 1063 1342 1119 maluisse
1379 1063 1590 1126 dicere,
1649 1066 1791 1135 quod
1831 1084 1934 1121 non
1977 1070 2073 1123 mi-

94 1174 198 1212 nus
236 1156 527 1212 ridiculum
581 1163 662 1211 est
697 1171 859 1227 quam
898 1154 1184 1222 χαίρομαι,
1235 1151 1567 1219 mpetu-noum
1609 1159 1710 1207 cet.
1791 1154 1927 1221 Quia
1966 1173 2075 1211 ma-

0 1246 4 1296 ’,
93 1245 350 1301 nisestum
400 1253 481 1300 est
536 1243 781 1298 futurum
832 1242 1037 1314 requiri
1086 1239 1433 1296 manifestum
1478 1247 1560 1295 est
1598 1241 1872 1296 emendari
1926 1262 2075 1316 opor-

0 1389 2 1393 ,
96 1341 243 1388 tere:
294 1335 338 1388 εἷ
388 1331 790 1401 προσπαίξονται
843 1331 966 1396 ὑμῖν
1022 1330 1109 1384 καὶ
1161 1332 1560 1396 προκαλοῦνται.
1619 1329 1834 1385 Scilicet
1889 1353 2076 1400 προκα-

92 1426 304 1477 λοῦνται
338 1421 583 1476 l'uturum
618 1436 734 1475 esse
763 1419 1062 1474 nescientes
1092 1416 1487 1472 barbarismum
1522 1417 1858 1475 invexerunt.
1899 1423 2076 1489 Παίζω

94 1517 148 1565 et
181 1512 474 1584 composita
525 1508 720 1564 habere
767 1506 1025 1573 παίξομαι
1064 1504 1205 1578 apud
1251 1505 1526 1576 sequiores
1563 1514 1773 1562 certum
1826 1515 1923 1564 est.
1978 1511 2077 1566 Lu-

94 1599 233 1654 cian.
294 1600 355 1654 D.
404 1599 568 1654 l).1V.
615 1603 666 1653 5.
724 1597 781 1661 ἢν
847 1597 899 1652 δὲ
957 1595 1161 1664 παίζειν
1220 1595 1515 1659 ἐπιθυμήσω
1574 1595 1654 1656 τίς
1712 1597 2076 1662 συμπαίξεταί

92 1705 206 1754 μοις
244 1719 320 1728 ·—
358 1686 500 1756 ἔχεις
531 1687 798 1741 κάνταῦθα
818 1686 903 1740 τὸν
942 1681 1362 1749 συμπαιξόμενόν
1391 1702 1465 1736 σοι
1494 1684 1687 1738 τουτονὶ
1725 1686 1811 1739 τὸν
1836 1687 2077 1754 Ἔρωτα,

94 1774 185 1830 ubi
226 1774 340 1830 cod.
382 1774 706 1831 Gorlicensis
746 1771 1101 1840 συμπαίζεται
1149 1769 1461 1842 pervulgato
1510 1787 1709 1826 errore.
1790 1773 2071 1832 Caeterum

95 1862 236 1936 apud
281 1864 581 1935 Appianum
623 1862 866 1933 corrige:
906 1862 981 1927 μὴ
1021 1858 1271 1923 ἀδοξεῖτε.

171 1950 274 2007 Sed
313 1951 548 2006 nondum
591 1950 657 2005 de
690 1947 986 2022 periphrasi
1027 1964 1120 2020 per
1165 1947 1384 2002 verbum
1433 1950 1681 2004 ποιεῖσθαι
1721 1948 2073 2009 absolvimus:

95 2047 264 2095 restat
306 2047 367 2094 ut
405 2038 471 2094 de
522 2038 750 2094 dialecto
787 2044 965 2092 vetere
1015 2037 1195 2091 Ionica
1234 2043 1288 2091 et
1326 2036 1596 2091 artificiali
1636 2037 1818 2110 lingua
1861 2039 2074 2114 Lyrico-

98 2144 218 2183 rum
260 2136 313 2183 et
352 2128 703 2199 Tragicorum
758 2142 926 2180 unum
980 2124 1079 2179 hoc
1137 2141 1482 2180 moneamus:
1542 2125 1695 2180 Iones
1745 2128 2075 2199 antiquiores

99 2217 349 2290 (quorum
412 2215 683 2287 eloquium
742 2222 794 2269 et
853 2213 1142 2268 dictionem
1204 2213 1419 2284 Tragici
1474 2212 1672 2286 aliique
1734 2216 2076 2292 imitantur),

94 2306 347 2376 quoniam
399 2304 588 2359 τιθέναι
630 2319 726 2375 pro
759 2309 918 2358 ποιεῖν
956 2300 1285 2374 usurpabant
1336 2308 1617 2374 propterea
1657 2302 1745 2358 illa
1787 2305 1901 2376 ipsa
1940 2308 2078 2378 peri-

97 2392 277 2466 phrasi
313 2394 390 2447 sic
431 2391 722 2448 utebantur
761 2398 819 2445 ut
858 2408 955 2463 pro
992 2392 1240 2446 ποιεῖσθαι
1283 2396 1540 2462 ponerent
1567 2391 1810 2447 τίθεσθαι.
1889 2395 2080 2468 Itaque

96 2498 192 2554 pro
248 2489 491 2536 κοινωνεῖν
543 2479 896 2535 Athenienses
939 2478 1187 2535 dicebant
1238 2479 1492 2534 κοινωνίαν
1544 2482 1830 2546 ποιεῖσθαι,
1884 2482 2075 2548 IoneS‚

93 2570 188 2641 qui
241 2586 335 2641 pro
380 2569 538 2630 κοινός
578 2566 827 2623 dicebant
865 2566 1009 2631 ξυνός
1053 2567 1127 2642 (et
1167 2567 1245 2621 sic
1283 2565 1442 2636 ξυνῇ,
1481 2566 1746 2632 ξυνοῦσθαι
1771 2614 1783 2635 ,
1825 2570 2072 2638 ξυνωνός,

0 2639 22 2716 p
93 2657 301 2722 ξυνωνίη
347 2666 614 2731 pro-now?
666 2655 791 2728 ete.)
833 2655 1016 2710 eodem
1072 2672 1233 2710 sensu
1273 2654 1521 2710 dicebant
1577 2655 1812 2722 ξυνωνίήν
1850 2661 2075 2719 τίθεσθαι

96 2748 412 2820 (numquam
460 2745 705 2819 τιθέναι),
755 2751 814 2799 ιιι
855 2743 996 2815 apud
1056 2742 1435 2799 Archilochum
1477 2752 1600 2799 noto
1643 2745 1787 2803 loco:
1857 2751 2077 2817 ἀλώπηξ

93 2836 295 2897 καὶετὸς
347 2834 584 2899 ξυνωνίην
635 2835 816 2889 ἔθεντο.
909 2832 1082 2886 Huius
1142 2848 1270 2887 usus
1331 2833 1519 2905 ingens
1570 2841 1651 2888 est
1708 2838 2075 2910 exemplorum

93 2924 245 2997 copia
291 2923 431 2996 apud
474 2930 655 2995 poetas
707 2920 1004 2994 quoslibet,
1047 2919 1188 2975 unde
1228 2920 1359 2974 satis
1405 2927 1485 2976 est
1523 2938 1834 2995 expromere
1875 2944 2075 2995 unum,

95 3011 238 3067 umlc
272 3010 411 3067 hanc
439 3011 855 3083 disputationem
898 3009 1070 3064 exorsi
1112 3025 1324 3074 sumuS,
1365 3011 1583 3074 σπουδὴν
1616 3015 1892 3070 ποιεῖσθαιε
1933 3018 2077 3089 quod

16 3094 19 3104 ’
95 3117 261 3172 quum
306 3098 590 3173 Sophocles
630 3097 785 3153 vellet
824 3096 1002 3153 dicere
1043 3098 1095 3151 in
1139 3099 1299 3153 Aiace
1353 3115 1430 3153 vs,
1476 3102 1560 3153 15.
1604 3099 1677 3154 ita
1716 3100 1884 3159 dixit:

3 3174 5 3179 ,
396 3189 619 3243 ἐννέπειν
659 3185 774 3241 ὅτου
810 3186 966 3254 χάριν
1002 3185 1010 3260 Ι
1046 3187 1265 3248 σπουδὴν
1304 3186 1410 3241 ἔθου
1449 3187 1614 3251 τήνδε.

174 3275 327 3330 Credi
380 3275 512 3330 mihi
556 3292 699 3330 nunc
746 3276 940 3347 poterit
979 3274 1169 3327 vitium
1211 3273 1352 3330 alere
1391 3275 1754 3347 Xenophontis
1803 3277 1975 3334 locum
2018 3283 2072 3336 in

6 3385 11 3396 ·
101 3363 385 3419 Hellenicis
420 3364 533 3419 Vll.
578 3381 632 3419 tt.
679 3366 768 3419 20.
822 3364 940 3424 ἴσως
989 3364 1041 3418 δὲ
1089 3364 1362 3432 ἐπιφανεὶς
1413 3364 1476 3417 σὺ
1534 3367 1756 3432 τροπήν,
1810 3366 1974 3436 ὥσπερ
2021 3371 2075 3425 ἐν

101 3454 367 3519 Πελλήνῃ,
417 3454 675 3517 ποιήσεις,
733 3469 922 3525 nempe
983 3452 1027 3504 si
1069 3452 1200 3506 satis
1249 3459 1458 3507 constat
1511 3469 1606 3524 pro
1653 3454 1907 3522 τρέψομαι
1956 3460 2074 3521 τοὺς

101 3541 376 3605 πολεμίους
416 3540 613 3596 Graece
653 3540 758 3595 dici
810 3541 998 3608 τροπὴν
1038 3544 1134 3594 τῶν
1174 3540 1432 3605 πολεμίων
1478 3543 1789 3609 ποιήσομαι,
1829 3546 2078 3616 sequitur

105 3627 501 3699 Xenophontem
544 3632 736 3693 ποιήσει
781 3630 1059 3701 scripsisse
1102 3645 1202 3683 non
1243 3631 1484 3691 ποιήσεις.
