2436 4068
1038 205 1142 258 255

0 355 116 427 sin
158 369 292 415 usu,
333 349 472 422 quod
512 356 591 403 est
626 347 766 420 apud
810 348 1063 404 Alcaeum
1097 348 1288 404 Athen.
1331 366 1449 421 pag.
1487 352 1595 404 596
1634 348 1690 404 C.

0 435 2 444 ’
961 438 1011 491 εἴ
1043 459 1092 492 τι
1132 437 1387 505 γρύξομαι

355 524 420 579 ὧν
459 546 534 580 σοι
575 525 715 590 λέγω
755 525 911 579 πλέον
954 546 1004 579 τι
1043 528 1339 591 γαλαθηνοῦ
1378 525 1523 592 μυός.

58 619 238 688 itaque
285 615 453 668 invito
508 613 816 667 Ravennate
866 619 921 667 et
973 613 1221 667 omnibus
1285 613 1499 668 Comico
1554 614 1610 668 in
1659 611 1866 684 Equitt.
1912 615 2039 666 ⁶294.

0 715 2 718 ’
59 703 375 761 reddemus:

506 790 795 855 διαφορήσω
836 790 915 852 σ’,
955 787 1005 842 εἴ
1038 808 1088 842 τι
1129 787 1323 856 γρύξει.

134 879 269 934 Hinc
313 876 484 932 obiter
529 878 739 947 corrige
788 883 1148 930 monstrosum
1193 875 1444 948 Hesychii
1483 892 1751 930 errorem:
1805 874 2037 943 Ἐρύξειε

0 991 2 996 ’
58 966 264 1037 κράξει,
304 967 411 1020 imo
449 981 575 1018 vero
613 962 868 1032 Γρύξειε
908 961 1130 1030 κράξεις.
1177 979 1407 1034 namque
1444 964 1521 1016 sic
1557 964 1644 1016 isti
1684 962 2040 1034 loquebantur

0 1065 6 1106 ἓ-
59 1053 224 1123 ιράξω
254 1061 308 1109 et
340 1051 532 1120 ἔκραξα
568 1051 807 1107 dicentes
842 1068 938 1123 pro
969 1050 1284 1119 κεκράξομαι
1316 1058 1366 1105 et
1398 1050 1630 1118 ἔκραγεν.
1709 1051 1855 1105 Idem
1888 1051 2043 1122 plane

7 1126 10 1136 ¹
60 1159 211 1200 error
249 1142 303 1195 in
339 1141 487 1196 lsaeo
524 1143 846 1195 commissus
881 1147 1015 1194 orat.
1051 1139 1190 1195 VIII.
1234 1143 1263 1212 §
1294 1143 1380 1194 27.
1422 1141 1512 1194 οὐκ
1542 1139 1829 1205 ἐτόλμησεν
1869 1138 2038 1208 ἐρύξαι

0 1215 9 1305 ξ
59 1232 119 1288 τὸ
155 1229 447 1298 παράπαν,
487 1230 576 1284 cui
622 1228 928 1301 Stephanus
964 1243 1122 1282 suum
1159 1226 1347 1295 γρύξαι
1391 1225 1626 1282 reddidit
1661 1227 1896 1299 optime,
1936 1228 2043 1281 nisi

0 1318 30 1347 ’
59 1317 200 1392 quod
237 1317 427 1386 γρῦξαι
467 1318 728 1389 scriptum
769 1316 1022 1388 oportuit.

132 1406 474 1472 Λαικάσομαι
530 1412 583 1459 et
629 1404 914 1467 λαικάσει,
974 1402 1113 1475 quod
1178 1403 1440 1475 Bergkius
1499 1402 1843 1475 Aristophani
1903 1402 2044 1459 male

23 1485 34 1533 ·’
58 1496 290 1568 eripuit,
323 1495 379 1548 in
420 1492 629 1548 duobus
667 1492 1062 1564 antiquissimis
1095 1491 1304 1546 mendis
1342 1509 1438 1564 per
1479 1491 1650 1547 multa
1680 1492 1893 1547 saecula
1926 1499 2045 1547 tuto

58 1582 420 1645 delituerunt,
460 1581 603 1636 unde
641 1581 783 1636 salva
822 1580 1136 1653 prodierunt
1175 1588 1455 1652 postquam
1503 1580 1728 1636 Critices
1767 1580 1857 1635 qu
1893 1579 2043 1636 afful-

58 1673 149 1728 sit.
231 1671 578 1728 Scribebatur
617 1669 758 1742 apud
795 1667 1213 1742 Cephisodorum
1252 1669 1444 1724 Athen.
1476 1673 1604 1724 689.
1646 1668 1706 1724 F.

17 1742 35 1768 ἒ
358 1761 460 1824 ἐγὼ
499 1759 726 1826 πρίωμαι
766 1771 966 1813 λαικασ
1006 1758 1468 1826 ομαραβακκαριν,

59 1847 201 1905 unde
256 1847 442 1902 Critici
510 1846 814 1902 elicuerunt
868 1841 1244 1914 λαικάσομᾶρα
1299 1845 1592 1913 βάκκαρινε
1659 1844 1843 1901 eodem
1902 1843 2044 1900 felici

0 1948 9 2010 ξ
57 1937 308 1993 acumine
346 1933 486 2005 apud
529 1935 833 1990 Stratonem
876 1932 1067 1989 Athen.
1111 1950 1159 2005 p.
1198 1937 1305 1988 585
1348 1933 1411 1990 A.
1760 1951 1765 1955 ⁴

358 2025 527 2088 πηγὸς
568 2022 786 2090 πάρεςι;
829 2033 885 2076 Β.
925 2021 1124 2086 πηγός;
1162 2021 1281 2089 οὐχὶ
1319 2035 1488 2077 λεκασ
1526 2042 1601 2085 ει,

56 2113 251 2167 Comes
306 2113 449 2166 eruit
506 2127 693 2166 verum
751 2109 870 2179 οὐχὶ
917 2109 1201 2174 λαικάσει;
1256 2108 1418 2181 idque
1459 2109 1632 2181 ipsum
1682 2109 1926 2165 λαικάσει
1988 2111 2042 2165 in

57 2198 349 2273 archetypo
386 2198 577 2253 Codice
615 2199 884 2253 Marciano
924 2197 1124 2253 diserte
1175 2198 1436 2270 scriptum
1479 2196 1610 2252 vidi.
1689 2195 1876 2270 ltaque
1927 2198 2044 2254 Ari-

28 2286 343 2361 ⁸ntopbanes
377 2287 601 2358 recipiat
634 2293 914 2357 servetque
953 2302 1147 2341 suum:

355 2376 555 2439 δήσεις,
598 2373 889 2445 φυλάξεις,
931 2375 983 2429 ἔν
1023 2374 1306 2444 πρυτανείῳ
1344 2373 1607 2430 λαικάσει.

0 2474 34 2536 5·
131 2462 362 2520 Omnino
410 2462 582 2519 Codex
620 2464 934 2528 RavennaS,
973 2479 1299 2535 quamquam
1336 2463 1564 2518 caeteris
1595 2461 1846 2518 omnibus
1885 2462 2042 2537 longe

0 2543 142 2640 stent
178 2550 512 2608 emendatior
549 2560 604 2608 et
641 2553 902 2624 integrior
942 2558 994 2607 et
1037 2552 1089 2605 in
1131 2551 1505 2623 Aristophanis
1539 2550 1809 2622 scriptura
1849 2555 2044 2609 consti·

0 2649 17 2681 ἰ
55 2640 256 2698 tuenda
295 2656 436 2695 unus
475 2642 716 2695 omnium
757 2639 1052 2712 plurimum
1092 2640 1252 2695 habet
1290 2638 1630 2695 auctoritatis
1673 2645 1728 2694 et
1768 2638 1927 2706 fidei,
1966 2648 2044 2697 ta-

55 2743 180 2787 nen
218 2730 519 2783 innumeris
552 2727 762 2784 mendis
795 2735 847 2783 et
884 2728 1158 2784 erroribus
1195 2735 1368 2783 totum
1412 2743 1527 2781 esse
1565 2726 1798 2782 obsitum
1837 2736 1891 2783 et
1925 2747 2043 2786 sca-

221 2816 539 2873 lectionibus
592 2815 992 2872 absurdissimis
1032 2824 1086 2872 et
1142 2815 1502 2871 vitiosissimis
1555 2831 1658 2870 non
1715 2817 1847 2872 satis
1898 2816 2042 2874 docti

55 2900 298 2963 homines
349 2905 622 2961 recordari
659 2904 949 2969 videntur,
991 2922 1156 2977 quum
1199 2905 1522 2960 Criticorum
1578 2902 2043 2963 emendationibus

154 2994 504 3049 estantissimi
558 2993 678 3049 libri
720 2995 1096 3049 auctoritatem
1150 2999 1442 3067 opponunt.
1521 2991 1635 3047 Non
1673 2991 1860 3047 dubito
1899 2993 2044 3050 affir-

18 3079 206 3176 ‚e-‘mare
244 3088 298 3136 et
340 3081 702 3138 Ravennatem
759 3082 1004 3138 Codicem
1046 3090 1099 3138 et
1140 3083 1404 3137 Venetum
1457 3080 1826 3147 Marcianum,
1880 3099 2041 3155 quem

16 3161 170 3242 *ipse
201 3169 327 3224 oiim
366 3187 489 3225 cum
532 3170 830 3243 pulvisculo
867 3172 1109 3235 excussi,
1152 3171 1204 3225 in
1246 3170 1554 3226 deterrimis
1593 3170 2040 3241 corruptissimis-

10 3273 162 3330 yque
202 3257 352 3312 libris
392 3259 644 3331 scriptiS‚
686 3258 826 3314 unde
867 3259 1219 3330 Antiquitatis
1259 3264 1609 3313 monumenta
1650 3257 1703 3311 in
1745 3257 1919 3313 lucem
1962 3276 2040 3314 re-

7 3330 21 3395 ’.
59 3353 247 3401 vocata
298 3347 440 3411 sint,
482 3363 597 3401 csse
636 3345 936 3407 habendos.
980 3347 1072 3403 scd
1112 3349 1237 3420 quia
1279 3347 1476 3403 caeteri
1525 3362 1740 3410 omncS,
1782 3345 2042 3417 quidquid

59 3432 260 3504 nbiquc
295 3441 377 3488 est
424 3434 670 3490 codicum
724 3434 869 3490 MSS.
925 3436 1332 3509 Aristophanis,
1394 3434 1581 3490 multis
1638 3433 1880 3506 partibus
1933 3435 2043 3490 sint

58 3521 223 3575 etiam
285 3522 579 3579 vitiosiores
639 3524 1171 3596 interpolationilms‚
1225 3541 1358 3596 quas
1399 3522 1655 3579 malesani
1718 3527 2047 3579 correctores

64 3608 313 3664 omnibus
367 3610 594 3666 Criticac
646 3611 778 3666 artis
829 3613 1080 3669 subsidiis
1141 3614 1383 3669 destituti
1440 3612 1697 3685 plurimas
1753 3617 1952 3667 temere
1993 3619 2047 3667 et

0 2080 9 2126 i
