2436 4068
1025 168 1130 218 635

83 315 403 372 emendandi
457 316 542 368 via
584 314 638 367 in
678 310 1051 368 Demosthenis
1089 310 1321 366 Midiana
1364 313 1394 382 §
1437 315 1563 365 151.
1611 315 1666 367 οὐ
1717 314 1824 382 γὰρ
1876 318 2053 380 ἠγεῖτο

83 405 325 470 λαμπρὸν
364 405 473 458 οὐδὲ
511 404 735 456 νεανικὸν
772 433 849 441 —
886 398 916 454 δ’
948 421 999 454 τι
1039 398 1103 454 ἄν
1161 420 1264 460 τις
1306 399 1450 467 πρὸς
1489 397 1599 453 ἕνα
1646 398 1749 462 εἷς
1805 403 2053 472 διαπρατ-

85 513 273 555 τηται,
319 494 446 544 αλλ’
498 493 540 543 εἰ
584 494 659 555 μὴ
709 492 881 557 φυλὴν
922 487 1045 549 ὅλην
1077 521 1153 531 -
1188 495 1534 554 προπηλακιεῖ
1562 521 1637 529 -
1665 491 1890 556 ἀβίωτον
1942 490 2057 560 ᾤετ’

83 578 288 633 ἔσεσθαι
324 581 408 632 τὸν
444 579 556 642 βίον
589 580 748 644 αὐτῷ.
831 576 1095 629 Vitiosum
1138 582 1220 630 est
1256 597 1366 640 τις,
1409 593 1529 629 3331
1563 576 1678 648 ipse
1715 578 1905 633 Midias
1943 597 2058 634 ver-

84 666 138 721 hi
174 665 557 732 διαπράττηται
598 665 900 718 subiectum
951 670 1060 717 est:
1101 683 1180 723 τις
1222 680 1286 717 ex
1324 672 1442 717 ΕΙΣ
1485 671 1670 720 natum
1713 674 1768 721 et
1806 668 1886 722 sic
1927 669 2059 722 scri·

84 754 349 809 bendum:
404 751 434 807 5¹
474 774 525 807 τι
571 751 636 805 ἂν
685 747 774 812 εἷς
827 750 974 818 πρὸς
1030 748 1141 804 ἕνα
1195 751 1597 818 διαπράττηται.
1687 753 1790 809 Sed
1846 761 2064 811 revocat

84 859 171 898 me
212 841 502 912 Xenophon
542 839 608 894 ad
648 855 784 893 sese.

160 929 220 984 In
262 946 378 1000 cap.
414 929 503 983 IV.
547 931 598 982 9.
650 926 796 981 nullo
835 933 992 999 pacto
1031 925 1161 980 ferri
1201 933 1402 997 potest:
1444 929 1473 990 ἦ
1508 930 1603 993 μὲν
1638 930 1698 993 δὴ
1740 937 1868 992 παῖς
1905 931 1994 986 καὶ
2035 931 2060 987 ὅ

84 1024 212 1079 παῖς
250 1019 426 1087 κρύφα
464 1016 816 1084 ἀνέφερον.
896 1014 1205 1070 Ridiculum
1246 1014 1392 1069 enim
1425 1023 1506 1070 est
1545 1017 1644 1078 τοὶς
1683 1019 1893 1086 ψήφους
1934 1021 2063 1072 ανα-

81 1107 253 1175 φέρειν
295 1123 390 1177 pro
441 1105 730 1172 διαφέρειν,
786 1121 892 1175 quo
934 1109 1168 1158 utuntur
1223 1103 1276 1156 in
1325 1119 1387 1157 ea
1439 1120 1498 1157 re
1542 1105 1708 1159 Attici
1751 1123 1970 1170 omneS,
2011 1114 2066 1162 et

85 1197 203 1266 ipse
237 1193 526 1265 Xenophon
569 1192 746 1264 paullo
785 1199 942 1247 ante:
999 1191 1150 1245 ἀλλὰ
1198 1191 1660 1259 διαφερόντων
1699 1195 1800 1254 τοὶς
1834 1195 2063 1263 ψήφους.

89 1284 415 1356 Saepissime
449 1280 557 1335 vidi
598 1289 672 1334 ΔΙ
710 1280 763 1334 13
801 1287 853 1334 N
891 1279 1205 1351 depravari,
1246 1286 1299 1333 et
1335 1287 1556 1335 contra:
1599 1281 1782 1352 itaque
1822 1283 2066 1353 suspicor

84 1380 318 1428 veterem
356 1371 643 1425 lectionem
672 1377 902 1422 ΚΡΤΦΛ
925 1369 1180 1437 ΔΙὲφερον
1221 1367 1359 1422 111313
1398 1370 1627 1440 repetita
1668 1368 1883 1425 literuta
1922 1371 1967 1425 A
2008 1372 2064 1425 in

83 1462 328 1530 ἀνέφερον
357 1459 584 1522 abiisse,
617 1464 669 1511 et
711 1455 1048 1527 Xenophonti
1088 1456 1267 1526 κρύφα
1306 1457 1614 1525 διέφερον
1655 1458 1871 1512 restitui
1915 1475 2067 1529 opor-

87 1558 219 1606 tere.
298 1547 501 1603 Deinde
540 1552 688 1600 recte
724 1543 967 1601 Dindorf.
1007 1562 1105 1616 pro
1144 1545 1421 1612 διέπραττε
1468 1545 1554 1599 τόν
1593 1566 1653 1599 τε
1691 1547 1884 1614 λύχνον
1922 1548 2064 1611 κτὲ.,

82 1636 549 1705 διεπράττετο
586 1633 674 1689 τόν
709 1655 769 1688 τε
808 1646 861 1688 λ.
903 1632 1226 1688 emendavit.
1283 1632 1424 1701 Quid
1463 1634 1610 1690 enim
1640 1635 1826 1689 tritius
1873 1635 1928 1689 in
1968 1634 2064 1694 tali

84 1743 146 1782 re
185 1742 344 1798 quam
385 1721 829 1791 διαπραττεσθαιῖ

161 1814 224 1869 111
276 1831 393 1885 cap.
427 1812 514 1866 v1.
562 1817 611 1868 l.
668 1807 975 1864 Heindorfio
1032 1809 1460 1881 obtemperatum
1500 1811 1737 1882 oportuit
1775 1813 2067 1880 φιλήματα

87 1901 372 1958 delendum
415 1916 532 1956 esse
566 1897 891 1953 admonenti.
972 1897 1048 1952 Ne
1088 1897 1288 1953 Graeca
1325 1897 1540 1969 quidem
1576 1906 1661 1953 -est
1699 1899 1829 1955 11333
1875 1900 2067 1955 verbo-

86 2008 209 2046 rum
270 1989 613 2061 compositio:
665 1989 708 2041 οἱ
749 1988 846 2052 μὲν
897 1986 970 2039 τα
1019 1988 1279 2053 νικητήρια
1343 1986 1681 2059 [φιλήματαί
1738 1988 2065 2055 ἀπολαμβα-

90 2102 188 2135 νειν
226 2081 312 2134 τὸν
354 2078 694 2145 Κριτόβουλον
734 2074 982 2129 ἐκέλευον.
1062 2075 1120 2128 ln
1179 2078 1207 2145 §
1250 2079 1301 2128 2.
1360 2092 1526 2146 quum
1587 2076 1950 2148 Hermogenes
1990 2079 2068 2133 in-

88 2175 395 2238 terrogatus
440 2165 495 2220 τί
532 2166 608 2222 ἐςι
648 2163 923 2231 παροινίας
977 2162 1368 2234 respondisset:
1424 2165 1466 2216 εἰ
1504 2164 1599 2228 μὲν
1642 2162 1674 2217 δ’
1706 2186 1757 2220 τι
1798 2165 1902 2224 ε’ςὶν
1953 2167 2066 2235 ἐρω-

84 2264 185 2327 τᾷς
224 2258 314 2311 οὐκ
353 2251 470 2309 οἶδα
496 2270 509 2284 ·
550 2253 608 2307 τὸ
644 2252 819 2317 μέντοι
860 2271 946 2316 μοι
1004 2251 1174 2304 δοκοῦν
1215 2250 1408 2315 εἴποιμ’
1456 2250 1555 2314 ἄν,
1598 2251 1877 2309 Socrates:
1916 2256 2066 2310 ἄλλα

85 2347 272 2402 δοκεῖ
303 2346 485 2406 τοῦτο,
526 2341 722 2412 inquit.
805 2340 937 2407 Quis
974 2338 1072 2393 1103
1114 2339 1408 2409 intelligit?
1450 2339 1550 2394 Sed
1596 2357 1698 2394 303
1734 2342 1902 2396 videri
1936 2342 2066 2408 hoc,

85 2433 180 2490 sed
234 2434 361 2487 satis
415 2447 525 2485 esse
578 2428 826 2484 Socrates
881 2427 1122 2483 dixerat:
1175 2429 1302 2482 ἀλλ’
1358 2430 1557 2494 οὶρκεῒ
1606 2434 1786 2492 τοῦτο,
1849 2438 1973 2486 3010
2013 2439 2067 2487 et

86 2520 354 2593 frequenti
395 2535 531 2582 usu,
573 2534 620 2571 v.
663 2534 710 2571 c.
775 2518 827 2570 in
885 2516 1098 2570 Memor.
1136 2515 1200 2569 11.
1243 2533 1276 2569 1.
1319 2520 1372 2571 8.
1416 2524 1468 2571 et
1518 2517 1636 2571 aliis
1677 2517 1826 2572 locis.
1907 2519 2068 2576 Vides

82 2626 247 2682 quam
291 2607 444 2662 facite
479 2614 685 2661 APKEI
728 2606 780 2659 in
820 2612 1039 2660 ΔΟΚΕΙ
1081 2604 1314 2674 potuerit
1355 2606 1649 2677 eorrumpi.

163 2697 222 2752 ln
264 2713 380 2767 cap.
416 2694 503 2749 Vl.
546 2699 597 2749 6.
656 2711 749 2765 pro
805 2689 910 2760 οἷρα
964 2692 1062 2754 σὺ,
1109 2689 1143 2746 ὦ
1199 2694 1508 2759 Σώκρατες,
1561 2693 1584 2746 o‘
1624 2695 1897 2762 φροντιςῇς
1954 2696 2067 2751 ἐπι-

86 2785 439 2851 καλούμενοςς
479 2782 858 2837 admonuimus
901 2780 1004 2834 iam
1055 2788 1178 2835 31113
1239 2779 1521 2851 legendum
1563 2798 1681 2836 esse
1721 2781 1919 2838 videri:
1961 2778 2064 2852 ἆρα

85 2876 151 2930 σὺ
191 2870 252 2929 εἶ
298 2871 659 2939 Σωκράτης
700 2870 723 2924 ὃ
761 2870 1034 2937 <mamucha
1075 2870 1514 2934 ἐπικαλούμενος;

161 2962 221 3018 ln
277 2962 343 3016 iis
392 2977 527 3033 quae
583 2962 611 3030 §
651 2963 700 3013 7.
764 2956 1011 3011 Socrates
1058 2955 1223 3012 dicit:
1263 2955 1450 3012 ἄνωθεν
1488 2958 1585 3024 μέν
1625 2979 1691 3024 γε
1750 2958 1889 3021 ὄντες
1930 2962 2063 3029 ὢφε-

83 3054 296 3114 λοῦσιν,
335 3050 522 3105 ἄνωθεν
555 3048 607 3102 δὲ
646 3052 758 3116 Φῶς
799 3045 1146 3112 παρέχουσιν,
1189 3045 1427 3100 nonnulii
1471 3045 1723 3101 viderunt
1763 3045 1933 3109 ὅοντες
1966 3065 2063 3120 pro

83 3138 222 3199 ὄντες
265 3154 443 3192 veram
501 3136 783 3192 1331103331
837 3149 972 3188 esse.
1051 3133 1218 3188 Nemo
1276 3142 1399 3189 ante
1451 3135 1927 3199 Valckenaerium,
1969 3153 2061 3191 cu-

87 3227 173 3280 ius
212 3225 343 3280 11333
383 3231 464 3280 est
514 3226 566 3279 in
608 3222 831 3280 Schedis
872 3223 1180 3276 annotatio:
1244 3223 1452 3287 maid,
1495 3224 1742 3289 obsecro,
1789 3224 1873 3279 1113
1919 3223 2060 3287 ὄντες

86 3313 280 3385 efficit?
341 3312 552 3383 Corriqo
591 3312 777 3367 ἄνωθεν
816 3311 911 3376 μέν
970 3330 1036 3375 γε
1093 3308 1315 3372 ὕοντος
1356 3315 1657 3379 ὠφελοῦσιν.
1738 3311 1901 3382 Saepe
1953 3313 2061 3376 θεός

90 3401 285 3454 dicitur
325 3398 426 3454 ὕειν
468 3399 846 3471 ΧοηορΙιοιιιί.”
924 3399 1054 3453 Mihi
1094 3416 1305 3471 quoque
1351 3398 1521 3461 ὕοντες
1562 3401 1902 3455 verissimum
1946 3418 2061 3458 esse

90 3487 338 3550 videtur,
394 3486 484 3541 sed
543 3504 604 3543 eo
658 3496 870 3560 recepto
935 3488 1082 3543 locus
1145 3488 1379 3543 nondum
1443 3494 1756 3560 persanatus
1809 3496 1914 3553 est,
1969 3490 2061 3547 sed

92 3576 238 3631 311110
293 3574 503 3645 negotio
550 3577 821 3647 persanari
864 3583 1035 3648 potest
1092 3577 1401 3631 scribendo:
1444 3576 1628 3631 ἄνωθεν
1667 3576 1764 3640 μέν
1814 3597 1879 3641 γε
1935 3576 2058 3633 ὕον·

1662 3671 1702 3699 15
