2436 4068
1245 189 1351 238 2558

310 339 507 391 τοιαῦτ’
547 335 623 392 ἐςὶ
665 334 735 388 τοὶ
769 338 865 387 τῶν
901 332 1187 399 τυράννων,
1229 334 1284 385 in
1319 331 1486 386 Editt.
1530 331 1670 385 Veu.
1714 339 1796 386 est
1832 340 2051 389 τοιαῦτα
2087 337 2186 389 εἷο-ι’
2236 337 2288 389 in

311 442 416 496 quo
455 422 738 478 manifesta
790 422 1015 490 vestigia
1059 426 1188 474 sunt
1242 419 1518 483 lectioniS,
1572 423 1770 473 τοιαῦτ’
1809 423 1916 476 άεί
1964 424 2039 479 ἐςι
2081 424 2152 476 τά
2192 429 2289 476 τῶν

307 513 591 582 τυράννων,
632 526 793 581 quam
830 509 933 563 loci
975 508 1241 562 sententia
1281 508 1544 578 requirit:
1584 506 1704 560 τότε
1747 509 1889 563 enim
1938 517 1991 564 et
2028 510 2115 563 άεί
2151 511 2294 564 inter

311 619 368 656 se
407 597 714 672 opponenda
765 605 910 651 sunt.
991 596 1104 651 Non
1147 603 1227 649 est
1268 594 1376 648 ulla
1419 593 1684 648 dubitatio
1724 595 1854 666 quin
1918 597 1972 650 in
2037 599 2156 667 §⁷9.
2199 615 2295 669 pro

310 688 465 744 ὕπνου
501 685 843 753 τυγχάνομεν
885 684 1145 739 ambabus
1197 681 1448 736 manibus
1488 682 1859 754 amplectenda
1912 687 1982 738 sit
2024 687 2296 756 scriptura

311 776 465 832 ὕπνου
513 774 883 843 λαγχάνομεν.
965 772 1189 844 Saepius
1247 769 1358 824 vidi
1407 771 1648 823 Atticum
1691 769 1845 825 ὕπνου
1899 773 2198 841 λαγχάνειν
2241 781 2294 827 et

306 873 499 932 λαχεῖν
550 881 579 917 3
641 863 916 918 Graeculis
975 863 1031 914 in
1092 859 1197 914 alia
1252 858 1433 912 omnia
1489 858 1720 929 refingi,
1781 860 1939 914 cuius
2009 861 2088 914 rei
2147 862 2298 916 iuvat

309 951 549 1023 exempla
587 951 847 1022 quaedam
886 964 1170 1021 apponere.
1252 947 1313 1000 In
1365 946 1719 1016 Theophrasti
1761 947 2006 1002 Charact.
2050 965 2165 1020 cap.
2206 952 2295 1004 25.

306 1042 384 1094 sic
439 1040 638 1110 legitur
686 1040 742 1092 in
803 1038 1005 1109 optimo
1051 1036 1292 1090 omnium
1350 1034 1540 1088 Codice
1577 1034 1850 1089 Palatino:
1891 1037 1978 1090 καὶ
2027 1041 2116 1091 τοῦ
2163 1050 2312 1092 σαλ-’

308 1132 459 1186 πιςοῦ
494 1129 546 1183 δὲ
583 1128 642 1181 τὸ
679 1127 960 1190 πολεμικὸν
992 1126 1325 1190 σημαίνοντος
1366 1125 1648 1188 καθήμενος
1685 1124 1737 1177 ἐν
1771 1132 1836 1193 τῇ
1874 1133 2032 1193 σκηνῇ
2084 1123 2292 1191 »ἄπαγ’

307 1219 360 1279 ἐς
400 1217 642 1285 κόρακας.
684 1217 774 1269 οὐκ
810 1214 951 1268 ἐάσει
1005 1214 1091 1267 τὸν
1130 1211 1384 1279 ἄνθρωπον
1437 1209 1643 1265 ὕπνου
1693 1213 1942 1278 λαβεῖν
1983 1215 2156 1268 πυκνοὶ
2206 1235 2294 1276 ση·

307 1306 561 1373 μαίνων.”
659 1304 786 1358 Fuit
845 1304 937 1374 qui
993 1299 1148 1355 ὕπνου
1203 1307 1397 1368 λαχεῖν
1453 1300 1693 1354 coniecit·
1743 1298 1835 1353 sed
1893 1299 2031 1355 hanc
2091 1309 2296 1356 certam

307 1393 736 1449 emendationem
777 1392 889 1462 ipse
927 1389 1068 1444 ultro
1108 1388 1412 1459 repudiavit
1447 1394 1501 1442 et
1543 1387 1755 1442 abiecit.
1835 1387 1950 1442 Non
1996 1388 2211 1445 fecisset
2251 1392 2298 1445 si

307 1483 503 1537 melius
559 1482 758 1535 Graece
815 1478 1096 1533 scivisset:
1159 1493 1332 1547 neque
1386 1477 1528 1530 enim
1581 1474 1732 1531 ὕπνον
1771 1475 2037 1543 λαμβάνω
2098 1478 2298 1534 Graece
2342 1503 2345 1508 ·

307 1570 416 1625 dici
461 1576 636 1642 potest
678 1583 850 1638 neque
884 1565 1015 1619 adeo
1052 1565 1318 1630 λαμβάνω
1362 1563 1534 1620 ὕπνου.
1617 1563 1864 1628 GraeciS,
1906 1566 1999 1636 qui
2040 1574 2292 1623 accurate

309 1658 616 1730 cogitabant
657 1667 708 1711 et
755 1671 939 1709 rerum
990 1660 1242 1707 naturam
1292 1652 1470 1707 verbis
1511 1660 1763 1707 accurate
1801 1651 2139 1718 referebant,
2183 1658 2296 1710 usi-

306 1754 480 1802 tatum
525 1753 605 1800 est
662 1744 841 1798 dicere
893 1741 1044 1803 ὕπνος
1085 1763 1154 1808 με
1187 1741 1459 1807 λαμβάνει
1513 1758 1724 1795 somnus
1777 1759 1860 1795 me
1900 1744 2036 1815 capit
2076 1761 2171 1816 pro
2211 1745 2294 1798 ob-

309 1836 595 1898 dormisce,
658 1850 760 1886 non
812 1839 872 1886 ut
925 1831 1152 1884 Romani
1208 1848 1446 1883 somnum
1498 1829 1642 1901 capio
1696 1846 1791 1901 pro
1846 1830 2068 1888 dormio,
2163 1833 2297 1888 Vide

309 1925 488 1995 ipsum
543 1921 973 1992 Theophrastum
1027 1935 1142 1990 cap.
1188 1923 1238 1972 7.
1295 1925 1482 1972 λαλεῖν
1532 1939 1584 1973 τι
1643 1921 1794 1984 ἡμῖν,
1853 1915 1989 1982 ὅπως
2040 1919 2106 1976 ἂν
2154 1925 2294 1988 ἡμᾶς

308 2009 460 2072 ὕπνος
501 2009 664 2079 λάβη.
743 2008 945 2064 Eodem
1005 2007 1162 2062 modo
1208 2005 1358 2067 ὕπνος
1401 2006 1604 2061 dicitur
1642 2009 1800 2074 αἱρεῖν
1840 2029 1994 2074 τινα,
2035 2016 2088 2063 et
2143 2007 2294 2072 ὕπνος

307 2098 421 2166 ἔχει
462 2119 528 2163 με
571 2115 666 2169 pro
707 2097 972 2159 καθεύδω,
1016 2103 1068 2150 et
1105 2094 1257 2155 ὕπνος
1314 2095 1470 2158 άνῆκέ
1517 2116 1587 2160 με
1630 2112 1724 2166 pro
1766 2094 2072 2164 ἐξηγρόμην.
2151 2098 2294 2153 Dici-

307 2194 400 2242 tur
440 2185 590 2248 ὕπνος
652 2186 794 2258 apud
837 2193 1020 2256 poetas
1062 2183 1253 2239 ἱκάνειν
1293 2183 1443 2243 τινά,
1486 2181 1572 2237 ὅτε
1617 2204 1706 2248 μιν
1746 2186 1947 2249 γλυκὺς
1991 2184 2142 2249 ὕπνος
2181 2187 2296 2242 ἱκά-

305 2295 408 2340 νοι,
449 2282 503 2329 et
542 2274 801 2342 μάρπτειν
823 2273 942 2328 τινά
985 2279 1038 2327 et
1079 2273 1242 2327 πεδοῖν
1282 2292 1434 2334 τινα,
1477 2270 1688 2342 aliaque
1729 2272 1902 2327 multa
1938 2275 2153 2339 similia,
2198 2274 2292 2329 sed

302 2380 460 2419 nemo
499 2370 645 2418 recte
682 2362 884 2416 dicitur
925 2362 1038 2432 ipse
1078 2359 1230 2415 ὕπνον
1279 2358 1597 2426 λαμβάνειν.
1678 2359 1737 2414 In
1787 2361 2024 2415 Platonis
2066 2363 2288 2435 Sympo-

303 2453 381 2506 sio
427 2453 573 2506 circa
627 2451 784 2505 finem
838 2468 887 2522 p.
927 2453 1034 2503 225
1076 2450 1135 2502 Β.
1198 2448 1328 2502 haec
1384 2454 1464 2502 est
1514 2463 1640 2501 vera
1690 2450 1995 2521 scriptura:
2048 2451 2133 2505 τὸν
2195 2453 2292 2517 μὲν

301 2539 382 2596 οὖν
419 2540 771 2608 Ἐρυξίμαχον
813 2539 898 2594 καὶ
939 2539 1026 2592 τὸν
1067 2538 1281 2604 Φαῖδρον
1328 2537 1413 2591 καὶ
1466 2534 1659 2597 ἄλλους
1697 2537 1842 2599 τινας
1886 2537 1988 2608 ἔφη
2030 2540 2052 2593 ὂ
2092 2539 2290 2607 'Apte-0¹-

301 2630 456 2695 δημος
489 2629 722 2696 οἴχεο-θαι
765 2628 1048 2689 άπιόντας,
1090 2622 1115 2678 ἓ
1155 2626 1218 2678 δὲ
1269 2622 1468 2679 ὕπνον
1523 2627 1775 2691 λαβεῖν
1814 2626 1901 2681 καὶ
1951 2629 2290 2695 καταδαρθεῖν

303 2719 441 2773 πάνυ
478 2719 629 2772 πολύ.
711 2717 828 2788 Ipse
868 2717 946 2769 sic
986 2715 1229 2768 dixerat:
1271 2713 1364 2778 ἐμὲ
1405 2714 1456 2766 δὲ
1496 2710 1648 2774 ὕπνος
1694 2715 1861 2780 ἔλαβε
1903 2716 1991 2769 καὶ
2039 2717 2287 2785 κατέδαρ-

304 2808 380 2860 θον
410 2805 548 2860 πάνυ
590 2805 722 2859 πολύ
769 2804 893 2877 (non
932 2804 1034 2868 ἐγὼ
1067 2803 1119 2856 δὲ
1169 2799 1320 2855 ὕπνον
1375 2800 1622 2875 ἔλαβον),
1675 2810 1732 2856 nt
1769 2803 1911 2874 apud
1969 2803 2283 2876 Sophoclem

303 2894 436 2948 dicit
474 2894 769 2948 Philocteta
823 2910 900 2945 vs,
941 2895 1066 2945 767.
1109 2889 1380 2955 λαμβάνει
1421 2889 1526 2956 γάρ
1583 2887 1665 2945 οὖν
1706 2888 1858 2953 ὕπνος
1908 2911 2011 2957 με,
2052 2901 2105 2947 et
2145 2891 2284 2965 apud

303 2981 664 3054 Antiphancm'
703 2980 898 3034 Athen.
943 2997 994 3050 p.
1036 2981 1104 3032 25
1147 2979 1201 3031 C.

606 3072 669 3129 ὡς
711 3067 786 3126 ἔςι
828 3068 1169 3122 κατακεῖσθαι
1211 3069 1303 3134 πρὸ
1344 3067 1544 3121 δείπνου
1585 3067 1848 3136 συμφορά.

607 3156 725 3211 οὔτε
765 3155 871 3224 γάρ
913 3153 1064 3215 ὕπνος
1107 3155 1347 3217 δήπουθεν
1389 3155 1543 3209 οὐδέν’
1585 3154 1649 3209 ἂν
1688 3155 1879 3222 λάβοι,

607 3246 708 3300 οὔθ’
748 3244 812 3300 ἃν
852 3244 987 3311 λέγη
1025 3263 1102 3304 τις
1143 3244 1375 3308 οὐδαμῶς
1416 3243 1668 3308 μάθοιμεν
1708 3242 1789 3297 ἄν.

376 3334 510 3389 Vide
549 3341 730 3388 autem
787 3331 916 3404 quid
954 3331 1163 3385 scribae
1198 3331 1599 3401 designaverint
1653 3347 1819 3401 quum
1867 3349 1971 3386 non
2030 3342 2282 3405 caperent

301 3424 469 3495 inepti
529 3422 657 3493 quid
722 3421 937 3476 tandem
1004 3427 1142 3473 esset
1206 3426 2275 3478 ΑΠΙΟΝΤΑΣΕΔΕΤΠΝΟΝΛΑΒΕΙΝ.

298 3512 499 3582 Nempe
525 3519 666 3565 ΕΔΕ
701 3510 866 3564 stulte
898 3515 1180 3563 mutarunt
1215 3509 1268 3560 in
1298 3507 1359 3560 ἔα
1399 3508 1483 3570 δέ,
1527 3505 1674 3572 ἕαδε,
1716 3509 1808 3573 ἐμὲ
1848 3509 1900 3562 δέ
1941 3516 1994 3564 et
2021 3511 2075 3565 in
2104 3511 2273 3566 οἴκαδε

304 3600 567 3671 denique,
610 3588 750 3654 unde
803 3598 932 3654 haec
973 3604 1051 3652 cst
1093 3604 1216 3652 nata
1264 3596 1480 3667 vulgata
1521 3596 1678 3651 lectio
1731 3595 1963 3664 οἴχεο-θαι
2021 3600 2271 3660 άπιόντας
