2436 4068
1071 232 1104 282 9

100 374 251 443 Quod
297 375 352 428 in
393 372 577 429 eadem
632 392 691 429 re
733 376 1010 448 proprium
1051 375 1276 430 verbum
1320 379 1398 428 est
1440 371 1700 436 ἐξακούειν
1742 373 1807 429 de
1854 392 1915 429 eo
1963 376 2088 447 poni

99 463 348 527 solitum,
398 462 465 516 ad
513 463 669 517 cuius
716 481 874 518 aures
926 479 1025 516 vox
1065 469 1160 517 aut
1210 462 1411 517 clamor
1444 478 1473 516 e
1521 460 1760 532 longiore
1808 462 2089 517 intervallo

99 550 277 606 editus
312 551 586 622 pervenit,
629 550 967 622 Xenophonti
1008 549 1340 604 reddendum
1376 558 1457 604 est
1491 550 1546 602 in
1579 549 1810 603 Anahasi
1833 550 1895 603 V.
1921 555 1972 604 4.
1999 555 2088 605 51.

97 640 323 705 ἀπεῖχον
356 640 412 692 αἱ
453 638 632 699 πόλεις
670 640 767 692 ἀπ’
806 639 1053 700 ἀλλήλων
1095 637 1254 694 ςαδια
1301 638 1646 703 ὁγδοήκοντα,
1698 639 1753 691 αἱ
1793 638 1844 691 δὲ
1885 645 2089 704 πλεῖον,

97 727 154 781 αἱ
201 727 253 780 δὲ
292 732 466 791 μεῖον.
505 726 844 791 ἀναβοώντων
877 725 929 778 δὲ
972 725 1221 787 ἀλλήλων
1260 723 1528 789 ξυνήκουον
1569 725 1641 785 εἶς
1680 725 1787 787 τὴν
1813 725 1990 794 ἑτέραν
2031 727 2088 781 ἐκ

95 821 190 877 τῆς
231 812 409 881 ἑτέρας
447 813 647 875 πόλεως
670 855 683 877 ,
724 814 834 867 imo
873 828 999 866 vero
1039 810 1302 875 ἐξήκουον,
1344 814 1388 866 si
1424 831 1530 884 quo
1565 830 1629 868 ex
1666 811 1858 884 oppido
1888 812 2091 868 clamor

96 900 378 956 tolleretur
429 901 477 955 is
532 901 588 955 in
641 900 810 955 altero
858 899 1051 972 oppido
1094 897 1500 954 exaudiebatur.
1601 901 1738 955 Hinc
1792 901 1987 956 melius
2034 902 2089 956 in

96 988 388 1063 Cyropaed.
428 987 519 1043 IV.
557 993 607 1044 5.
648 993 679 1043 5
722 988 1029 1043 servabitur
1063 994 1217 1042 vetus
1257 985 1416 1040 lectio
1449 987 1548 1047 ςοὶς
1585 985 1709 1042 ὅπου
1743 992 1903 1044 αὐτοῦ
1933 989 2088 1056 ἔμελ-

94 1090 184 1133 λον
219 1076 588 1140 ἐξακούσεσθαι
619 1093 748 1148 prae
788 1092 924 1130 nova
957 1075 1180 1142 ἔμελλον
1211 1074 1558 1138 ἀκούσεσθαι,
1599 1082 1651 1130 et
1682 1077 1804 1146 quis
1838 1093 1942 1132 non
1979 1094 2087 1132 me-

99 1166 258 1220 minit
299 1164 675 1237 Aristophanis
716 1164 771 1217 in
815 1163 1137 1235 Thesmoph.
1181 1165 1308 1217 295.

396 1257 495 1307 ποῦ
519 1295 532 1316 ,
571 1257 669 1306 ποῦ
709 1252 965 1320 καθέζωμ’
1001 1254 1053 1306 ἔν
1089 1253 1267 1318 καλῷ,
1306 1252 1405 1306 τῶν
1447 1250 1659 1319 ῥητόρων

402 1338 466 1394 ἵν’
506 1338 757 1403 ἐξακούω

170 1427 408 1483 Transeo
437 1444 582 1482 nunc
617 1427 682 1481 ad
714 1427 994 1482 Strattidis
1022 1427 1201 1482 locum
1233 1426 1656 1491 emendandum,
1696 1426 1751 1480 in
1793 1443 1900 1497 quo
1937 1443 2090 1483 voca-

93 1515 284 1572 bulum
340 1532 509 1571 unum
553 1515 833 1570 intercidit
885 1522 939 1570 et
986 1525 1270 1587 propterea
1314 1514 1454 1587 quod
1504 1522 1621 1569 erat
1667 1513 2089 1580 facetissimum,

93 1601 198 1658 loci
235 1603 511 1675 Sophoclei
534 1605 797 1672 παρῳδιά,
845 1621 945 1657 non
979 1605 1211 1676 amplius
1233 1610 1472 1679 apparet.
1554 1603 1907 1657 Praemittam
1930 1603 2090 1659 verba
2142 1622 2144 1625 ’

97 1691 349 1763 Tragici,
399 1693 454 1746 in
486 1691 684 1764 quihus
711 1691 868 1746 multi
900 1709 1057 1765 saepe
1092 1694 1252 1748 iocati
1284 1699 1444 1757 sunt,
1489 1698 1671 1763 utpote
1702 1692 1995 1762 unicuique
2025 1691 2090 1747 de

94 1779 290 1853 populo
323 1780 655 1844 notissimis,
696 1781 751 1834 in
782 1797 888 1852 quo
923 1798 1119 1852 genere
1157 1781 1476 1853 lepidissimi
1515 1787 1641 1833 sunt
1675 1786 1774 1834 τῶν
1807 1781 2088 1848 παρῳδούν-

92 1889 194 1923 των
243 1867 382 1923 sales
427 1876 479 1923 et
520 1869 742 1941 lepores.
838 1869 1015 1937 Quum
1057 1870 1365 1924 Demetrius
1406 1867 1701 1922 Poliorceta
1743 1869 1797 1922 in
1852 1869 2088 1942 Phrygia

94 1956 320 2027 ignarus
352 1957 611 2012 itinerum
647 1958 702 2011 in
732 1956 885 2011 devia
917 1964 968 2011 et
1006 1958 1286 2028 angustias
1319 1972 1483 2028 seque
1503 1962 1555 2010 et
1585 1956 1764 2028 copias
1794 1956 2088 2029 implicuis-

94 2050 207 2110 set,
247 2051 302 2099 et
342 2060 529 2099 scurra
564 2044 761 2116 aliquis
802 2047 858 2099 in
892 2046 1010 2101 eius
1046 2046 1280 2100 tentorio
1314 2044 1706 2115 inscripsisset:

393 2133 567 2187 τέκνον
601 2138 808 2202 τυφλοῦ
849 2135 1082 2202 γέροντος
1115 2132 1446 2198 Ἀντιγόνου,
1485 2131 1630 2192 τίνας

392 2221 587 2289 κώμους
621 2222 938 2290 &elymam
1998 2278 2001 2281 .

91 2315 156 2365 ut
189 2315 375 2364 narrat
405 2308 729 2363 Plutarchus
760 2310 814 2364 in
853 2311 1088 2367 Demetr.
1114 2327 1229 2382 cap.
1254 2312 1352 2371 46,
1393 2324 1496 2362 non
1533 2308 1692 2363 credo
1716 2325 1883 2364 unum
1923 2309 2087 2365 fuisse

92 2397 150 2452 in
189 2397 387 2453 castris
424 2396 688 2452 Graecum
725 2398 981 2465 militem,
1023 2400 1117 2471 qui
1157 2415 1261 2453 non
1303 2396 1492 2470 Oedipi
1526 2397 1739 2453 Colonei
1781 2398 2084 2454 recordare-

92 2492 199 2542 tur.
277 2485 391 2540 Non
419 2485 601 2540 minus
635 2487 884 2542 omnibus
921 2495 1046 2542 nota
1079 2493 1233 2542 erant
1273 2486 1438 2540 haec:

392 2574 786 2642 Ἀγαμέμνονος
829 2582 965 2641 παῖ,
1006 2581 1091 2631 νῦν
1129 2577 1280 2630 ἐκεῖν’
1319 2573 1459 2638 ἔξεςί
1496 2595 1571 2628 σοι

391 2662 606 2731 παρόντι
640 2665 878 2719 λεύσσειν
899 2708 914 2730 ,
954 2663 1017 2719 ὦν
1057 2663 1308 2733 πρόθυμος
1345 2661 1453 2726 ἧσθ’
1485 2664 1571 2717 ozel
1591 2704 1604 2716 .

390 2751 448 2804 τὸ
489 2751 596 2820 γὰρ
632 2754 861 2810 παλαιὸν
892 2755 1090 2821 ’Άφγος
1125 2750 1353 2812 οὑπόθεις
1387 2750 1533 2806 τόδε.

391 2836 525 2901 αὕτη
567 2841 629 2903 δ’,
673 2841 864 2910 Ὀρέςα
888 2883 903 2904 ,
945 2845 1034 2895 τοῦ
1071 2839 1377 2895 λυκοκτόνου
1418 2840 1528 2893 θεοῦ

388 2928 559 2996 drop&
600 2928 847 2994 Λύκειος,
888 2928 978 2994 οὑξ
1015 2931 1253 2998 οέριςεροῖς
1291 2928 1334 2981 δ’
1368 2923 1452 2981 ὅδε

0 3078 1 3082 ¹
390 3014 554 3083 ’Ἥρας
595 3017 618 3070 o‘
652 3018 847 3079 κλεινὸς
881 3018 1017 3080 ναός.

90 3099 418 3173 etreliqua,
464 3119 600 3175 quae
641 3104 898 3176 leguntur
939 3108 991 3161 in
1028 3107 1274 3162 Electrae
1314 3102 1549 3160 exordio,
1629 3102 1825 3158 Notum
1855 3109 1935 3158 est
1971 3121 2080 3160 ine-

89 3188 400 3245 retriculam
455 3192 691 3248 Atticam
745 3211 773 3249 a
829 3195 1101 3251 Demetrio
1154 3193 1342 3249 multis
1397 3190 1715 3246 muneribus
1771 3197 2079 3247 ut-vestem

89 3285 309 3346 poneret
344 3287 739 3351 expugnatam,
780 3300 948 3355 quum
996 3282 1208 3338 tandem
1253 3297 1458 3336 morem
1490 3286 1733 3351 gereret,
1778 3278 2002 3335 dixisse:

392 3369 784 3435 Ἀγαμέμνονος
825 3379 957 3435 παῖ,
1001 3378 1084 3427 νῦν
1125 3372 1277 3427 ἐκεῖν’
1318 3369 1458 3434 {ascl
1491 3389 1566 3423 σοι

389 3456 603 3524 παρόντι
645 3460 911 3523 λεύσσειν,
951 3459 1014 3515 ὧν
1048 3461 1299 3529 πρόθυμος
1338 3457 1445 3523 ἦσθ’
1486 3457 1586 3512 ozel.

5 3563 18 3613 ς
90 3535 361 3597 Hachonis
401 3542 548 3599 locus
579 3553 661 3600 est
702 3547 842 3620 apud
887 3549 1078 3606 Athen.
1123 3549 1261 3604 Xlll.
1300 3550 1425 3602 579.
1464 3546 1521 3599 Α.

393 3633 696 3700 αἰτουμένην
731 3636 942 3702 λέγουσι
979 3641 1068 3702 τὴν
1112 3639 1282 3703 πυγήν
1330 3655 1455 3689 ποτε
