2436 4068
1284 253 1386 301 106

327 396 419 468 qui
473 397 525 449 in
578 395 817 469 Lysiacis
870 393 1283 459 circumfertur,
1339 391 1482 446 unde
1530 398 1683 447 vetus
1732 394 1923 448 vitium
1973 401 2313 466 comparatus

326 483 650 555 Antiphanis
688 482 836 536 locus
877 481 1168 535 tollendum
1205 497 1320 535 esse
1357 479 1695 535 monstrabit.
1755 481 1910 552 Apud
1948 481 2162 555 Lysiam
2206 482 2312 536 edi-

326 579 418 626 tur
465 571 530 625 II.
577 570 616 644 ἓ
660 574 708 624 ’7.
758 569 1068 644 πέμψαντες
1122 570 1344 635 κήρυκας
1395 568 1586 623 ἐδέοντο
1637 571 1805 622 αὐτῶν
1855 570 2022 623 δοῦναι
2071 570 2163 631 τὴν
2215 575 2312 622 τῶν

326 664 503 726 νεκρῶν
539 658 812 724 ἀναίρεσιν.
893 656 1324 727 Expungendum
1360 673 1475 711 esse
1515 655 1806 710 articulum
1847 658 1939 720 τήν
1980 663 2034 710 et
2073 673 2159 710 res
2201 657 2314 727 ipsa

328 745 481 801 docet
523 753 576 800 et
614 742 946 815 Antiphanes
992 742 1331 798 confirmabit
1370 744 1512 815 apud
1552 744 1744 799 Athen.
1786 743 1874 797 VI.
1919 747 2043 798 2⁰25.
2087 744 2146 798 D.

707 830 900 905 (ἰχθῦς)
938 828 1083 886 ἕωλοι
1124 830 1342 897 κείμενοι
1380 832 1457 886 δύ’
1493 833 1685 899 ἡμέρας

702 921 730 982 ἢ
771 925 936 986 τρεῖς’
976 918 1129 986 μόλις
1170 920 1212 974 δ’
1253 921 1343 974 ἐοὶν
1383 923 1498 974 ποτ’
1537 921 1724 982 ὠνητὴν
1759 920 1959 994 τνφλόν

699 1005 906 1073 λάβωσ’
952 1006 1142 1062 ἔδωκαν
1178 1013 1277 1062 τῶν
1316 1013 1494 1075 νεκρῶν
1531 1008 1818 1075 ἀναίρεσιν.

325 1102 378 1151 et
418 1095 730 1167 saepissime
763 1095 817 1149 in
858 1094 1130 1150 historicis
1163 1095 1364 1166 legitur
1403 1097 1573 1151 δοῦναι
1611 1094 1692 1149 vel
1727 1097 1892 1149 αἰτεῖν
1924 1095 2179 1162 αναίρεσιν
2217 1101 2314 1149 τῶν

322 1188 530 1251 νεκρῶν,
573 1189 632 1237 ut
673 1182 814 1255 apud
855 1183 1098 1256 Thucyd.
1142 1183 1234 1237 III.
1274 1188 1398 1238 115.
1437 1182 1557 1248 ἦλθε
1598 1181 1754 1250 κήρυξ
1791 1180 2047 1250 αναίρεσιν
2088 1183 2312 1244 αἰτήσων

321 1275 420 1325 τῶν
460 1272 668 1338 νεκρῶν,
709 1270 850 1342 quod
892 1270 1266 1326 Demosthenis
1317 1287 1480 1326 causa
1529 1270 1817 1334 admoneO,
1872 1269 2013 1341 apud
2053 1286 2212 1341 quem
2255 1270 2310 1323 in

323 1358 564 1413 oratione
616 1358 728 1426 περὶ
781 1359 1085 1421 Ἀλοννήσου
1138 1375 1189 1430 p.
1240 1362 1344 1421 86,
1398 1362 1448 1414 9.
1503 1359 1692 1413 vitiose
1743 1357 1946 1412 editur:
2001 1361 2177 1412 τοῦτον
2228 1359 2312 1412 τὸν

323 1444 483 1514 ἄνδρα
530 1447 715 1507 ἐκεῖνος
755 1478 832 1488 —-
869 1447 1143 1502 ἀπέκτεινε
1189 1447 1276 1501 καὶ
1333 1447 1434 1501 οὐδ’
1488 1446 1744 1513 ἀναίρεσιν
1792 1445 1971 1500 ἔδωκεν
2020 1444 2103 1500 ἵνα
2141 1450 2310 1515 ταφῇ.

325 1533 663 1605 Quamquam
713 1533 844 1588 haec
897 1535 1068 1588 oratio
1121 1551 1226 1588 non
1280 1541 1363 1589 est
1414 1533 1479 1590 ab
1530 1535 1659 1606 ipso-
1686 1533 2043 1591 Demosthene
2081 1534 2314 1605 scripta,

320 1629 500 1677 tamen
543 1621 609 1676 ab
649 1638 710 1676 eo
748 1623 946 1693 scripta
987 1629 1096 1686 est,
1138 1623 1231 1693 qui
1271 1622 1349 1676 illi
1386 1622 1658 1694 popularis
1698 1629 1751 1676 et
1799 1621 2037 1693 aequalis
2077 1627 2216 1684 erat,
2259 1627 2313 1675 et

320 1708 388 1764 ad
425 1726 514 1763 eos
553 1708 766 1772 hahita,
811 1710 904 1781 qui
943 1710 1076 1764 satis
1124 1710 1366 1765 sciebant
1404 1710 1534 1783 quid
1578 1715 1716 1765 esset
1763 1711 1864 1764 οὐδ’
1904 1710 2160 1777 αναίρεσιν
2197 1708 2310 1763 ἔδω-

321 1817 436 1851 κεν.
479 1797 788 1869 supervenit
822 1796 915 1852 diu
948 1802 1069 1868 post
1096 1797 1320 1862 sciolus,
1361 1799 1455 1870 qui
1483 1798 1567 1854 ἵνα
1593 1803 1746 1868 ταφῇ
1782 1797 1847 1852 de
1877 1814 1973 1852 suo
2006 1796 2312 1868 adscripsit.

395 1884 592 1940 Forma
633 1885 858 1939 barbara
897 1884 1149 1957 deturpat
1189 1884 1496 1942 foedissime
1547 1886 1724 1942 locum
1767 1884 2037 1957 Aristoph.
2080 1886 2135 1939 in
2177 1885 2313 1939 Pace

321 1989 398 2027 vs.
442 1977 565 2029 175.

624 2062 714 2126 ἤδη
755 2067 940 2132 ςροφεῖ
975 2082 1024 2116 τι
1067 2065 1277 2127 πνεῦμα
1317 2061 1429 2130 περὶ
1471 2064 1558 2117 τὸν
1597 2060 1860 2130 ὀμφαλόν.

320 2146 454 2201 nihil
495 2154 577 2202 est
620 2149 823 2211 certius
877 2166 1038 2220 quam
1087 2149 1265 2218 ςρέφει
1306 2166 1422 2204 esse
1461 2149 1888 2214 emendandum,
1929 2154 1990 2203 ut
2027 2149 2078 2202 in
2119 2146 2311 2220 fragm.

319 2236 483 2290 Arist.
525 2235 667 2308 apud
709 2236 836 2291 Poll.
879 2238 944 2292 X.
988 2241 1077 2292 44.

619 2323 751 2390 οἴμοι
790 2323 992 2389 τοέλας,
1032 2324 1086 2379 τί
1118 2344 1218 2390 μου
1255 2324 1433 2393 ςρέφει
1475 2325 1566 2387 τὴν
1606 2324 1842 2393 γαςέρας

318 2416 371 2466 ct
406 2410 730 2484 Antiphanis
767 2411 909 2484 apud
949 2411 1140 2467 Athen.
1180 2412 1272 2467 111.
1322 2415 1446 2466 125.
1487 2412 1545 2466 B.

621 2501 675 2554 οὐ
717 2500 822 2567 γαρ
863 2503 1020 2556 κακὸν
1061 2499 1166 2568 ἔχω
1207 2501 1328 2566 μηδ’
1367 2498 1572 2567 ἔχοιμ’.
1615 2500 1705 2554 ἐὰν
1745 2500 1788 2553 δ’
1825 2497 1929 2567 ἄρα

623 2586 789 2657 ςρέφῃ
822 2609 891 2655 με
933 2588 1044 2656 περὶ
1082 2589 1175 2651 τὴν
1213 2587 1396 2655 ραις-ἐρ’
1438 2587 1467 2650 ἢ
1512 2590 1599 2642 τὸν
1638 2587 1885 2656 ὀμφαλόν

622 2676 767 2743 παρα
810 2676 1072 2744 Φερτάτου
1111 2674 1388 2736 δακτύλιός
1426 2673 1505 2732 ε’ςί
1541 2695 1627 2740 μοι
1663 2676 1933 2743 δραχμῆς,

320 2770 374 2819 et
407 2762 527 2818 aliis
561 2762 708 2817 lociS.
790 2768 1006 2833 Στροφῶ
1048 2771 1230 2819 autem
1266 2779 1487 2835 prorsus
1527 2762 1817 2817 barbarum
1854 2767 1965 2826 est,
2005 2778 2166 2833 quam
2207 2761 2310 2817 sor-

320 2868 466 2906 mam
520 2857 668 2905 certa
718 2851 1039 2907 Graecitatis
1086 2851 1172 2906 lex
1213 2859 1266 2907 et
1315 2850 1558 2921 analogia
1605 2851 1839 2923 respuit:
1896 2849 2000 2904 alia
2051 2851 2190 2905 ratio
2229 2857 2309 2905 est

317 2940 603 2994 verborum
639 2941 1016 3010 οἷακοςροφεῖν,
1055 2947 1395 3008 χειρονομεῖν,
1443 2941 1808 3009 ἱπποτροφεῖν,
1846 2939 2098 3007 ᾠοτοκεῖν,
2137 2941 2308 3005 μισθο-

319 3032 524 3096 φορεῖν,
553 3027 879 3094 οένθολογεῖν,
908 3029 1236 3097 οἰκοφθορεῖν,
1267 3027 1496 3083 aliorum
1525 3034 1928 3092 sexcentorum,
1959 3043 2096 3099 quae
2129 3027 2308 3081 omnia

317 3131 383 3168 ex
423 3113 702 3168 adiectivis
753 3116 1061 3187 compositis
1109 3122 1397 3189 propagata
1449 3122 1606 3180 sunt,
1658 3115 2018 3184 οἷακοςρόφος,
2057 3116 2305 3181 οἰακοςρο-

317 3207 440 3271 φεῖν
486 3190 586 3256 etc.
637 3201 728 3256 sed
775 3203 953 3274 ipsum
1005 3210 1213 3273 ςροφεῖν
1258 3212 1370 3259 tam
1420 3203 1706 3258 barbarum
1763 3209 1845 3258 est
1895 3208 2055 3273 atque
2107 3207 2305 3267 νομεῖν,

317 3295 524 3360 τροφεῖν
565 3295 667 3343 etc.
737 3289 1019 3360 Singulare
1059 3298 1140 3346 est
1178 3298 1369 3362 φορεῖν.
1440 3290 1737 3346 Productae
1775 3290 1977 3345 formae
2018 3295 2144 3344 sunt
2183 3310 2304 3357 ςρω-

317 3381 459 3446 φοῖν,
499 3380 733 3446 τρωποῖν,
774 3382 963 3443 νωμᾶν.
1047 3380 1278 3435 Peccant
1318 3381 1372 3434 in
1414 3379 1498 3434 his
1538 3380 1776 3449 graviter
1815 3384 1868 3432 et
1914 3378 2144 3448 turpiter
2184 3385 2303 3448 poe·

317 3466 475 3519 tastri
505 3471 558 3519 et
588 3463 1006 3530 versificatores,
1047 3468 1139 3536 qui
1171 3485 1288 3522 sero
1318 3468 1430 3522 nati
1460 3467 1702 3521 carmina
1735 3467 1900 3537 Epica
1929 3472 1981 3520 et
2009 3465 2113 3519 alia
2146 3480 2303 3535 quae·

321 3553 450 3608 libet
488 3553 672 3624 lingua
707 3552 987 3608 Homerica
1027 3553 1287 3608 laborioso
1325 3553 1554 3608 artificio
1596 3553 1899 3625 pangebant
1944 3553 2105 3623 inque
2146 3568 2206 3606 ea
2248 3569 2306 3605 rc

318 3641 374 3701 in
415 3640 672 3700 mirificos
713 3647 763 3697 ot
805 3640 1061 3699 ridiculos
1113 3658 1321 3699 errores
1361 3659 1416 3698 se
1457 3640 1803 3714 implicabant
1859 3647 2151 3697 sexcentos,
2216 3640 2298 3694 Di-
