2436 4068
1066 196 1167 245 601

126 335 300 391 Simili
337 336 403 392 de
444 352 607 392 causa
645 336 913 403 προτείνων
954 335 1305 407 depravatum
1347 341 1430 391 est
1452 338 1506 391 in
1528 346 2008 403 ΠΡΟΤΕΙΜΩΝ,
2051 334 2106 393 id

123 432 204 478 est
240 431 527 491 προτιμῶν,
568 424 709 495 apud
749 422 1063 495 Euripidem
1106 424 1160 476 in
1202 424 1500 479 Heraclidis
1542 443 1615 479 vs,
1653 429 1743 479 21.

197 511 349 578 Quod
383 512 586 582 legitur
616 512 671 564 in
710 510 994 566 Oeconom.
1041 511 1207 565 XVII.
1252 515 1303 566 9.
1338 515 1409 581 τῷ
1449 515 1545 579 μὲν
1583 512 1693 580 οἴνῳ
1731 517 1802 583 τῷ
1843 516 2106 584 ἰσχυροτέ-

122 619 186 668 ρῳ
206 607 382 653 πλεῖον
419 601 683 665 ἐπιχεῖν
721 598 875 665 ὕδωρ,
905 600 1107 669 optime
1140 598 1384 654 adhiberi
1420 608 1593 672 potest
1624 601 1690 656 ad
1711 603 2109 658 emendandum
2158 669 2161 674 ff

39 748 41 750 ,
123 686 324 759 Diphili
377 686 741 756 fragmentum
783 687 839 739 in
896 685 1041 740 Stob.
1102 685 1287 742 Floril.
1331 687 1459 741 CIV.
1501 692 1587 742 16.
1667 689 1868 761 Nempe
1906 692 1949 745 οἱ
1987 692 2110 744 oivo-

121 774 235 843 χόοι
274 776 361 828 τὸν
400 771 523 828 οἶνον
565 774 990 841 ὑποχέαντες
1030 770 1149 827 εἶτα
1193 774 1252 827 τὸ
1293 772 1416 843 ὕδωρ
1470 778 1892 845 ἐπιχέουσιν,
1949 778 2112 850 idque

122 862 413 917 discrimen
469 861 755 916 verborum
805 863 1023 930 ὑποχεῖν
1075 868 1128 915 et
1172 862 1380 929 ἐπιχεῖν
1414 880 1479 918 ex
1520 864 1636 934 ipsa
1676 872 1869 919 natura
1906 867 1986 920 rei
2026 883 2111 920 or-

122 957 241 1004 tum
290 956 503 1004 certum
557 957 612 1004 et
662 956 985 1022 perpetuum
1034 955 1133 1004 est.
1212 949 1477 1004 Dicebant
1521 952 1691 1022 igitur
1738 955 1991 1009 convivae
2043 955 2112 1009 ad

119 1039 463 1110 pincernam:
503 1039 606 1106 οὐχ
646 1040 887 1106 ὑποχεῖς;
923 1037 1044 1106 οὐχ)
1084 1037 1279 1091 δώδεκα
1319 1037 1533 1099 κυάθους
1583 1040 1828 1107 ὑποχεῖς;
1868 1042 2011 1112 quod
2055 1043 2111 1096 in

29 1136 50 1194 ξ
123 1125 299 1198 priore
330 1131 483 1197 parte
515 1125 733 1197 Sophilo
774 1124 1139 1190 reddidimuS,
1181 1133 1492 1197 comparato
1533 1126 1879 1183 Menandreo:

423 1215 594 1268 Ὀκτώ
631 1235 710 1275 τις
749 1215 1023 1282 ὑποχεῖν
1062 1211 1262 1279 ἀνεβόα
1302 1214 1389 1268 καὶ
1425 1213 1619 1269 δώδεκα

419 1301 654 1362 κυάθους.

116 1389 257 1463 quod
296 1391 389 1461 qui
430 1389 560 1443 facit
595 1391 921 1457 ὑποχέασθαι
963 1389 1193 1454 dicitur,
1238 1390 1380 1462 quod
1422 1391 1647 1463 pulchre
1698 1395 1942 1448 restituit
1982 1395 2108 1450 Din-

118 1477 322 1534 dortius
362 1477 575 1549 Diphilo
609 1478 752 1550 apud
786 1477 982 1533 Athen.
1025 1495 1076 1550 p.
1099 1483 1227 1534 497.
1265 1479 1340 1542 A,
1379 1479 1468 1533 uhi
1505 1479 1678 1535 Codex
1715 1482 2023 1538 Marcianus
2057 1492 2112 1539 et

120 1565 428 1641 apographa
482 1566 586 1620 ἔσθ’
639 1566 1053 1635 ὑποσχέσθαι
1101 1568 1346 1630 πλείονας
1403 1567 1676 1623 exhibent.
1774 1571 1906 1638 Quis
1963 1589 2111 1637 nunc

117 1673 226 1712 non
265 1657 453 1711 statim
490 1653 844 1726 deprehendit
880 1656 1074 1710 vitium
1119 1656 1172 1710 iu
1212 1655 1327 1711 loco
1368 1655 1567 1727 Diphili
1622 1657 1762 1728 apud
1819 1658 2108 1716 Stobaeum

420 1830 589 1898 ὥσπερ
625 1831 913 1899 κυαθι’ζουσ’
952 1833 1093 1885 ἐνίοθ’
1130 1835 1253 1898 ἡμῖν
1294 1834 1322 1895 ἦ
1364 1832 1506 1901 τύχη

422 1918 473 1974 ἓν
508 1921 707 1984 ἀγαθὸν
743 1920 1089 1989 ἐπιχέασα
1126 1921 1221 1988 τρί’
1258 1922 1516 1975 ἐπαντλεῖ
1551 1923 1710 1977 κακά.

119 2010 335 2082 etquis
382 2007 595 2061 dubitat
646 2009 778 2079 quin
828 2009 1107 2076 ὑποχέασα
1161 2009 1232 2063 sit
1283 2009 1718 2065 restituendum?
1801 2010 1949 2078 Quod
2009 2014 2112 2069 nisi

32 2115 36 2171 ζ
120 2097 458 2159 restitueris,
502 2113 605 2150 non
648 2095 819 2150 solum
860 2096 1004 2167 lepos
1040 2102 1094 2150 et
1118 2103 1371 2151 venustas
1405 2097 1538 2152 dicti
1581 2098 1804 2169 peribit,
1835 2099 1927 2154 sed
1950 2117 2115 2156 sensu

32 2247 34 2251 7
119 2201 289 2241 vacua
329 2185 597 2240 sententia
636 2185 756 2238 erit.
837 2189 1090 2252 ’Τποχεῖν
1128 2202 1189 2240 eo
1231 2202 1396 2240 sensu
1448 2185 1592 2258 apud
1643 2186 1932 2242 Graeculos
1983 2188 2114 2244 olim

117 2273 324 2330 abierat
378 2274 431 2327 in
485 2270 925 2338 desuetudinem,
968 2273 1150 2345 itaque
1203 2274 1411 2341 ἐπιχεῖν
1465 2274 1807 2330 substituunt
1847 2275 1990 2348 quod
2031 2284 2114 2331 tu-

35 2342 42 2426 'v
115 2361 252 2419 ierat
285 2369 535 2417 aetatem.

192 2450 429 2505 Transeo
466 2466 609 2504 nuuc
651 2449 718 2504 ad
758 2449 1128 2520 Xenophontis
1181 2449 1563 2523 Symposiun1‚
1609 2452 1662 2505 in
1705 2469 1811 2523 quo
1847 2451 2112 2523 lepidissi-

37 2599 39 2601 .
116 2555 204 2595 mo
241 2537 379 2593 libro
420 2537 676 2610 pauculos
715 2537 978 2610 quosdam
1017 2537 1160 2592 locos
1199 2538 1339 2594 male
1382 2539 1592 2594 habitos
1630 2542 1681 2593 in
1719 2542 1993 2610 integrum
2033 2557 2113 2596 re·

47 2675 51 2679 .
114 2629 343 2684 stituere
378 2625 629 2688 conabor.

194 2717 256 2772 ln
299 2717 414 2787 ipso
454 2714 640 2769 limine
684 2713 975 2768 turbarunt
1029 2714 1180 2769 scioli
1235 2715 1365 2782 ἔργα
1415 2715 1479 2770 dc
1531 2734 1628 2771 suo
1677 2719 1974 2773 inserentes
2014 2725 2111 2773 τῶν

117 2810 291 2860 καλῶν
319 2805 563 2868 κάγαθῶν
596 2804 782 2870 ἀνδρῶν
813 2800 991 2873 [ἔργα]
1026 2803 1099 2856 τα
1128 2804 1270 2867 μετα
1301 2806 1524 2869 σπουδῆς
1560 2806 1927 2873 πραττόμενα,
1969 2806 2111 2878 quod

115 2909 148 2950 a
182 2892 370 2949 multis
401 2890 717 2947 damnatum
755 2889 990 2945 nondum
1026 2906 1055 2944 a
1086 2907 1356 2963 quoquam
1392 2892 1612 2948 Editore
1649 2902 1979 2966 expunctum
2012 2904 2109 2950 est.

115 2980 287 3037 Locus
324 2987 407 3035 est
446 2995 477 3034 a
520 2979 706 3034 multis
741 2978 1025 3040 laudatus,
1070 2995 1204 3050 quos
1247 2979 1505 3036 indicavit
1544 2982 2003 3056 Wyttenbachius
2043 2984 2110 3038 ad

117 3069 348 3142 Eunapii
404 3069 736 3140 prooemium
778 3067 843 3122 de
880 3068 1002 3121 vitis
1054 3067 1451 3138 Sophiam-um,
1504 3070 1595 3125 ubi
1647 3071 1909 3127 librorum
1964 3071 2107 3127 lacu-

116 3174 244 3213 nam
284 3156 624 3212 manifestam
670 3173 772 3211 non
815 3158 948 3212 satis
986 3164 1131 3212 recte
1166 3174 1252 3213 me
1290 3158 1466 3215 iudice
1500 3161 1584 3214 vir
1623 3160 1814 3216 doctus
1854 3162 2104 3233 explevit.

117 3245 176 3302 ln
216 3244 371 3300 libris
411 3252 523 3301 est:
570 3249 594 3299 δ
626 3251 753 3311 γοῦν
793 3246 970 3311 μέγας
1006 3244 1342 3314 Ἀλέξανδρος
1380 3251 1468 3303 οὐκ
1509 3250 1574 3304 ἂν
1606 3249 1811 3314 ἐγένετο
1842 3250 2019 3315 μέγας
2061 3252 2104 3304 εἱ

114 3337 191 3401 μὴ
231 3340 459 3402 Ξενοφῶν
492 3335 579 3388 καὶ
612 3335 685 3388 τα
722 3334 964 3402 πάρεργά
997 3340 1131 3402 φησι
1170 3336 1272 3389 δεῖν
1305 3341 1403 3389 τῶν
1434 3338 1720 3392 σπουδαίων
1758 3339 1944 3405 ἀνδρῶν
1976 3340 2106 3393 άνα-

116 3421 362 3490 γράφειν.
440 3422 701 3494 Equidem
739 3423 817 3477 εἰσ
857 3421 1207 3494 expleverim:
1265 3426 1307 3478 εἱ
1356 3425 1430 3490 μὴ
1470 3430 1699 3493 Ξενοφῶν
1751 3427 1928 3491 (αὐτὸν
1970 3424 2106 3489 ὅπως

117 3512 221 3577 χρὴ
274 3513 419 3563 νικᾶν
465 3512 583 3572 τοὺς
628 3510 926 3577 βαρβάρους
982 3509 1226 3574 ἐδίδαξεν.
1309 3509 1476 3572 Οὗτος
1518 3510 1598 3566 οὖν
1637 3512 1681 3583 ὁ)
1738 3518 1967 3582 Ξενοφῶν
2013 3516 2100 3571 καὶ

118 3599 188 3652 τοὶ
228 3597 467 3665 πάρεργα
509 3598 619 3653 κτὲ.
702 3596 791 3652 Sic
833 3598 977 3652 enim
1021 3597 1248 3669 intelligi
1296 3606 1468 3670 potest
1510 3615 1608 3653 cnr
1648 3616 1708 3653 ea
1752 3602 1910 3656 verba
1967 3605 2105 3657 exci-

1694 3694 1733 3723 >ill
