2436 4068
1038 188 1142 237 575

176 332 362 403 ltaque
416 330 574 384 iudex
619 332 712 402 qui
750 329 1122 384 misericordia
1173 335 1353 384 motus
1395 346 1547 384 reum
1595 329 1938 385 manifestum
1992 332 2082 386 ab·

99 420 257 473 solvit
292 426 562 473 κατελεεῖν
591 418 820 482 dicitur,
861 417 1025 489 idque
1060 418 1428 490 reponendum
1460 425 1542 473 est
1570 419 1625 472 in
1661 419 1901 486 orati-one
1937 420 2082 476 κατὰ

98 508 327 574 Νεαίρας
368 523 417 578 p.
446 510 619 569 1575,
659 509 712 560 6.
754 505 846 560 ubi
884 506 1023 561 male
1062 505 1244 561 editur
1278 504 1398 572 ἅμα
1435 507 1532 574 μὲν
1570 507 1685 562 καὶ
1728 508 2080 571 ἐλεήσασα

95 596 252 651 αὐτὸν
293 597 321 657 ἧ
363 594 415 647 ἐν
455 593 632 661 Ἀρείῳ
671 592 830 661 πάγῳ
867 595 1036 659 βουλή
1072 610 1169 665 pro
1210 591 1330 660 ἅμα
1364 596 1459 661 μὲν
1502 596 2001 658 κατελεήσασα.

170 682 327 738 Karai
366 680 573 736 eadem·
606 682 823 735 notione
865 682 1208 752 componitur
1242 699 1367 736 cum
1420 683 1599 738 verbis
1634 683 1917 749 βλακεύειν
1939 725 1954 748 ,
1992 688 2079 754 ῥᾳ-

97 774 306 837 θυμεῖν,
346 771 579 831 δειλιοῖν,
619 769 935 837 δωροδοκεῖν,
976 769 1294 836 προδιδόναι,
1334 770 1473 825 aliis·
1554 771 1692 825 Hinc
1739 770 1957 826 demum
2000 773 2079 826 in·

94 859 362 931 telligitur
400 857 530 929 quid
574 857 649 911 sit
684 858 1133 924 κατακερδαίνειν,
1190 874 1381 929 nempe
1413 861 1456 912 οἱ
1490 857 1740 927 ἄρχοντες
1780 860 1858 914 sic
1893 859 2079 915 dicun-

97 955 193 1002 tur
226 946 644 1013 κατακερδαίνειν
667 986 681 1008 ,
723 943 816 999 uhi
850 944 1009 1000 malis
1039 942 1250 999 artibus
1302 962 1418 999 rem
1468 962 1620 1000 suam
1658 956 1857 1018 augent
1890 948 2081 1020 spolia-

94 1037 169 1091 tis
227 1037 329 1097 iis,
389 1035 441 1088 in
493 1050 628 1106 qnos
682 1033 974 1103 imperium
1014 1034 1083 1087 iis
1129 1039 1223 1087 ant
1269 1038 1506 1104 potestas
1552 1050 1582 1087 a
1628 1034 1772 1104 Rege
1815 1035 1940 1090 data
1988 1038 2077 1091 sit..

95 1124 419 1180 Rectissime
452 1124 623 1193 igitur
661 1120 956 1193 Xenophon
995 1119 1165 1175 dixit:
1206 1117 1289 1181 οὓς
1330 1118 1398 1174 ἂν
1429 1119 1543 1190 εὕρῃ
1577 1123 1605 1186 ἢ
1643 1128 2079 1189 καταμελοῖιντας

96 1214 125 1275 ἢ
169 1211 699 1279 κατακερδαίνοντας,
748 1217 803 1264 et
844 1225 1019 1280 neque
1057 1208 1157 1262 hoc
1210 1207 1434 1263 verbum
1485 1225 1659 1280 neque
1707 1211 1838 1266 illud
1890 1214 2082 1283 geniti-

96 1316 221 1355 vum
262 1306 359 1354 τῶν
398 1298 734 1367 φρουράρχων
773 1296 1067 1352 admittere
1104 1297 1452 1368 perspicuum
1495 1306 1595 1352 est.

171 1388 233 1443 ln
281 1390 313 1460 ς
357 1392 409 1443 8.
465 1386 654 1448 ὁπόσην
704 1387 799 1452 μὲν
851 1393 946 1448 τῆς
994 1386 1169 1453 χώρας
1229 1385 1504 1440 διελαύνων
1563 1387 1729 1457 ἐφορᾷ
1787 1389 1946 1450 αὐτὸς
1992 1391 2078 1445 καὶ

16 1525 25 1533 .
95 1476 360 1544 δοκιμάζει
402 1475 485 1529 bis
526 1475 790 1546 scriptum
830 1473 1151 1528 vocabulum
1191 1473 1401 1528 scribae
1443 1474 1607 1529 semel
1645 1474 2082 1548 descripserunt:

95 1565 212 1637 lege
248 1566 411 1634 ἐφορᾷ
459 1565 618 1624 αὐτὸς
661 1562 861 1637 (αὐτὸς)
900 1583 988 1617 και
1027 1563 1310 1631 δοκιμαζει.

166 1655 233 1710 In
273 1656 305 1725 S
346 1658 429 1707 15.
473 1653 592 1712 τοὺς
630 1651 842 1720 πολέμῳ
879 1652 1110 1718 ἀγαθοὺς
1150 1650 1440 1717 γεγονότας
1482 1653 1866 1725 corrigendum
1900 1660 1984 1708 est
2015 1670 2080 1709 ex

95 1743 366 1799 constanti
402 1741 730 1797 Graecorum
765 1757 871 1795 usu
912 1740 1004 1815 (ἕν)
1046 1741 1276 1810 πολέμῳ.
1337 1741 1463 1796 Post
1491 1758 1663 1813 pauca
1700 1742 1929 1808 λέγοντα
1967 1750 2080 1798 tam

97 1830 291 1887 inutile
338 1837 421 1886 est
457 1837 511 1885 et
556 1830 940 1884 inconcinnum
966 1871 980 1895 ,
1030 1836 1092 1884 ut
1126 1830 1374 1901 spurium
1419 1847 1538 1885 esse
1582 1830 1830 1886 videatur
1869 1833 1924 1887 in
1961 1849 2078 1888 ver·

98 1920 181 1974 bis
213 1919 490 1992 [λέγοντα]
536 1916 612 1973 ὅτι
651 1919 754 1974 οὐδ’
793 1917 860 1973 ἂν
897 1922 940 1974 οἱ
986 1917 1202 1985 ἄλκιμοι
1243 1919 1475 1974 δύναιντο
1516 1920 1624 1989 ζῆν.

185 2007 464 2063 Μειιιίῐεεῑο
512 2006 894 2079 interpolatum
938 2014 1020 2062 est
1070 2006 1173 2075 ἔφη
1232 2009 1288 2061 in
1339 2010 1368 2078 §
1414 2011 1500 2063 16.
1554 2008 1967 2077 κατασκευάζειν
2018 2031 2078 2066 σε

98 2097 207 2163 γὰρ
240 2095 414 2165 ἄριςος
449 2093 578 2151 εἶναι
625 2095 775 2170 [ἔφη]
819 2098 995 2165 χώραν
1040 2097 1127 2151 καὶ
1170 2099 1383 2165 ἀρήγειν
1418 2103 1524 2159 τοῖς
1559 2098 2078 2164 κατεσκευασμένοις.

98 2184 312 2240 videbit
349 2184 720 2256 unusquisque
756 2183 823 2238 ah
860 2186 1027 2240 εἰπεῖν
1059 2184 1150 2240 illa
1185 2185 1436 2258 pendere.

169 2273 343 2341 Quam
391 2289 550 2344 saepe
598 2273 653 2326 in
706 2272 902 2328 talibus
948 2274 1101 2328 scioli
1151 2273 1373 2329 turbare
1412 2273 1616 2329 soleant
1657 2271 1709 2346 et
1757 2273 2079 2329 indirectam

96 2363 392 2418 orationem
443 2361 728 2416 inutilibus
785 2370 839 2417 et
892 2364 1189 2437 perineptis
1235 2362 1424 2418 fulcris
1473 2358 1800 2435 interpoiare
1847 2364 2080 2435 exquisi-

97 2452 324 2506 tissimis
375 2450 634 2523 exemplis
688 2450 1076 2507 demonstravit
1134 2453 1333 2507 Bakius
1391 2451 1457 2507 ad
1513 2451 1785 2506 Ciceronis
1831 2452 2079 2506 Brutum.

97 2539 255 2595 Iuvat
291 2539 377 2595 his
409 2555 580 2595 unum
618 2556 685 2595 ex
719 2540 975 2596 Cicerone
1019 2540 1231 2597 addere.
1313 2541 1373 2595 In
1404 2541 1582 2613 prima
1613 2540 1827 2595 actione.
1859 2541 1915 2594 in
1954 2540 2081 2596 Ver·

97 2644 212 2684 rem
250 2627 389 2683 xlv,
429 2632 519 2683 41.
557 2627 773 2684 editur:
811 2628 947 2683 mihi
981 2631 1121 2685 venit
1155 2631 1212 2684 in
1246 2636 1471 2684 mentem
1501 2629 1672 2683 dicere
1709 2659 1785 2672 —-
1820 2645 1904 2683 me
1942 2628 2080 2684 arbi·

97 2717 231 2771 trari
284 2719 402 2789 sore
447 2718 527 2771 uti
579 2716 809 2772 nationes
861 2726 1071 2773 exterae
1126 2719 1320 2790 leyatos
1364 2717 1434 2772 ad
1480 2717 1732 2790 populum
1787 2716 2080 2773 Romanum

96 2806 358 2860 mitterent
379 2847 394 2870 ,
433 2813 491 2859 ut
530 2805 619 2859 lex
653 2804 718 2860 de
747 2806 984 2877 pecuniis
1033 2806 1334 2878 repetundis
1382 2805 1739 2878 iudiciumque
1778 2806 2077 2868 tolleretur,-

99 2894 146 2948 εἰ
182 2894 320 2950 enim
357 2894 555 2948 iudicia
590 2893 742 2948 nulla
780 2894 884 2948 sint
927 2903 1128 2950 tantum
1160 2912 1579 2968 unumquemque
1616 2893 1917 2949 ablaturum
1961 2895 2080 2970 [pu-

98 2982 241 3058 tant]
299 2990 553 3055 quantum
598 2982 697 3036 sibi
747 2999 809 3037 ac
861 2982 1041 3038 liben's
1079 2985 1189 3039 suis
1230 2985 1357 3038 satis
1401 2999 1511 3037 esse
1560 2982 1895 3037 arbitrentur.
1975 2983 2078 3038 Ex·

97 3078 299 3145 puncto
342 3078 530 3144 putant
582 3070 760 3126 scribe
812 3072 1115 3127 arbitretur.
1196 3073 1311 3128 Dici
1360 3071 1492 3126 haec
1532 3088 1596 3125 ex
1648 3072 1915 3126 sociorum
1959 3088 2076 3143 per·

100 3174 230 3214 sona
268 3166 323 3214 et
367 3175 464 3231 pei·
505 3175 563 3214 se
598 3161 733 3215 satis
780 3161 1124 3233 perspicuum
1175 3167 1258 3216 est
1296 3167 1350 3215 et
1397 3159 1554 3232 plane
1603 3158 1974 3214 demonstrant
2015 3176 2078 3215 ea

5 3319 7 3324 ¹
101 3262 239 3319 qnae
294 3254 632 3320 sequnntur:
692 3266 747 3303 se
802 3250 1100 3305 avarissimi
1159 3249 1381 3305 hominis
1440 3247 1713 3319 cupiditati
1776 3248 2080 3319 satisfacere

99 3351 250 3406 posse
268 3376 282 3398 ,
319 3336 710 3391 nocentissimae
743 3337 988 3392 victoriae
1025 3355 1126 3392 non
1157 3355 1325 3411 posse.

195 3421 254 3476 ln
314 3424 470 3492 517.
527 3430 683 3494 Κῦρος
738 3425 1186 3491 &aurdanu-o
1232 3459 1307 3469 —
1347 3425 1432 3480 ἐπὶ
1489 3425 1559 3492 τῷ
1615 3423 1788 3491 χώρας
1841 3424 2074 3491 ἐνεργοὺς

8 3535 11 3538 ·
105 3518 264 3564 ποιεῖν
318 3508 499 3566 editur
549 3511 616 3568 de
661 3514 971 3569 coniectura
1030 3513 1282 3586 Stephani
1340 3530 1434 3586 pro
1487 3512 1754 3583 scriptura
1814 3508 2075 3566 librorum

7 3595 9 3598 ’
104 3600 468 3664 ἐπηγγέλλετο
494 3642 507 3661 ,
547 3601 636 3657 sed
678 3619 779 3658 non
823 3610 902 3659 cst
946 3603 1182 3659 Atticum
1225 3601 1606 3666 ἕπαγοὲλλομαι
1649 3600 1734 3654 ἐπί
1773 3619 1885 3655 τινι.
1940 3598 2069 3653 Con·
