2436 4068
1025 174 1121 225 451

74 325 381 397 depravant.
463 317 661 372 Eadem
705 325 784 371 est
826 316 1078 388 peccandi
1122 315 1420 387 frequentia
1476 317 1528 370 in
1584 319 1902 385 παρηνόμουν
1961 338 2054 392 pro

72 411 384 479 παρενόμουν
408 451 422 472 ,
462 414 515 461 et
554 406 847 468 οἱπήλαυσα
888 422 983 476 pro
1022 405 1307 460 ἀπέλαυσα
1347 411 1401 460 et
1436 403 1760 475 quibusdam
1802 407 1938 462 aliis.

147 497 296 566 Quod
336 498 562 551 Ariaeus
601 494 668 547 ad
703 492 1051 547 minuendam
1091 494 1169 549 rei
1205 492 1464 547 invidiam
1505 499 1559 547 et
1594 495 1934 550 atrocitatem
1976 499 2056 552 rei

70 587 245 642 verbis
284 582 595 639 elevandam
633 582 883 649 εὐφήμως
924 581 1162 645 dixerat,
1212 580 1363 634 scioli
1415 580 1597 636 addito
1643 581 1839 653 frigido
1888 586 2055 639 inter-

71 678 407 748 pretamento
464 669 930 724 commacularunt
979 668 1046 722 II.
1097 685 1144 722 v.
1203 673 1290 723 58.
1351 670 1619 738 Κλέαρχος
1678 673 1774 737 μὲν
1828 704 1902 712 -
1940 674 2053 728 ἐπεὶ

69 765 307 830 ἐπιορκῶν
358 781 418 814 τε
476 757 644 827 ἐφάνη
701 756 788 811 καὶ
843 756 942 817 τοὶς
996 756 1219 816 σπονδὰς
1273 757 1407 811 λύων
1448 757 1561 826 ἔχει
1615 762 1707 823 τὴν
1755 760 1897 823 δίκην
1943 761 2054 834 [καὶ

65 848 344 920 τέθνηκεν].
428 845 647 900 Servata
690 852 770 899 est
810 844 901 898 illa
943 844 1057 915 ipsa
1092 846 1331 912 εὐφημία
1373 846 1428 898 in
1471 846 1648 900 verbis
1687 848 2056 921 Xenophontis

67 941 417 1013 (quamquam
460 933 594 987 nihil
631 949 826 988 causae
874 934 923 987 ei
963 939 1079 986 erat
1127 948 1227 986 cur
1280 931 1567 987 verborum
1608 933 1829 990 lenitate
1872 943 2053 993 utere-

67 1033 190 1091 tur,
227 1040 365 1096 quae
405 1023 596 1077 Ariaeo
635 1029 690 1077 et
725 1020 971 1075 barbaris
1009 1028 1125 1075 erat
1164 1020 1504 1094 gravissima)
1550 1023 1604 1075 in
1648 1027 1676 1095 §
1710 1027 1800 1078 41.
1858 1025 2053 1094 Κλέαρ-

64 1135 162 1183 χος
201 1115 297 1180 μὲν
335 1113 497 1166 τοίνυν
544 1112 587 1165 εἰ
630 1111 776 1178 παρὰ
814 1111 931 1171 τοὺς
972 1105 1141 1176 ὅρκους
1182 1107 1302 1163 ἔλυε
1339 1108 1439 1170 τὰς
1480 1110 1705 1172 σπονδὰς
1760 1113 1852 1175 τὴν
1913 1113 2050 1175 δίκην

63 1203 217 1272 ἔχει,
259 1203 370 1272 ipsa
413 1198 575 1254 verba
617 1198 834 1263 Ariaei,
876 1203 937 1252 ut
975 1197 1157 1262 videS,
1199 1197 1412 1268 reponit
1465 1199 1663 1253 omisso
1713 1198 2050 1255 emblemate.

63 1292 346 1347 Praeterea
395 1305 462 1342 ne
500 1303 688 1341 verum
733 1286 950 1359 quidem
991 1292 1106 1341 erat
1158 1285 1244 1340 καὶ
1281 1285 1534 1348 τέθνηκεν.
1608 1286 1896 1342 Clearchus
1936 1296 2055 1344 erat

66 1381 119 1435 iu
161 1377 373 1433 vincula
426 1377 739 1440 coniectus,
800 1382 861 1428 ut
910 1373 976 1429 ad
1026 1390 1206 1445 regem
1265 1374 1594 1441 mitteretur.
1677 1374 1817 1442 Quid
1871 1383 2052 1432 autem

66 1475 316 1523 necatum
356 1466 465 1520 iam
511 1481 628 1519 esse
669 1463 931 1518 attinebat
986 1461 1250 1516 mentiri?
1330 1462 1391 1516 In
1434 1465 1584 1533 §59.
1645 1463 1751 1517 nisi
1798 1467 1863 1525 ὡς
1917 1464 2054 1521 dele-

62 1557 206 1610 veris
248 1555 300 1609 in
356 1552 536 1608 verbis
577 1553 695 1614 τούς
737 1574 795 1607 τε
837 1551 1024 1619 ἄνδρας
1076 1552 1263 1611 αὐτοὺς
1305 1548 1375 1617 οἷς
1428 1552 1628 1616 ὤμνυτε
1676 1552 1787 1624 [ὡς]
1845 1556 2053 1610 οέπολω-
2104 1570 2107 1571 ’

66 1646 260 1700 λε’κατε
299 1643 449 1698 locus
487 1658 551 1697 ex
591 1648 775 1713 aperto
811 1647 862 1694 et
904 1639 1049 1694 facili
1104 1640 1210 1694 erit
1249 1639 1654 1694 inextricabilis.

138 1732 296 1788 Levia
332 1729 527 1785 menda
568 1736 698 1783 sunt
746 1729 800 1781 in
855 1728 920 1782 ΙΙ.
965 1745 1033 1783 v1.
1085 1732 1150 1783 18
1191 1734 1244 1782 et
1288 1732 1374 1782 19.
1431 1726 1576 1794 μετὰ
1622 1729 1828 1789 ἀδικίας
1864 1736 1918 1783 et
1960 1750 2054 1785 κα-

0 1808 1 1880 J
62 1827 163 1877 λῶν
195 1822 281 1876 καὶ
323 1820 568 1885 ἀγαθῶν,
609 1834 707 1888 pro
745 1819 865 1882 μετ’
905 1816 1109 1877 ἀδικίας
1142 1823 1195 1870 ct
1235 1817 1512 1881 κάγαθῶν,
1562 1815 1654 1871 sed
1694 1816 1890 1871 menda
1938 1834 2055 1874 esse

0 1896 1 1917 ἶ
61 1910 196 1964 satis
236 1914 446 1963 constat
486 1913 541 1961 et
579 1922 765 1960 aurem
811 1903 1107 1961 offendunt.
1190 1903 1408 1959 Scribae
1443 1904 1525 1959 vel
1561 1904 1618 1958 in
1657 1905 1923 1970 Isocrate,
1961 1907 2055 1979 qui

59 2014 194 2053 canc
230 1997 383 2068 peius
424 2002 478 2050 et
527 2010 703 2064 angue
742 1994 834 2055 τὴν
884 1997 982 2046 τῶν
1021 1992 1324 2061 Φωνηέντων
1378 1992 1683 2061 σύγκρουσιν
1729 1994 1960 2059 vitabat,
2001 2003 2056 2050 et

62 2087 119 2141 iu
177 2085 421 2140 versibus
474 2085 716 2136 omnium
778 2087 1059 2152 poetarum
1121 2079 1333 2134 eosdem
1403 2083 1602 2152 passim
1665 2098 1875 2136 errores
1930 2082 2053 2138 sun-

62 2173 235 2235 dunt‚
279 2180 333 2226 ct
370 2179 548 2226 tamen
584 2177 713 2224 sunt
748 2169 838 2240 qui
897 2168 1002 2222 illis
1037 2167 1240 2240 aliquid
1293 2175 1485 2240 putent
1526 2186 1642 2224 esse
1682 2169 2051 2228 tribuendum.

139 2261 199 2316 In
246 2264 398 2333 521.
442 2260 652 2329 corrige
691 2265 796 2319 τοῖς
850 2257 1141 2322 μέγιςον
1195 2258 1489 2323 δυναμένοις
1530 2275 1629 2330 pro
1675 2258 1914 2324 μέγιςα,
1960 2259 2053 2316 ha-

62 2349 189 2408 bent
225 2349 348 2403 libri
391 2347 638 2402 meliores
690 2346 1019 2417 scripturam
1066 2345 1422 2411 deteriorem,
1475 2347 1691 2413 μέγιςον
1740 2355 1886 2402 recte
1927 2348 2056 2420 legi·

62 2439 246 2495 turin
300 2437 547 2492 caeteris.
627 2435 685 2489 In
730 2437 758 2506 §
800 2437 889 2487 22.
946 2433 1145 2502 ἐνόμιζε
1202 2433 1269 2488 ab
1310 2435 1530 2506 optimis
1586 2435 1741 2490 libris
1788 2437 2052 2494 omissum

61 2527 309 2599 spurium
349 2533 467 2588 est,
519 2521 914 2595 legendumque
964 2525 1022 2577 τὸ
1075 2523 1128 2577 δὲ
1183 2524 1385 2577 ἁπλοῦν
1444 2524 1531 2578 καὶ
1601 2524 1707 2597 [τὸ]
1766 2526 1953 2588 ἀληθὲς
1993 2528 2053 2582 τὸ

60 2616 189 2671 αὐτὸ
242 2618 313 2683 τῷ
360 2614 528 2681 ἠλιθίῳ
578 2608 746 2675 εἶναι,
805 2609 1038 2665 alterum
1094 2610 1156 2666 τό
1215 2611 1516 2666 insiticium
1573 2620 1671 2668 est.
1767 2614 1940 2668 Unum
1998 2623 2051 2671 et

63 2701 203 2761 idem
259 2719 375 2757 esse
422 2700 624 2755 dicitur
658 2700 859 2754 ἁπλοῦν
899 2698 986 2754 καὶ
1031 2699 1256 2764 ἀληθές,
1297 2701 1562 2771 repetitus
1609 2702 1874 2758 articulus
1918 2702 2055 2759 duas

62 2791 142 2849 rei
179 2790 418 2846 diversas
457 2805 573 2844 esse
613 2787 849 2843 denotat.
913 2786 988 2841 Cf.
1030 2786 1122 2841 111.
1165 2805 1199 2841 1.
1248 2792 1334 2843 17.

67 2925 70 2929 ,
136 2880 330 2936 Invitis
368 2877 520 2932 libris
561 2875 812 2931 omnibus
854 2875 907 2930 in
949 2880 977 2947 ᾗ
1012 2879 1100 2930 27.
1156 2875 1538 2932 scribendum:
1579 2877 1734 2933 ὁπότε
1769 2900 1848 2942 τις
1889 2882 2051 2937 αὐτοῦ

59 2966 400 3039 &epicam-o
455 2983 550 3039 pro
582 2966 858 3034 ἁφίςατο,
903 2963 1045 3035 quod
1085 2963 1353 3021 soloecum
1394 2982 1511 3021 esse
1550 2973 1712 3038 patet.
1794 2967 1854 3021 In
1898 2972 1926 3039 §
1963 2972 2053 3026 28.

60 3070 95 3112 a
134 3054 417 3111 Schael’ero
456 3052 828 3126 accipiendum
870 3055 991 3120 παρ’
1028 3052 1761 3123 ’Λριςίππου-διεπροὶξατο
1798 3073 1893 3128 pro
1915 3059 2054 3127 Ἀρι-

61 3143 273 3214 ela-xm,
317 3142 509 3199 deinde
549 3158 794 3214 expunge
835 3140 910 3196 ἔτι
949 3143 1125 3209 ὡραῖος
1166 3142 1227 3196 ὤν
1270 3142 1472 3197 insulse
1509 3144 1738 3215 repetita
1779 3145 1833 3198 in
1875 3145 2052 3201 verbis

61 3233 267 3302 Ἀριαίῳ
307 3233 359 3287 δὲ
408 3230 661 3300 βαρβάρῳ
712 3229 814 3284 ὄντι
857 3226 932 3284 ὅτι
986 3231 1265 3297 μειρακίοις
1314 3239 1495 3293 καλοῖς
1542 3232 1687 3296 ἥδετο
1739 3231 2049 3295 οἰκειότατος

65 3319 166 3391 [ἔτι
206 3323 380 3388 ὡραῖος
420 3322 505 3394 ὤν]
551 3320 773 3385 ἐγένετο.
856 3317 916 3373 In
958 3322 987 3391 §
1020 3321 1109 3373 29.
1164 3318 1279 3374 dele
1316 3326 1585 3387 ςρατηγῶν
1609 3362 1622 3384 ,
1664 3320 1805 3391 quod
1842 3338 1871 3374 a
1910 3321 2050 3377 mala

64 3422 230 3463 manu
283 3409 546 3463 insertum
607 3425 723 3463 esse
763 3406 846 3461 vel
896 3407 1011 3475 ipsa
1051 3406 1202 3462 sedes
1256 3407 1459 3463 indicat
1516 3408 1659 3475 μετα
1714 3409 1764 3462 δὲ
1820 3410 1905 3463 τὸν
1949 3416 2048 3465 τῶν

65 3495 243 3551 ἄλλων
282 3496 496 3550 θάνατον
542 3497 879 3570 [στρατηγῶν]

143 3585 201 3639 ln
259 3583 392 3638 libro
434 3583 520 3638 ΙΙΙ.
565 3602 595 3638 ι.
640 3589 689 3638 2.
745 3583 953 3647 εὔδηλον
997 3583 1051 3648 ἦν
1104 3582 1179 3640 ὅτι
1221 3590 1451 3646 νικῶντες
1503 3587 1596 3650 μὲν
1637 3583 1813 3639 οὐδένα
1852 3584 1918 3641 ἂν
1957 3607 2049 3643 κα·
