2436 4068
1106 185 1208 235 591

141 327 259 383 οὔτε
303 329 408 395 γάρ
455 326 521 381 ἂν
573 327 729 389 αὐτὸς
789 324 992 380 δύναιτο
1037 325 1101 398 (ὁ)
1157 325 1409 381 καθεύδων
1455 325 1525 379 τοὶ
1577 325 1754 379 δέοντα
1807 332 1965 380 ποιεῖν
2017 326 2135 381 οὔτε

142 415 338 477 ἄλλους
381 416 720 484 παρέχεσθαι.

220 504 278 557 In
322 521 438 575 cap,
481 503 622 557 XIII,
667 507 720 558 2.
768 503 946 574 inepte
987 500 1264 556 abundant
1312 501 1473 556 verba
1521 499 1643 555 ἄνευ
1696 500 1888 555 τούτων
1929 500 1982 555 in
2025 499 2131 554 his:

142 593 184 645 εἱ
226 591 277 646 δὲ
317 592 425 656 μη,
465 590 519 644 τί
550 593 761 655 μᾶλλον
801 590 1073 657 ἐπιτρόπου
1120 588 1266 662 [ἄνευ
1306 590 1520 662 τούτων]
1567 588 1752 658 ὄφελος
1794 589 1904 642 κτὲ.

218 679 278 733 In
323 681 351 748 §
398 682 432 733 9
476 679 754 741 ἧδοκοῦσα
792 677 1023 744 θηριώδης
1062 678 1275 731 παιδεία
1328 674 1457 732 εἶναι
1510 677 1648 731 πάνυ
1694 676 1800 734 ἐςὶν
1848 667 2167 740 ἐπαγωγὸς

145 767 267 834 πρὸς
326 768 385 821 τὸ
427 767 687 821 πείθεσθαι
736 764 1068 838 [διδάσκειν],
1132 765 1425 835 quomode,
1467 781 1693 835 quaese,
1748 763 2004 819 διδάσκειν
2052 778 2132 816 re·

142 855 304 909 tineri
346 856 543 927 poterit
582 854 648 908 ab
689 869 750 907 eo
790 853 884 924 qui
925 852 1055 924 quid
1095 852 1168 906 sit
1207 852 1490 917 ἕπαγωγός
1533 845 1666 906 satis
1707 850 2005 923 intelligat?
2068 851 2134 905 In

141 941 246 997 fine
285 945 315 1012 §
426 942 740 1013 scripserim
776 941 933 996 πόλλ’
965 939 1030 994 ἂν
1066 939 1270 1000 άνύτοις
1306 943 1429 1007 παρ’
1465 940 1635 994 αὐτῶν
1670 957 1765 1012 pro
1798 940 1978 995 πολλοὶ
2011 939 2136 993 obmi-

139 1049 261 1091 TOIG·

214 1115 274 1171 In
310 1133 425 1189 cap,
461 1115 597 1171 XIV.
643 1120 695 1170 2.
775 1117 883 1171 Ναὶ
921 1118 1004 1182 μα
1041 1117 1352 1171 Δία-τοῦ
1387 1135 1446 1170 τε
1486 1114 1784 1183 ἀπέχεσθαι
1821 1121 1918 1170 τῶν
1950 1117 2136 1171 δεσπο-

135 1206 298 1262 σύνων
353 1207 440 1261 καὶ
492 1206 568 1271 μὴ
619 1205 892 1269 κλέπτειν,
946 1204 1157 1274 corrige
1202 1207 1291 1257 τοῦ
1339 1223 1405 1268 γε
1461 1203 1790 1270 ἀπέχεσθαι,
1852 1203 2132 1257 notissimo
2189 1240 2194 1245 ι

139 1310 288 1348 more
326 1293 553 1347 dictum,
636 1291 694 1347 Si
729 1314 789 1347 τε
826 1290 1084 1347 retinebis
1126 1290 1260 1345 duas
1303 1307 1390 1345 res
1430 1290 1670 1345 diversas
1711 1308 1827 1346 esse
1869 1289 2134 1362 oportebit

136 1381 200 1437 τό
244 1402 304 1436 τε
342 1381 641 1449 ἀπέχεσθαι
682 1386 782 1435 τῶν
817 1379 1136 1435 δεσποσύνων
1176 1378 1263 1434 καὶ
1300 1379 1358 1433 τὸ
1399 1380 1473 1444 μὴ
1512 1379 1777 1434 κλέπτειν.

213 1469 275 1524 In
320 1471 350 1539 §
394 1472 426 1523 2
465 1486 565 1524 cur
606 1485 703 1540 pro
743 1467 1099 1528 ὑπακούοντας
1144 1474 1237 1530 τῆς
1290 1467 1637 1529 διδασκαλίας
1691 1467 1889 1528 ταύτης
1935 1467 2134 1522 reseri-

134 1555 371 1613 bendum
426 1572 546 1612 esse
598 1555 846 1611 videatur
895 1556 1249 1618 ἐπακούοντας
1291 1553 1448 1608 facile
1498 1554 1679 1625 colligi
1723 1560 1898 1626 potest
1938 1571 2004 1609 ex
2039 1555 2135 1618 iis,

137 1661 275 1718 quae
308 1660 472 1718 supra
502 1643 568 1700 de
602 1645 888 1716 utriusque
920 1643 1071 1699 verbi
1104 1643 1420 1698 discrimine
1456 1650 1507 1698 et
1539 1643 1593 1695 in
1635 1642 1786 1697 libris
1819 1634 2133 1698 confusione

135 1734 533 1789 annotavimus,

212 1821 274 1877 In
316 1824 347 1893 §
393 1826 424 1876 4
475 1820 766 1876 resecanda
815 1828 898 1876 est
947 1822 1256 1894 importuna
1310 1817 1500 1891 copula
1551 1820 1604 1873 in
1654 1816 1857 1873 verbis:
1911 1819 1983 1873 τα
2033 1820 2132 1885 μὲν

140 1909 279 1983 [καὶ]
316 1911 373 1964 ἐκ
409 1914 509 1964 τῶν
543 1909 831 1977 Δράκοντος
867 1908 1060 1976 νόμων,
1099 1909 1171 1963 τα
1205 1908 1257 1962 δὲ
1293 1908 1380 1962 καὶ
1416 1908 1475 1961 ἐκ
1515 1913 1611 1961 τῶν
1641 1907 1870 1968 Σόλωνος
1909 1907 2133 1974 λαμβά-

132 2017 225 2052 νων
262 1998 372 2053 κτὲ.

208 2084 270 2139 In
314 2087 344 2156 S
389 2089 439 2139 7.
479 2083 535 2141 εὖ
573 2084 731 2151 μάλα
771 2083 1162 2151 ἐπιμένουσι
1200 2085 1271 2151 τῷ
1311 2084 1386 2150 μὴ
1426 2082 1621 2138 άδικεῖν
1663 2080 1914 2152 equidem
1963 2084 2133 2151 ε’μμέ-

134 2191 268 2228 νουσι
307 2174 544 2245 requiro,

210 2262 337 2319 Sine
388 2262 497 2338 ulla
548 2261 916 2318 controversia
958 2265 1277 2331 corruptum
1327 2264 1410 2314 est
1459 2259 1625 2326 κτήσῃ
1666 2258 1721 2312 in
1762 2274 1877 2330 cap.
1923 2257 2034 2315 XV.
2085 2266 2130 2316 1.

129 2350 207 2407 ἔτι
246 2353 300 2407 δὲ
341 2353 463 2420 πρὸς
501 2352 699 2412 τούτοις
740 2350 998 2417 ἐπιςῆμην
1038 2348 1251 2417 κτήσῃ
1290 2348 1431 2415 αὐτῷ
1473 2347 1582 2401 κτὲ.
1667 2345 1945 2402 Sententia
1981 2348 2131 2404 enim

131 2438 368 2512 postulat
401 2439 754 2512 imperaveris
788 2443 883 2493 aut
918 2434 1228 2492 huiusmodi
1264 2434 1423 2507 quid,
1466 2441 1519 2489 et
1563 2433 1791 2489 ridicule
1825 2435 1966 2505 quod
2007 2438 2132 2508 quis

130 2525 286 2583 alteri
339 2526 573 2592 dederit,
626 2526 683 2583 id
728 2526 805 2581 ini
853 2526 1145 2590 κτήσασθαι
1197 2523 1426 2578 dicitur:
1477 2520 1571 2576 sed
1621 2522 1749 2593 quid
1806 2523 2022 2580 tandem
2075 2526 2133 2579 in

130 2622 400 2671 ΚΤΗΣΗΙ
452 2615 616 2672 lateat
665 2615 843 2671 adhuc
893 2613 1098 2668 frustra
1156 2628 1372 2684 quaero,
1470 2611 1595 2664 Post
1647 2625 1818 2682 panca
1867 2627 1964 2683 pro
2014 2612 2129 2675 ἤδη

130 2723 203 2758 τε
235 2734 309 2745 -
339 2704 684 2760 ἀποδεικνύων
716 2702 1032 2760 acutissime
1062 2699 1374 2757 Dindorfius
1410 2699 1637 2764 ἥδηται
1674 2729 1749 2739 --
1788 2699 2132 2755 άποδεικνύων

130 2791 457 2847 emendavit,

209 2879 622 2935 Putidissimum
667 2877 931 2935 emblema
974 2874 1201 2932 lectores
1240 2874 1555 2932 ludificatur
1597 2875 1650 2928 in
1690 2877 1718 2945 §
1763 2878 1814 2929 5,
1853 2876 1894 2929 εἰ
1936 2876 1987 2931 δὲ
2025 2880 2130 2943 μὴ,

129 2967 239 3024 οὐδὲ
271 2975 365 3033 τῆς
408 2968 715 3035 ἐπιμελείας
753 2965 959 3036 ἔφησθα
991 2964 1179 3035 ὄφελος
1215 2964 1353 3020 οὐδὲν
1387 2964 1662 3030 γίγνεσθαι
1708 2961 1772 3035 [εἰ
1802 2965 1878 3030 μή
1911 2985 1990 3026 τις
2022 2965 2130 3020 ε’πί-

130 3075 279 3114 ςαιτο
319 3053 356 3111 ἃ
390 3056 472 3111 δεῖ
507 3056 595 3111 καὶ
637 3057 702 3116 ὥς
735 3054 818 3110 δεῖ
847 3053 1051 3127 ποιεῖν]

206 3142 447 3200 Pessime
478 3144 705 3216 repetita
739 3141 968 3214 negandi
1003 3140 1269 3214 particula
1305 3146 1386 3197 est
1431 3138 1545 3195 XV,
1586 3142 1654 3194 10
1692 3141 1794 3208 οὐχ
1832 3138 1999 3209 ὤσπερ
2030 3140 2130 3203 τας

132 3228 307 3295 ἄλλας
346 3233 545 3303 τέχνας
587 3232 970 3300 κατατριβῆναι
1007 3231 1089 3286 δεῖ
1115 3229 1472 3296 μανθάνοντας
1509 3259 1583 3268 —
1620 3226 1763 3300 [οὐχ]
1807 3224 1934 3281 οὕτω
1978 3225 2065 3281 καὶ
2101 3228 2130 3289 ἧ

132 3322 365 3387 γεωργία
402 3319 646 3381 δύσκολός
685 3320 762 3378 left
803 3321 1020 3385 μαθεῖν,
1061 3319 1247 3390 ecquis
1281 3323 1363 3372 est
1404 3317 1498 3388 qui
1540 3315 1763 3370 retineri
1801 3331 1955 3385 posse
2003 3312 2132 3368 alte-

133 3420 257 3462 rum
306 3410 408 3478 οὖχ
448 3407 780 3464 arbitretur?
865 3406 922 3462 ln
965 3405 1149 3462 eadem
1195 3409 1223 3477 §
1264 3403 1465 3460 excidit
1497 3417 1790 3476 pronomen
1829 3402 1881 3454 in
1926 3399 2131 3456 verbis:

133 3491 301 3559 οἴομαι
341 3496 393 3550 δὲ
434 3496 571 3552 πάνυ
619 3496 705 3552 καὶ
756 3496 1025 3558 λεληθέναι
1085 3494 1262 3548 πολλοὶ
1315 3494 1532 3547 σεαυτὸν
1587 3490 1897 3555 ἐπιςάμενον
1949 3491 2132 3552 αὐτῆς.

135 3579 297 3637 Recta
340 3585 508 3639 eratin
549 3591 654 3639 est:
712 3585 887 3639 πολλοὶ
939 3591 1031 3646 τῆς
1087 3583 1348 3649 γεωργίας
1405 3581 1628 3640 λέληθας
1684 3579 1902 3633 σεαυτὸν
1951 3575 2132 3635 ἐπισά-
