2436 4068
1057 298 1128 348 89

87 440 303 511 requiro
355 436 408 491 id
462 436 604 510 quod
654 437 819 494 Attici
861 436 1101 494 solebant
1139 439 1226 494 καὶ
1268 441 1334 497 σύ
1367 459 1466 507 γε,
1524 447 1586 496 ut
1617 441 1759 514 apud
1798 444 2073 518 Aristoph.

0 522 6 560 '⁵
85 528 142 581 in
176 525 404 599 Lysistr.
442 530 494 581 6.

381 617 549 682 χαῖρ’,
592 613 628 670 ὦ
671 614 954 676 Καλονίκητ
996 615 1084 669 καὶ
1126 615 1190 670 ο·υ’
1228 618 1304 681 γ’,
1342 614 1378 670 ὦ
1415 618 1716 688 Λυσιςροὶτη
1740 655 1757 674 .-

0 728 6 763 ι.
79 707 134 755 et
172 702 374 772 passim
407 701 528 757 aliis
560 702 709 757 lociS.

156 787 330 844 Sensu
378 795 610 844 vacuu'm
658 795 741 844 est
779 788 922 862 quod
974 789 1268 845 Menander
1307 790 1510 849 dixisse
1554 801 1780 867 putatur
1832 795 1889 850 in
1924 793 2071 850 Stob.

0 883 5 947 3
80 875 262 932 Floril.
303 876 575 932 XXXVII.
622 881 707 933 10.

0 967 1 974 ’
378 965 603 1034 χρηςοὺς
643 963 996 1032 νομιζομένους
1037 965 1236 1035 ἐφόδιον
1277 969 1527 1037 ἀσφαλές

0 1110 6 1136 ἢ
381 1054 454 1114 εἷς
493 1052 675 1107 πάντα
713 1054 883 1120 καιρὸν
922 1052 1011 1107 καὶ
1051 1054 1222 1122 τύχης
1264 1058 1444 1110 πᾶσαν
1483 1059 1674 1126 ῥοπήν.

0 1163 2 1194 τ
77 1139 419 1211 transpositis
466 1140 676 1195 duabus
717 1140 975 1196 litterulis
1004 1141 1178 1210 νόμιζε
1210 1142 1393 1208 μόνους
1435 1144 1638 1209 exibit,
1680 1144 1822 1215 quod
1863 1147 1908 1199 si
1927 1162 2072 1201 rece-

33 1274 40 1280 .
74 1228 220 1300 peris
250 1227 487 1299 aliquam
524 1229 849 1284 sententiam
893 1228 1112 1283 habebis
1149 1229 1242 1284 sed
1276 1231 1409 1285 satis
1446 1230 1700 1302 frigidam
1737 1238 1791 1287 et
1818 1233 1908 1286 vix
1941 1234 2073 1288 satis

73 1313 360 1381 Graecam,
400 1318 654 1388 quoniam
684 1320 803 1378 τοὺς
836 1310 1061 1386 xpm-ode,-
1095 1317 1303 1372 dictum
1328 1319 1587 1390 oportuit.
1664 1320 1825 1376 Forte
1858 1321 2073 1387 τρόπους

0 1413 7 1471 j
72 1403 307 1469 excidit,
366 1410 429 1458 ut
475 1405 658 1474 χρηςοὶ
721 1405 893 1474 τρόποι
951 1406 1208 1460 dicantur
1265 1423 1382 1461 esse
1441 1407 1641 1477 ἐφόδιον
1700 1409 1950 1474 ἀσφαλὲς
1999 1412 2072 1471 εἷς

0 1491 7 1570 ff
72 1490 251 1546 πάντα
289 1491 492 1560 καιρόν,
534 1493 676 1565 quod
711 1495 992 1549 verissime
1027 1493 1237 1549 dictum
1278 1495 1409 1560 erit,
1450 1503 1512 1550 ut
1541 1494 1685 1568 apud
1716 1496 2071 1552 Menandrum

0 1631 1 1634 ,
73 1578 217 1635 Stob.
255 1580 443 1643 Floril.
482 1583 751 1638 XXXVII.
794 1586 882 1638 18.

0 1673 7 1766 ’γ
372 1672 429 1733 νὴ
470 1671 562 1733 ’τὴν
602 1673 858 1736 Ἀθηνᾶν,
896 1670 1152 1739 μακάριον
1195 1674 1224 1734 ἧ
1263 1670 1526 1739 χρῇς-ἄτης

0 1794 7 1832 :¹
371 1761 494 1826 πρὸς
533 1758 713 1815 πάντα
752 1758 840 1814 καὶ
883 1760 1150 1826 θαυμαςὸν
1191 1759 1391 1829 ἐφόδιον
1430 1760 1548 1828 βίῳ.

0 1853 8 1954 Ἢ
144 1843 359 1901 Excidit
379 1847 701 1903 vocabulum
725 1847 778 1902 in
798 1846 1082 1905 Menandri
1106 1846 1300 1918 fragm.
1320 1847 1463 1920 apud
1484 1846 1679 1903 Athen.
1700 1847 1837 1904 XIV.
1855 1852 1983 1909 654.
2007 1850 2064 1905 Β.

863 1939 1039 2006 μικρὸν
1076 1936 1347 2000 ἐπιμείνας
1384 1936 1690 2006 προστρέχει

0 2083 1 2092 ¹
483 2021 719 2091 ἠγόρακά
758 2045 832 2079 σοι
873 2023 1132 2093 περιςέρια
1171 2023 1358 2089 λέγων.

1 2103 8 2183 ἦ
65 2107 424 2181 suppleverIm
460 2111 719 2179 περιςέρια
758 2113 874 2167 ταδι
916 2110 1104 2177 λέγων.

0 2203 1 2206 ’
141 2195 297 2270 Apud
330 2197 531 2253 Polluc.
569 2198 658 2253 IX.
707 2202 792 2253 76.
829 2199 884 2253 in
919 2198 1199 2254 Menandri
1235 2199 1413 2255 verbis

361 2285 614 2354 μακάριος
654 2287 839 2348 ἐκεῖνος
880 2287 1270 2343 δεκαταλαντον
1304 2291 1676 2358 καταφαγών.

6 2398 9 2433 4
60 2370 196 2426 nihil
234 2373 339 2428 erit
377 2373 748 2440 difficultatiS,
789 2375 835 2429 si
874 2373 1070 2447 legeris
1110 2377 1236 2432 δέκα
1275 2377 1541 2432 τάλαντα.
1622 2377 1930 2433 Athenaeus
1968 2380 2056 2434 VI.

6 2472 9 2516 Ι
61 2461 189 2515 248.
225 2461 280 2515 Β.
319 2460 451 2518 hacc
488 2462 676 2518 aflert:
718 2464 1007 2532 Μένανδρος
1041 2466 1092 2519 ἐν
1133 2466 1486 2532 Πωλουμένοις
1526 2467 1701 2527 τάλας
1744 2464 1935 2529 ἕςηκας
1977 2466 2053 2522 ἔτι

6 2552 10 2603 ‘1
59 2550 180 2617 πρὸς
218 2557 338 2613 ταῖς
375 2553 543 2620 θύραις
585 2551 677 2607 ubi
718 2552 988 2606 Porsonus
1027 2553 1338 2625 supplebat:

359 2641 446 2705 τί,
486 2638 522 2695 ὦ
562 2640 768 2705 τάλας,
808 2662 1000 2703 εςηκας
1041 2640 1117 2696 ἔτι
1159 2644 1280 2709 προς
1320 2648 1440 2702 ταῖς
1480 2642 1689 2710 θύραιςς

6 2693 12 2779 1ι
59 2725 151 2782 sed
192 2726 543 2799 Tragicorum
584 2737 666 2784 est
713 2727 749 2783 ὦ
789 2729 964 2791 τάλας
1006 2728 1219 2784 dicere.
1270 2728 1546 2784 Comici
1510 2753 1544 2784 ω
1586 2730 1758 2785 τάλαν
1795 2731 2052 2787 mulieres

7 2817 13 2885 j
58 2813 323 2871 iuducunt
363 2816 603 2872 dicentes
642 2824 736 2872 aut
771 2818 914 2872 inter
943 2834 999 2872 se
1032 2823 1126 2872 aut
1156 2817 1223 2872 ad
1261 2818 1438 2874 virOS.
1484 2835 1657 2890 neque
1699 2821 1924 2874 memini
1963 2838 2051 2876 me

7 2901 14 2962 i
56 2903 243 2964 ludite
282 2906 462 2961 virum
500 2906 594 2978 qui
642 2903 678 2960 ὦ
717 2905 891 2961 τάλαν
927 2905 1130 2961 diceret
1164 2923 1261 2977 pro
1301 2903 1336 2960 ὦ
1370 2907 1540 2973 μέλε,
1580 2904 1718 2962 &retu
1741 2949 1756 2970 ‚
1800 2905 1836 2962 ὦ
1869 2908 2051 2975 δαιμό-

8 3027 13 3047 .
53 3011 160 3060 νιε,
208 3001 302 3050 aut
349 2994 472 3050 sim.
554 2993 913 3062 Quamobrem
963 2993 1359 3067 suppleverim:
1413 2994 1544 3061 οἴμοι
1591 2994 1765 3056 τάλας
1790 3037 1804 3052 .
1856 2993 2048 3058 ἕςηκας

8 3090 14 3142 Ι
54 3081 130 3140 tra
168 3085 276 3139 κτὲ.
355 3082 469 3137 Non
506 3082 651 3137 enim
692 3082 822 3149 οἴμοι
862 3082 1038 3144 τάλας
1061 3119 1076 3148 ,
1118 3081 1259 3153 quod
1302 3081 1498 3137 Atticis
1534 3081 1786 3155 frequens
1823 3084 1878 3138 In
1921 3101 2045 3148 ore,

9 3189 13 3242 f
57 3172 329 3245 querentis
369 3176 582 3226 tantum
616 3177 698 3225 est
731 3177 786 3225 et
820 3170 1074 3227 eiulantis
1108 3178 1160 3225 et
1203 3171 1549 3242 trepidantis,
1591 3171 1682 3226 sed
1716 3189 1872 3243 saepe
1908 3171 2044 3224 indi-

10 3275 15 3313 ·.
57 3260 270 3331 ‘nantis
315 3267 369 3314 et
414 3258 886 3324 excandescentiS,
940 3264 1002 3313 ut
1043 3258 1185 3330 apud
1233 3259 1610 3314 Pherecratem
1649 3261 1704 3313 in
1760 3259 1932 3315 Schol.
1976 3259 2043 3314 ad

10 3348 15 3381 ·’
54 3344 320 3420 Aristoph.
367 3347 523 3420 Vesp.
566 3350 710 3402 1029
750 3354 804 3402 et
843 3347 1112 3419 Aristoph.
1146 3348 1201 3401 in
1235 3347 1437 3402 Avibus
1461 3351 1606 3403 1260
1647 3354 1700 3402 et
1739 3348 1859 3403 aliis
1892 3348 2038 3402 locis,

127 3434 355 3490 Stultum
392 3443 490 3501 est,
542 3435 719 3507 inquit
755 3434 1044 3491 Menander
1077 3435 1131 3489 in
1169 3434 1312 3490 Stob.
1351 3437 1532 3491 Floril.
1558 3436 1763 3491 LXXII.
1801 3440 1862 3499 2,
1904 3436 2041 3507 quod

52 3521 108 3576 in
162 3523 507 3578 matrimoniis
556 3524 830 3596 iunqendis
888 3526 1063 3596 facere
1117 3524 1321 3579 solent:
1381 3525 1515 3579 dotis
1562 3541 1802 3578 ntcmmos
1859 3523 2037 3576 sedulo

11 3631 14 3662 ι
49 3610 270 3682 probare
292 3658 304 3675 ,

352 3707 442 3763 τῆς
483 3700 567 3754 διὰ
607 3701 724 3765 βίου
760 3700 803 3753 δ’
844 3700 976 3754 ἔνδον
1012 3701 1379 3765 καθεδουμένης
1421 3701 1506 3754 οὶεί
