2436 4068
1043 196 1149 246 595

92 343 300 398 Erasmi
339 339 772 394 annotationem:
834 338 1205 391 »Translatum
1243 348 1492 409 apparel,
1550 340 1755 410 inquit,
1809 359 1840 393 a
1890 343 2070 396 mam-'-

94 432 187 484 bus
241 438 288 482 et
338 427 661 490 nutricibus,
718 443 851 497 quae
884 426 1174 498 infantulos
1212 427 1358 481 cunis
1410 427 1676 497 impositos
1736 429 1902 498 capite
1953 449 2073 501 por-

92 517 258 571 1αιιι.”
315 515 428 570 Non
471 515 603 569 solet
640 531 756 568 esse
796 514 1056 568 Erasmus
1098 521 1207 567 tam
1250 513 1460 578 satuuS‚
1503 513 1595 569 sed
1634 515 1860 570 coelibes
1898 525 1950 571 et
1991 536 2074 571 or·

90 605 144 661 bi
182 604 247 659 de
287 603 567 658 infantulis
614 609 668 656 et
719 601 876 655 cunis
927 603 1297 672 scriptitantes
1356 601 1510 657 facile
1565 620 1597 657 a
1637 604 1866 658 veritate
1922 612 2076 659 natu-

94 710 185 749 rae
223 698 449 765 possunt
488 690 754 744 aberrare.

166 777 530 850 corruptelam
574 775 916 847 interpolatio
956 783 1140 831 secuta
1179 784 1261 831 est
1301 777 1356 830 in
1406 778 1697 850 Cyropaed.
1736 779 1875 833 vm.
1915 797 1973 834 ιι.
2018 785 2073 838 5.

91 868 296 934 ἀνάγκη
336 864 418 920 οὖν
457 867 543 920 τὸν
584 867 632 918 ἐν
666 865 996 933 βραχυτάτῳ
1037 864 1372 931 διατρίβοντα
1411 865 1540 933 ἔργῳ
1573 870 1750 921 τοῦτον
1790 869 1878 922 καὶ
1920 867 2075 936 ἄριςα

88 955 461 1022 &qvando-om
514 959 662 1008 τοῦτο
714 960 892 1007 ποιεῖν.
989 952 1135 1020 Quae
1193 961 1274 1006 est
1331 951 1420 1006 illa
1482 953 1763 1008 scabrities
1816 957 2075 1011 orationis

85 1045 292 1111 ἀνάγκη
332 1042 752 1108 διηναγκασθαιῖ
809 1050 862 1096 et
906 1040 1035 1113 quid
1080 1047 1160 1095 est
1202 1043 1379 1112 ipsum
1431 1041 1848 1106 διηναγκασθαιὲ)
1931 1044 2071 1111 Quid

91 1132 299 1189 multa?
353 1130 578 1186 emenda
615 1135 766 1185 τοῦτο
807 1129 964 1198 ἄριςα
1002 1127 1332 1197 ἐξειργάσθαι
1379 1130 1666 1201 expunctis
1708 1130 1884 1184 verbis
1922 1137 2074 1187 τοῦτο

8 1228 23 1240 ”
91 1230 266 1278 ποιεῖν.
344 1219 738 1276 Fideiussorem
780 1218 914 1273 dabo
948 1218 1239 1289 optimum:
1284 1217 1460 1289 ipsum
1498 1217 1907 1289 Xenophontem
1947 1219 2074 1274 ibid.

96 1314 214 1383 56.
270 1309 479 1374 ἀνάγκη
503 1350 516 1372 ,
572 1303 716 1373 οἶμαι
740 1350 755 1373 ,
813 1310 991 1361 ταῦτα
1038 1303 1166 1360 οὕτω
1207 1307 1488 1371 ποιούμενα
1549 1307 1682 1361 πολὺ
1735 1306 2077 1377 διαφερόντως

94 1396 418 1467 ἐξειργάσθαι
457 1395 659 1453 ἕκαςον.

171 1485 320 1554 Quod
362 1483 509 1540 vides
560 1485 615 1538 in
657 1483 756 1538 hoc
806 1482 921 1537 loco
975 1481 1440 1554 interpolationem
1493 1499 1559 1537 ex
1611 1483 1913 1555 scripturae
1966 1502 2122 1548 cor-v

94 1574 304 1646 ruptela
347 1590 464 1629 esse
512 1579 720 1637 natam,
762 1570 904 1626 idem
945 1570 1119 1625 obiter
1154 1570 1526 1626 demonstrare
1567 1571 1716 1625 iuvat
1750 1572 1805 1624 in
1845 1571 2082 1628 Platonis

93 1661 208 1718 loco
246 1678 362 1717 esse
401 1660 642 1725 factum,
696 1659 788 1715 ubi
843 1675 1013 1713 novus
1069 1658 1260 1713 Editor
1310 1658 1365 1713 C.
1404 1658 1639 1714 Badham
1691 1660 1886 1714 vitium
1933 1670 2081 1717 certa

92 1749 464 1806 emendatione
513 1748 767 1811 sustulit,
813 1747 906 1802 sed
939 1747 1204 1802 emblema
1232 1763 1299 1801 ex
1342 1747 1472 1801 vitio
1523 1755 1709 1802 natum
1755 1765 1859 1802 non
1901 1758 2080 1805 sustu-

92 1838 172 1895 lit.
251 1838 472 1910 Legitur
513 1838 569 1892 in
618 1835 837 1891 Philebo
891 1853 940 1908 p.
983 1839 1049 1890 15
1091 1836 1147 1890 C.
1192 1836 1295 1891 οὐδ’
1335 1834 1417 1904 ἄρ’
1468 1837 1639 1900 ἡδονὴν
1678 1838 1851 1901 ἡδονῆς
1899 1838 2081 1907 διαφο-
2119 1840 2125 1845 ’

90 1948 169 1996 ρον
206 1926 356 1982 ἀλλὰ
395 1925 573 1987 πασας
615 1924 792 1990 ὁμοίας
830 1921 958 1979 εἶναι
996 1926 1233 1994 Φήσομεν
1265 1956 1377 1990 -,
1417 1925 1862 1992 πειρασόμεθα
1901 1926 1953 1980 δὲ
1990 1929 2078 1983 καὶ

88 2017 298 2085 ἐροῦμεν
344 2013 477 2083 ἅπερ
531 2014 574 2067 οἱ
628 2012 836 2068 πάντων
878 2012 1214 2083 φαυλότατοί
1267 2034 1326 2068 τε
1379 2012 1468 2068 καὶ
1531 2013 1645 2080 περὶ
1704 2013 1894 2078 λόγους
1957 2013 2079 2082 ἅμα

89 2102 203 2159 νέοι.
283 2104 346 2158 ln
380 2101 466 2156 his
501 2117 730 2156 nascens
769 2108 823 2155 et
862 2101 1095 2171 gliscens
1129 2102 1325 2157 vitium
1360 2102 1525 2156 certis
1565 2099 1783 2156 indiciis
1821 2101 2079 2158 Codicum

87 2191 380 2247 cernimus.
459 2189 519 2245 In
569 2187 852 2243 Bodleiano
904 2205 1011 2244 uno
1062 2190 1308 2244 omnium
1355 2189 1559 2262 optimo
1623 2194 1706 2244 est
1759 2190 2078 2259 πειρόμεθα,

90 2285 423 2337 caeterorum
477 2276 726 2332 meliores
782 2277 1072 2345 πειρώμεθα
1138 2276 1395 2333 exhibent
1415 2320 1431 2344 ,
1488 2275 1784 2333 deteriores
1840 2280 2079 2348 πειρασό-

89 2370 261 2436 μεθα,
300 2365 579 2423 deterrimi
618 2366 1001 2432 πειρασώμεθα.
1079 2365 1212 2422 Rem
1243 2382 1347 2422 acu
1389 2366 1567 2436 tetigit
1601 2365 1869 2433 Badbam,
1908 2385 2078 2440 quum

90 2472 157 2515 ex
195 2454 474 2524 πειρόμεθα
512 2453 730 2509 eliceret
770 2453 1122 2520 πεισόμεθα
1164 2455 1216 2510 δὲ
1259 2487 1333 2499 -
1371 2452 1505 2522 ἅπερ
1544 2456 1587 2510 οἱ
1628 2453 1836 2510 πάντων
1877 2457 2082 2526 φαυλό-

88 2565 258 2604 τασοι.
336 2543 448 2599 Hoc
500 2541 719 2597 demum
769 2541 1035 2599 Graecum
1074 2549 1158 2598 est
1196 2549 1252 2598 et
1302 2543 1524 2599 Platone
1571 2541 1832 2615 dignum,
1871 2545 1964 2601 sed
2000 2563 2080 2602 re-

60 2639 243 2707 ·perta
279 2647 406 2687 vera
458 2629 687 2685 lectione
734 2646 980 2703 expunge
1029 2630 1184 2686 sodes
1226 2631 1315 2686 καὶ
1370 2633 1598 2701 ἐροῦμεν.
1680 2631 1796 2699 Quo
1838 2639 2081 2706 tempore

89 2727 512 2778 ΠΕΙΡΟΜΕΘΛ
552 2734 716 2774 sensu
757 2734 988 2774 vacuum
1029 2719 1442 2792 intelligentiam
1487 2719 1590 2775 loci
1638 2720 1963 2793 impediebat
1997 2730 2056 2778 at

15 2824 37 2887 ς·
92 2807 218 2865 tulit
253 2807 451 2881 aliquis
493 2806 608 2862 loco
637 2805 775 2862 male
814 2806 1026 2874 habito,
1072 2809 1166 2883 qui
1205 2809 1321 2864 suis
1362 2807 1589 2880 pedibus
1638 2810 1934 2866 consistere
1972 2829 2080 2866 non

93 2902 331 2970 poterat,
372 2895 509 2952 hanc
547 2896 750 2958 συκίνην
790 2897 1114 2966 ἐπικουρίαν,
1155 2913 1316 2970 quam
1357 2913 1504 2952 nunc
1539 2895 1690 2952 locus
1721 2897 1890 2954 veluti
1919 2916 2081 2972 aeger

93 2991 314 3041 matus
361 2983 567 3040 abiicit.
647 2983 819 3052 Quam
875 2985 947 3039 sit
999 2992 1155 3043 vetus
1209 2983 1638 3042 additamentum
1691 2985 1842 3043 vides
1893 2989 2078 3044 statim

93 3087 219 3129 cnm
283 3074 398 3146 ipsa
461 3072 767 3145 corruptela
826 3081 1015 3130 natum
1073 3080 1128 3130 et
1181 3090 1343 3146 quam
1406 3073 1539 3130 nibil
1599 3074 1816 3131 videant
1869 3078 2079 3149 antiqui

94 3169 452 3224 correctores,
512 3162 603 3233 qui
662 3161 1013 3229 πειρασόμεθα
1071 3163 1465 3233 excogitarunt.
1546 3161 1714 3218 Iidem
1757 3164 1922 3236 paulo,
1954 3172 2079 3220 ante

97 3264 152 3322 p.
197 3252 263 3305 13
316 3250 376 3307 B.
432 3248 497 3305 de
551 3266 649 3304 suo
701 3249 1026 3307 addiderunt
1079 3252 1548 3320 συγχωρήσεσθαι,
1601 3251 1743 3324 quod
1804 3259 2079 3324 tamquam

98 3335 310 3392 macula
353 3335 527 3393 locum
574 3338 853 3410 inquinat,
893 3346 948 3394 et
982 3346 1105 3412 post
1135 3355 1308 3412 pauca
1344 3339 1520 3396 simile
1556 3340 1687 3412 quid
1727 3339 2080 3411 designarunt

101 3440 153 3496 p.
192 3428 257 3479 13
301 3424 360 3480 Ε.
402 3426 455 3479 in
492 3425 667 3481 verbis
713 3427 800 3483 καὶ
842 3427 975 3497 τάχ’
1014 3427 1332 3491 οὶνιόντες
1383 3429 1456 3491 εἷς
1495 3430 1595 3490 τοὶς
1637 3429 1815 3495 ὁμοίας
1856 3428 1973 3490 ἴσως
2014 3426 2079 3483 ἄν

99 3531 206 3572 πως
245 3514 492 3575 ἀλλήλοις
548 3516 1003 3584 συγχωρήσαιμεν.
1086 3516 1147 3573 ln
1187 3524 1567 3574 ΑΝῙΟΝΤΕΣ
1614 3516 1744 3571 latet
1794 3514 1859 3570 ἂν
1898 3516 2078 3578 ἰόντες.

100 3600 295 3656 'llum
337 3603 407 3664 εἷς
439 3602 537 3663 τὰς
571 3603 749 3669 ὁμοίας
781 3604 961 3669 λαβάς
998 3604 1050 3660 in
1084 3603 1349 3677 palaestra
1390 3604 1639 3662 (licebant
1662 3646 1674 3667 ‚
1718 3621 1819 3659 non
1860 3605 2077 3671 οὶνιὲναι,
