<?xml version="1.0" encoding="UTF-8"?>
<!DOCTYPE html PUBLIC "-//W3C//DTD XHTML 1.0 Transitional//EN"
    "http://www.w3.org/TR/xhtml1/DTD/xhtml1-transitional.dtd">
<html xmlns="http://www.w3.org/1999/xhtml" xml:lang="en" lang="en">
 <head>
  <title>
</title>
<meta http-equiv="Content-Type" content="text/html;charset=utf-8" />
  <meta name='ocr-system' content='tesseract 3.04.00' />
  <meta name='ocr-capabilities' content='ocr_page ocr_carea ocr_par ocr_line ocrx_word'/>
</head>
<body>
  <div class='ocr_page' id='page_1' title='image "./novaelectionesqu00cobeuoft/novaelectionesqu00cobeuoft_0286.png"; bbox 0 0 2436 4068; ppageno 0'>
   <div class='ocr_carea' id='block_1_1' title="bbox 1313 225 1419 276">
    <p class='ocr_par' dir='ltr' id='par_1_1' title="bbox 1313 225 1419 276">
     <span class='ocr_line' id='line_1_1' title="bbox 1313 225 1419 276; baseline 0.009 -2"><span class='ocrx_word' id='word_1_1' title='bbox 1313 225 1419 276; x_wconf 71' lang='lat'><strong>252</strong></span> 
     </span>
    </p>
   </div>
   <div class='ocr_carea' id='block_1_2' title="bbox 381 366 2436 3694">
    <p class='ocr_par' dir='ltr' id='par_1_2' title="bbox 381 366 2380 2548">
     <span class='ocr_line' id='line_1_2' title="bbox 382 366 2365 438; baseline -0.001 -14"><span class='ocrx_word' id='word_1_2' title='bbox 382 367 499 424; x_wconf 86' lang='lat' dir='ltr'><strong>dice</strong></span> <span class='ocrx_word' id='word_1_3' title='bbox 538 373 599 424; x_wconf 90' lang='lat' dir='ltr'><strong>ut</strong></span> <span class='ocrx_word' id='word_1_4' title='bbox 635 368 688 423; x_wconf 91' lang='lat' dir='ltr'><strong>in</strong></span> <span class='ocrx_word' id='word_1_5' title='bbox 729 367 1025 423; x_wconf 86' lang='lat' dir='ltr'><strong>deterrimo·</strong></span> <span class='ocrx_word' id='word_1_6' title='bbox 1057 382 1266 437; x_wconf 85' lang='lat' dir='ltr'><strong>quoquc</strong></span> <span class='ocrx_word' id='word_1_7' title='bbox 1307 368 1568 438; x_wconf 86' lang='lat' dir='ltr'><strong>scriptum</strong></span> <span class='ocrx_word' id='word_1_8' title='bbox 1625 374 1704 420; x_wconf 88' lang='lat' dir='ltr'><strong>cst</strong></span> <span class='ocrx_word' id='word_1_9' title='bbox 1749 366 1971 423; x_wconf 84' lang='lat' dir='ltr'><strong>barbare</strong></span> <span class='ocrx_word' id='word_1_10' title='bbox 2014 370 2365 435; x_wconf 56' lang='lat' dir='ltr'><strong>cvawvevcro‘va</strong></span> 
     </span>
     <span class='ocr_line' id='line_1_3' title="bbox 381 453 2364 528; baseline -0.001 -15"><span class='ocrx_word' id='word_1_11' title='bbox 381 479 481 514; x_wconf 84' lang='grc' dir='ltr'><strong>των</strong></span> <span class='ocrx_word' id='word_1_12' title='bbox 517 457 616 522; x_wconf 79' lang='grc' dir='ltr'><strong>ἄν,</strong></span> <span class='ocrx_word' id='word_1_13' title='bbox 661 456 912 528; x_wconf 90' lang='lat' dir='ltr'><strong>quoniam</strong></span> <span class='ocrx_word' id='word_1_14' title='bbox 954 453 1103 508; x_wconf 91' lang='lat' dir='ltr'><strong>scioli</strong></span> <span class='ocrx_word' id='word_1_15' title='bbox 1158 455 1212 508; x_wconf 92' lang='lat' dir='ltr'><strong>in</strong></span> <span class='ocrx_word' id='word_1_16' title='bbox 1254 454 1449 508; x_wconf 89' lang='lat' dir='ltr'><strong>talibus</strong></span> <span class='ocrx_word' id='word_1_17' title='bbox 1493 453 1737 508; x_wconf 82' lang='lat' dir='ltr'><strong>futurum</strong></span> <span class='ocrx_word' id='word_1_18' title='bbox 1789 457 1985 510; x_wconf 82' lang='lat' dir='ltr'><strong>aoristo</strong></span> <span class='ocrx_word' id='word_1_19' title='bbox 2037 457 2364 511; x_wconf 81' lang='lat' dir='ltr'>substituere</span> 
     </span>
     <span class='ocr_line' id='line_1_4' title="bbox 387 541 2368 614; baseline -0.001 -13"><span class='ocrx_word' id='word_1_20' title='bbox 387 549 775 601; x_wconf 89' lang='lat' dir='ltr'><strong>consueverant</strong></span> <span class='ocrx_word' id='word_1_21' title='bbox 830 543 1086 610; x_wconf 78' lang='grc' dir='ltr'><em>ἐρωτήσων</em></span> <span class='ocrx_word' id='word_1_22' title='bbox 1137 541 1202 595; x_wconf 80' lang='grc' dir='ltr'><strong>ᾄν</strong></span> <span class='ocrx_word' id='word_1_23' title='bbox 1249 543 1559 614; x_wconf 71' lang='lat' dir='ltr'><strong>corriyentes</strong></span> <span class='ocrx_word' id='word_1_24' title='bbox 1611 542 1816 596; x_wconf 91' lang='lat' dir='ltr'><strong>scilicet</strong></span> <span class='ocrx_word' id='word_1_25' title='bbox 1869 560 1964 614; x_wconf 89' lang='lat' dir='ltr'><strong>pro</strong></span> <span class='ocrx_word' id='word_1_26' title='bbox 2013 546 2269 611; x_wconf 77' lang='grc' dir='ltr'><em>ἐρωτήσας</em></span> <span class='ocrx_word' id='word_1_27' title='bbox 2313 552 2368 598; x_wconf 87' lang='lat' dir='ltr'><strong>et</strong></span> 
     </span>
     <span class='ocr_line' id='line_1_5' title="bbox 388 629 2366 702; baseline -0.002 -14"><span class='ocrx_word' id='word_1_28' title='bbox 388 634 512 688; x_wconf 79' lang='lat' dir='ltr'><strong>sim.</strong></span> <span class='ocrx_word' id='word_1_29' title='bbox 591 633 779 702; x_wconf 81' lang='lat' dir='ltr'><strong>Itaque</strong></span> <span class='ocrx_word' id='word_1_30' title='bbox 817 629 1252 696; x_wconf 72' lang='grc' dir='ltr'><em>συμπνευσάντων</em></span> <span class='ocrx_word' id='word_1_31' title='bbox 1287 630 1341 683; x_wconf 89' lang='lat' dir='ltr'><strong>in</strong></span> <span class='ocrx_word' id='word_1_32' title='bbox 1383 630 1806 696; x_wconf 80' lang='grc' dir='ltr'><em>συμπνευσόντων</em></span> <span class='ocrx_word' id='word_1_33' title='bbox 1843 637 2083 695; x_wconf 81' lang='lat' dir='ltr'><strong>mutant,</strong></span> <span class='ocrx_word' id='word_1_34' title='bbox 2126 632 2199 685; x_wconf 91' lang='lat' dir='ltr'><strong>nil</strong></span> <span class='ocrx_word' id='word_1_35' title='bbox 2240 631 2366 685; x_wconf 86' lang='lat' dir='ltr'><strong>mali</strong></span> 
     </span>
     <span class='ocr_line' id='line_1_6' title="bbox 390 716 2370 792; baseline -0.002 -17"><span class='ocrx_word' id='word_1_36' title='bbox 390 720 762 792; x_wconf 83' lang='lat' dir='ltr'><strong>suspicanteS,</strong></span> <span class='ocrx_word' id='word_1_37' title='bbox 815 735 1048 789; x_wconf 88' lang='lat' dir='ltr'><strong>namque</strong></span> <span class='ocrx_word' id='word_1_38' title='bbox 1087 718 1161 772; x_wconf 87' lang='lat' dir='ltr'><strong>ita</strong></span> <span class='ocrx_word' id='word_1_39' title='bbox 1207 716 1563 789; x_wconf 81' lang='lat' dir='ltr'><strong>loquebantur</strong></span> <span class='ocrx_word' id='word_1_40' title='bbox 1603 718 1740 790; x_wconf 91' lang='lat' dir='ltr'><strong>ipsi,</strong></span> <span class='ocrx_word' id='word_1_41' title='bbox 1799 725 1857 772; x_wconf 91' lang='lat' dir='ltr'><strong>ut</strong></span> <span class='ocrx_word' id='word_1_42' title='bbox 1893 719 2234 789; x_wconf 74' lang='lat' dir='ltr'><strong>Antipatrum</strong></span> <span class='ocrx_word' id='word_1_43' title='bbox 2276 735 2370 772; x_wconf 91' lang='lat' dir='ltr'><strong>au-</strong></span> 
     </span>
     <span class='ocr_line' id='line_1_7' title="bbox 393 805 2371 875; baseline -0.001 -13"><span class='ocrx_word' id='word_1_44' title='bbox 393 808 627 862; x_wconf 86' lang='lat' dir='ltr'><strong>divimus</strong></span> <span class='ocrx_word' id='word_1_45' title='bbox 683 805 840 861; x_wconf 86' lang='lat' dir='ltr'><strong>modo</strong></span> <span class='ocrx_word' id='word_1_46' title='bbox 893 806 1190 861; x_wconf 78' lang='lat' dir='ltr'><strong>dicentem:</strong></span> <span class='ocrx_word' id='word_1_47' title='bbox 1247 805 1353 874; x_wconf 78' lang='grc' dir='ltr'><em>τρὶς</em></span> <span class='ocrx_word' id='word_1_48' title='bbox 1403 806 1529 860; x_wconf 74' lang='grc' dir='ltr'><em>δέκα</em></span> <span class='ocrx_word' id='word_1_49' title='bbox 1583 827 1652 872; x_wconf 87' lang='grc' dir='ltr'><strong>με</strong></span> <span class='ocrx_word' id='word_1_50' title='bbox 1707 806 1939 860; x_wconf 86' lang='grc' dir='ltr'><em>πνεύσειν</em></span> <span class='ocrx_word' id='word_1_51' title='bbox 1995 806 2080 859; x_wconf 75' lang='grc' dir='ltr'><em>καὶ</em></span> <span class='ocrx_word' id='word_1_52' title='bbox 2134 807 2207 867; x_wconf 73' lang='grc' dir='ltr'><strong>δὶς</strong></span> <span class='ocrx_word' id='word_1_53' title='bbox 2254 807 2371 875; x_wconf 84' lang='grc' dir='ltr'><em>τρία</em></span> 
     </span>
     <span class='ocr_line' id='line_1_8' title="bbox 389 892 2370 970; baseline -0.002 -20"><span class='ocrx_word' id='word_1_54' title='bbox 389 896 606 962; x_wconf 81' lang='grc' dir='ltr'><em>μάντιες</em></span> <span class='ocrx_word' id='word_1_55' title='bbox 647 893 809 963; x_wconf 56' lang='lat' dir='ltr'><strong>&amp;epm</strong></span> <span class='ocrx_word' id='word_1_56' title='bbox 844 892 854 970; x_wconf 87' lang='grc' dir='ltr'>Ι</span> <span class='ocrx_word' id='word_1_57' title='bbox 887 894 1072 964; x_wconf 84' lang='grc' dir='ltr'><em>φασίν.</em></span> <span class='ocrx_word' id='word_1_58' title='bbox 1128 893 1388 949; x_wconf 80' lang='lat' dir='ltr'><strong>Dicebant</strong></span> <span class='ocrx_word' id='word_1_59' title='bbox 1422 894 1591 965; x_wconf 83' lang='lat' dir='ltr'><strong>igitur</strong></span> <span class='ocrx_word' id='word_1_60' title='bbox 1629 893 1873 948; x_wconf 79' lang='lat' dir='ltr'><strong>Graeculi</strong></span> <span class='ocrx_word' id='word_1_61' title='bbox 1913 894 2052 963; x_wconf 80' lang='grc' dir='ltr'><em>ᾄσω,</em></span> <span class='ocrx_word' id='word_1_62' title='bbox 2093 901 2148 947; x_wconf 84' lang='lat' dir='ltr'><strong>at</strong></span> <span class='ocrx_word' id='word_1_63' title='bbox 2183 893 2370 949; x_wconf 83' lang='lat' dir='ltr'><strong>Graeci</strong></span> 
     </span>
     <span class='ocr_line' id='line_1_9' title="bbox 391 981 2371 1054; baseline -0.001 -16"><span class='ocrx_word' id='word_1_64' title='bbox 391 985 623 1053; x_wconf 95' lang='grc' dir='ltr'><em>ᾄσομαι,</em></span> <span class='ocrx_word' id='word_1_65' title='bbox 667 983 754 1037; x_wconf 88' lang='lat' dir='ltr'><strong>cui</strong></span> <span class='ocrx_word' id='word_1_66' title='bbox 790 981 990 1037; x_wconf 87' lang='lat' dir='ltr'><strong>formae</strong></span> <span class='ocrx_word' id='word_1_67' title='bbox 1023 981 1162 1054; x_wconf 90' lang='lat' dir='ltr'><strong>apud</strong></span> <span class='ocrx_word' id='word_1_68' title='bbox 1202 989 1386 1054; x_wconf 78' lang='lat' dir='ltr'><strong>poetas</strong></span> <span class='ocrx_word' id='word_1_69' title='bbox 1422 981 1638 1052; x_wconf 87' lang='lat' dir='ltr'><strong>quidem</strong></span> <span class='ocrx_word' id='word_1_70' title='bbox 1676 983 1729 1035; x_wconf 91' lang='lat' dir='ltr'><strong>in</strong></span> <span class='ocrx_word' id='word_1_71' title='bbox 1761 983 1934 1053; x_wconf 87' lang='lat' dir='ltr'><strong>prima</strong></span> <span class='ocrx_word' id='word_1_72' title='bbox 1970 989 2024 1036; x_wconf 88' lang='lat' dir='ltr'><strong>et</strong></span> <span class='ocrx_word' id='word_1_73' title='bbox 2062 983 2220 1036; x_wconf 88' lang='lat' dir='ltr'><strong>tertia</strong></span> <span class='ocrx_word' id='word_1_74' title='bbox 2255 999 2371 1054; x_wconf 89' lang='lat' dir='ltr'><strong>per·</strong></span> 
     </span>
     <span class='ocr_line' id='line_1_10' title="bbox 393 1070 2370 1142; baseline -0.001 -16"><span class='ocrx_word' id='word_1_75' title='bbox 393 1088 521 1126; x_wconf 87' lang='lat' dir='ltr'><strong>sona</strong></span> <span class='ocrx_word' id='word_1_76' title='bbox 562 1070 697 1125; x_wconf 90' lang='lat' dir='ltr'><strong>nihil</strong></span> <span class='ocrx_word' id='word_1_77' title='bbox 735 1077 816 1126; x_wconf 90' lang='lat' dir='ltr'><strong>est</strong></span> <span class='ocrx_word' id='word_1_78' title='bbox 848 1070 1100 1142; x_wconf 88' lang='lat' dir='ltr'><strong>periculi:</strong></span> <span class='ocrx_word' id='word_1_79' title='bbox 1141 1071 1337 1140; x_wconf 89' lang='grc' dir='ltr'><em>ᾄσομαι</em></span> <span class='ocrx_word' id='word_1_80' title='bbox 1377 1077 1429 1124; x_wconf 88' lang='lat' dir='ltr'><strong>et</strong></span> <span class='ocrx_word' id='word_1_81' title='bbox 1465 1070 1652 1139; x_wconf 83' lang='grc' dir='ltr'><em>ᾄσεται</em></span> <span class='ocrx_word' id='word_1_82' title='bbox 1695 1077 1866 1123; x_wconf 89' lang='lat' dir='ltr'><strong>metro</strong></span> <span class='ocrx_word' id='word_1_83' title='bbox 1908 1075 2022 1123; x_wconf 87' lang='lat' dir='ltr'><strong>tuta</strong></span> <span class='ocrx_word' id='word_1_84' title='bbox 2059 1077 2220 1132; x_wconf 90' lang='lat' dir='ltr'><strong>sunt,</strong></span> <span class='ocrx_word' id='word_1_85' title='bbox 2266 1087 2370 1124; x_wconf 89' lang='lat' dir='ltr'><strong>non</strong></span> 
     </span>
     <span class='ocr_line' id='line_1_11' title="bbox 395 1156 2371 1230; baseline -0.002 -16"><span class='ocrx_word' id='word_1_86' title='bbox 395 1161 527 1215; x_wconf 90' lang='lat' dir='ltr'><strong>item</strong></span> <span class='ocrx_word' id='word_1_87' title='bbox 563 1160 705 1229; x_wconf 87' lang='grc' dir='ltr'><em>ᾄσει,</em></span> <span class='ocrx_word' id='word_1_88' title='bbox 747 1157 886 1230; x_wconf 89' lang='lat' dir='ltr'><strong>quod</strong></span> <span class='ocrx_word' id='word_1_89' title='bbox 927 1158 1149 1230; x_wconf 88' lang='lat' dir='ltr'><strong>proclivi</strong></span> <span class='ocrx_word' id='word_1_90' title='bbox 1188 1174 1368 1212; x_wconf 90' lang='lat' dir='ltr'><strong>errore</strong></span> <span class='ocrx_word' id='word_1_91' title='bbox 1408 1159 1463 1210; x_wconf 90' lang='lat' dir='ltr'><strong>in</strong></span> <span class='ocrx_word' id='word_1_92' title='bbox 1495 1158 1640 1227; x_wconf 83' lang='grc' dir='ltr'><em>ᾄσεις</em></span> <span class='ocrx_word' id='word_1_93' title='bbox 1676 1156 1955 1228; x_wconf 89' lang='lat' dir='ltr'><strong>depravari</strong></span> <span class='ocrx_word' id='word_1_94' title='bbox 1989 1157 2148 1221; x_wconf 89' lang='lat' dir='ltr'><strong>solet,</strong></span> <span class='ocrx_word' id='word_1_95' title='bbox 2190 1175 2371 1229; x_wconf 80' lang='lat' dir='ltr'><strong>quern-</strong></span> 
     </span>
     <span class='ocr_line' id='line_1_12' title="bbox 396 1244 2372 1319; baseline -0.003 -17"><span class='ocrx_word' id='word_1_96' title='bbox 396 1247 684 1302; x_wconf 83' lang='lat' dir='ltr'><strong>admodum</strong></span> <span class='ocrx_word' id='word_1_97' title='bbox 708 1247 906 1319; x_wconf 89' lang='lat' dir='ltr'><strong>passim</strong></span> <span class='ocrx_word' id='word_1_98' title='bbox 937 1247 1176 1301; x_wconf 89' lang='lat' dir='ltr'><strong>Atticum</strong></span> <span class='ocrx_word' id='word_1_99' title='bbox 1212 1267 1298 1301; x_wconf 87' lang='grc' dir='ltr'><strong>-ει</strong></span> <span class='ocrx_word' id='word_1_100' title='bbox 1334 1244 1598 1300; x_wconf 88' lang='lat' dir='ltr'><strong>secundae</strong></span> <span class='ocrx_word' id='word_1_101' title='bbox 1633 1262 1888 1316; x_wconf 84' lang='lat' dir='ltr'><strong>personae</strong></span> <span class='ocrx_word' id='word_1_102' title='bbox 1917 1246 2284 1316; x_wconf 82' lang='lat' dir='ltr'><strong>corrumpitur</strong></span> <span class='ocrx_word' id='word_1_103' title='bbox 2318 1246 2372 1298; x_wconf 92' lang='lat' dir='ltr'><strong>in</strong></span> 
     </span>
     <span class='ocr_line' id='line_1_13' title="bbox 397 1332 2375 1406; baseline -0.002 -16"><span class='ocrx_word' id='word_1_104' title='bbox 397 1357 544 1400; x_wconf 84' lang='grc' dir='ltr'><em>-εις,</em></span> <span class='ocrx_word' id='word_1_105' title='bbox 588 1343 682 1390; x_wconf 88' lang='lat' dir='ltr'><strong>aut</strong></span> <span class='ocrx_word' id='word_1_106' title='bbox 722 1357 775 1404; x_wconf 70' lang='grc' dir='ltr'><strong>ής</strong></span> <span class='ocrx_word' id='word_1_107' title='bbox 821 1345 916 1389; x_wconf 87' lang='lat' dir='ltr'><strong>aut</strong></span> <span class='ocrx_word' id='word_1_108' title='bbox 947 1357 1038 1404; x_wconf 74' lang='grc' dir='ltr'><strong>-ή,</strong></span> <span class='ocrx_word' id='word_1_109' title='bbox 1117 1334 1176 1388; x_wconf 94' lang='lat' dir='ltr'><strong>In</strong></span> <span class='ocrx_word' id='word_1_110' title='bbox 1218 1332 1590 1406; x_wconf 86' lang='lat' dir='ltr'><strong>Aristophanis</strong></span> <span class='ocrx_word' id='word_1_111' title='bbox 1645 1335 1779 1387; x_wconf 84' lang='lat' dir='ltr'><strong>Pace</strong></span> <span class='ocrx_word' id='word_1_112' title='bbox 1819 1336 1978 1386; x_wconf 76' lang='lat'><strong>1297.</strong></span> <span class='ocrx_word' id='word_1_113' title='bbox 2031 1333 2082 1386; x_wconf 90' lang='lat' dir='ltr'><strong>in</strong></span> <span class='ocrx_word' id='word_1_114' title='bbox 2128 1333 2375 1388; x_wconf 88' lang='lat' dir='ltr'><strong>omnibus</strong></span> 
     </span>
     <span class='ocr_line' id='line_1_14' title="bbox 395 1421 1166 1493; baseline -0.005 -13"><span class='ocrx_word' id='word_1_115' title='bbox 395 1425 549 1480; x_wconf 86' lang='lat' dir='ltr'><strong>libris</strong></span> <span class='ocrx_word' id='word_1_116' title='bbox 587 1429 896 1479; x_wconf 83' lang='lat' dir='ltr'><strong>constanter</strong></span> <span class='ocrx_word' id='word_1_117' title='bbox 934 1421 1166 1493; x_wconf 85' lang='lat' dir='ltr'><strong>legitur:</strong></span> 
     </span>
     <span class='ocr_line' id='line_1_15' title="bbox 699 1506 2044 1581; baseline -0.003 -15"><span class='ocrx_word' id='word_1_118' title='bbox 699 1514 754 1566; x_wconf 82' lang='grc' dir='ltr'><em>οὐ</em></span> <span class='ocrx_word' id='word_1_119' title='bbox 795 1511 1075 1579; x_wconf 74' lang='grc' dir='ltr'><em>πράγματ’</em></span> <span class='ocrx_word' id='word_1_120' title='bbox 1114 1511 1264 1581; x_wconf 84' lang='grc' dir='ltr'><em>ᾄσεισ</em></span> <span class='ocrx_word' id='word_1_121' title='bbox 1305 1510 1560 1579; x_wconf 80' lang='grc' dir='ltr'><em>σώφρονοσ</em></span> <span class='ocrx_word' id='word_1_122' title='bbox 1599 1509 1704 1577; x_wconf 71' lang='grc' dir='ltr'><strong>γὰρ</strong></span> <span class='ocrx_word' id='word_1_123' title='bbox 1743 1506 1795 1562; x_wconf 82' lang='grc' dir='ltr'><em>εἷ</em></span> <span class='ocrx_word' id='word_1_124' title='bbox 1828 1508 2044 1576; x_wconf 83' lang='grc' dir='ltr'><em>πατρόσ.</em></span> 
     </span>
     <span class='ocr_line' id='line_1_16' title="bbox 398 1597 2379 1669; baseline -0.003 -14"><span class='ocrx_word' id='word_1_125' title='bbox 398 1600 491 1655; x_wconf 87' lang='lat' dir='ltr'><strong>ubi</strong></span> <span class='ocrx_word' id='word_1_126' title='bbox 531 1599 746 1654; x_wconf 87' lang='lat' dir='ltr'><strong>tandem</strong></span> <span class='ocrx_word' id='word_1_127' title='bbox 787 1599 1064 1654; x_wconf 88' lang='lat' dir='ltr'><strong>Dawesius</strong></span> <span class='ocrx_word' id='word_1_128' title='bbox 1102 1600 1217 1668; x_wconf 86' lang='grc' dir='ltr'><em>ᾄσει</em></span> <span class='ocrx_word' id='word_1_129' title='bbox 1268 1599 1533 1662; x_wconf 86' lang='lat' dir='ltr'><strong>correxit,</strong></span> <span class='ocrx_word' id='word_1_130' title='bbox 1574 1613 1732 1669; x_wconf 89' lang='lat' dir='ltr'><strong>quem</strong></span> <span class='ocrx_word' id='word_1_131' title='bbox 1769 1613 1952 1650; x_wconf 89' lang='lat' dir='ltr'><strong>omnes</strong></span> <span class='ocrx_word' id='word_1_132' title='bbox 1998 1597 2115 1651; x_wconf 92' lang='lat' dir='ltr'><strong>iure</strong></span> <span class='ocrx_word' id='word_1_133' title='bbox 2148 1613 2379 1667; x_wconf 86' lang='lat' dir='ltr'><strong>sequun-</strong></span> 
     </span>
     <span class='ocr_line' id='line_1_17' title="bbox 398 1683 2378 1757; baseline -0.003 -14"><span class='ocrx_word' id='word_1_134' title='bbox 398 1697 526 1754; x_wconf 87' lang='lat' dir='ltr'><strong>tur,</strong></span> <span class='ocrx_word' id='word_1_135' title='bbox 581 1688 744 1742; x_wconf 88' lang='lat' dir='ltr'><strong>etiam</strong></span> <span class='ocrx_word' id='word_1_136' title='bbox 784 1686 1076 1757; x_wconf 80' lang='lat' dir='ltr'><strong>BergkiUS,</strong></span> <span class='ocrx_word' id='word_1_137' title='bbox 1124 1687 1217 1757; x_wconf 89' lang='lat' dir='ltr'><strong>qui</strong></span> <span class='ocrx_word' id='word_1_138' title='bbox 1258 1686 1438 1740; x_wconf 93' lang='lat' dir='ltr'><strong>nescio</strong></span> <span class='ocrx_word' id='word_1_139' title='bbox 1476 1684 1738 1757; x_wconf 89' lang='lat' dir='ltr'><strong>quomodo</strong></span> <span class='ocrx_word' id='word_1_140' title='bbox 1776 1684 1908 1739; x_wconf 88' lang='lat' dir='ltr'><strong>alias</strong></span> <span class='ocrx_word' id='word_1_141' title='bbox 1943 1684 2140 1756; x_wconf 87' lang='lat' dir='ltr'><strong>ubique</strong></span> <span class='ocrx_word' id='word_1_142' title='bbox 2180 1683 2378 1739; x_wconf 86' lang='lat' dir='ltr'><strong>formas</strong></span> 
     </span>
     <span class='ocr_line' id='line_1_18' title="bbox 394 1773 2375 1844; baseline -0.003 -12"><span class='ocrx_word' id='word_1_143' title='bbox 394 1775 680 1832; x_wconf 82' lang='lat' dir='ltr'><strong>manifesto</strong></span> <span class='ocrx_word' id='word_1_144' title='bbox 718 1775 938 1828; x_wconf 86' lang='lat' dir='ltr'><strong>vitiosas</strong></span> <span class='ocrx_word' id='word_1_145' title='bbox 976 1775 1031 1827; x_wconf 91' lang='lat' dir='ltr'><strong>in</strong></span> <span class='ocrx_word' id='word_1_146' title='bbox 1071 1795 1182 1835; x_wconf 87' lang='grc' dir='ltr'><em>-εις</em></span> <span class='ocrx_word' id='word_1_147' title='bbox 1223 1774 1494 1828; x_wconf 88' lang='lat' dir='ltr'><strong>revocavit</strong></span> <span class='ocrx_word' id='word_1_148' title='bbox 1532 1773 1596 1826; x_wconf 96' lang='lat' dir='ltr'><strong>ob</strong></span> <span class='ocrx_word' id='word_1_149' title='bbox 1638 1773 1844 1827; x_wconf 88' lang='lat' dir='ltr'><strong>futilem</strong></span> <span class='ocrx_word' id='word_1_150' title='bbox 1869 1814 1884 1835; x_wconf 91' lang='lat'><strong>,</strong></span> <span class='ocrx_word' id='word_1_151' title='bbox 1930 1779 1990 1827; x_wconf 93' lang='lat' dir='ltr'><strong>ut</strong></span> <span class='ocrx_word' id='word_1_152' title='bbox 2023 1774 2243 1844; x_wconf 89' lang='lat' dir='ltr'><strong>opinor,</strong></span> <span class='ocrx_word' id='word_1_153' title='bbox 2285 1790 2375 1827; x_wconf 85' lang='lat' dir='ltr'><strong>au-</strong></span> 
     </span>
     <span class='ocr_line' id='line_1_19' title="bbox 399 1861 2378 1932; baseline -0.003 -11"><span class='ocrx_word' id='word_1_154' title='bbox 399 1867 705 1921; x_wconf 86' lang='lat' dir='ltr'><strong>ctoritatem</strong></span> <span class='ocrx_word' id='word_1_155' title='bbox 739 1862 862 1918; x_wconf 85' lang='lat' dir='ltr'><strong>libri</strong></span> <span class='ocrx_word' id='word_1_156' title='bbox 902 1863 1257 1927; x_wconf 85' lang='lat' dir='ltr'><strong>RavennatiS‚</strong></span> <span class='ocrx_word' id='word_1_157' title='bbox 1299 1861 1440 1916; x_wconf 88' lang='lat' dir='ltr'><strong>unde</strong></span> <span class='ocrx_word' id='word_1_158' title='bbox 1481 1862 1682 1932; x_wconf 88' lang='lat' dir='ltr'><strong>recepit</strong></span> <span class='ocrx_word' id='word_1_159' title='bbox 1720 1863 1956 1930; x_wconf 80' lang='grc' dir='ltr'><em>ῥοφήσεις</em></span> <span class='ocrx_word' id='word_1_160' title='bbox 1996 1861 2226 1915; x_wconf 83' lang='lat' dir='ltr'><strong>Acliarn.</strong></span> <span class='ocrx_word' id='word_1_161' title='bbox 2252 1864 2378 1916; x_wconf 72' lang='lat'><strong>278.</strong></span> 
     </span>
     <span class='ocr_line' id='line_1_20' title="bbox 398 1950 2375 2023; baseline -0.004 -14"><span class='ocrx_word' id='word_1_162' title='bbox 398 1963 458 2009; x_wconf 81' lang='lat' dir='ltr'><strong>et</strong></span> <span class='ocrx_word' id='word_1_163' title='bbox 505 1956 624 2008; x_wconf 90' lang='lat' dir='ltr'><strong>Pac.</strong></span> <span class='ocrx_word' id='word_1_164' title='bbox 668 1955 810 2014; x_wconf 82' lang='lat'><strong>716,</strong></span> <span class='ocrx_word' id='word_1_165' title='bbox 869 1958 923 2005; x_wconf 89' lang='lat' dir='ltr'><strong>et</strong></span> <span class='ocrx_word' id='word_1_166' title='bbox 980 1953 1032 2005; x_wconf 88' lang='lat' dir='ltr'><strong>in</strong></span> <span class='ocrx_word' id='word_1_167' title='bbox 1093 1950 1380 2023; x_wconf 89' lang='lat' dir='ltr'><strong>Equitibus</strong></span> <span class='ocrx_word' id='word_1_168' title='bbox 1415 1953 1542 2005; x_wconf 84' lang='lat'><strong>560.</strong></span> <span class='ocrx_word' id='word_1_169' title='bbox 1602 1951 1919 2019; x_wconf 82' lang='grc' dir='ltr'><em>ἐκροφήσεις.</em></span> <span class='ocrx_word' id='word_1_170' title='bbox 2002 1951 2281 2003; x_wconf 86' lang='lat' dir='ltr'><strong>Praeterea</strong></span> <span class='ocrx_word' id='word_1_171' title='bbox 2322 1950 2375 2002; x_wconf 89' lang='lat' dir='ltr'><strong>in</strong></span> 
     </span>
     <span class='ocr_line' id='line_1_21' title="bbox 401 2036 2379 2115; baseline -0.003 -18"><span class='ocrx_word' id='word_1_172' title='bbox 401 2043 608 2115; x_wconf 89' lang='lat' dir='ltr'><strong>Equitt.</strong></span> <span class='ocrx_word' id='word_1_173' title='bbox 647 2045 774 2095; x_wconf 77' lang='lat'><strong>294.</strong></span> <span class='ocrx_word' id='word_1_174' title='bbox 815 2040 1046 2112; x_wconf 88' lang='lat' dir='ltr'><strong>pessime</strong></span> <span class='ocrx_word' id='word_1_175' title='bbox 1081 2038 1285 2107; x_wconf 63' lang='grc' dir='ltr'><em>γρύζεις</em></span> <span class='ocrx_word' id='word_1_176' title='bbox 1326 2037 1529 2097; x_wconf 82' lang='lat' dir='ltr'><strong>edidit,</strong></span> <span class='ocrx_word' id='word_1_177' title='bbox 1591 2037 1678 2091; x_wconf 89' lang='lat' dir='ltr'><strong>ubi</strong></span> <span class='ocrx_word' id='word_1_178' title='bbox 1720 2037 1848 2091; x_wconf 85' lang='lat' dir='ltr'><strong>Rav.</strong></span> <span class='ocrx_word' id='word_1_179' title='bbox 1889 2037 2090 2105; x_wconf 73' lang='grc' dir='ltr'><em>γρύζεις</em></span> <span class='ocrx_word' id='word_1_180' title='bbox 2132 2036 2379 2102; x_wconf 84' lang='lat' dir='ltr'><strong>dederat,</strong></span> 
     </span>
     <span class='ocr_line' id='line_1_22' title="bbox 401 2125 2378 2197; baseline -0.003 -12"><span class='ocrx_word' id='word_1_181' title='bbox 401 2138 455 2186; x_wconf 91' lang='lat' dir='ltr'><strong>et</strong></span> <span class='ocrx_word' id='word_1_182' title='bbox 499 2134 621 2185; x_wconf 85' lang='lat'><strong>167.</strong></span> <span class='ocrx_word' id='word_1_183' title='bbox 674 2129 979 2192; x_wconf 80' lang='grc' dir='ltr'><em>λαικάσεις,</em></span> <span class='ocrx_word' id='word_1_184' title='bbox 1032 2136 1086 2182; x_wconf 90' lang='lat' dir='ltr'><strong>et</strong></span> <span class='ocrx_word' id='word_1_185' title='bbox 1135 2131 1260 2180; x_wconf 85' lang='lat'>969.</span> <span class='ocrx_word' id='word_1_186' title='bbox 1315 2125 1504 2189; x_wconf 76' lang='grc' dir='ltr'><em>διώξεις</em></span> <span class='ocrx_word' id='word_1_187' title='bbox 1562 2127 1845 2180; x_wconf 88' lang='lat' dir='ltr'><strong>etiterum</strong></span> <span class='ocrx_word' id='word_1_188' title='bbox 1890 2127 1945 2178; x_wconf 91' lang='lat' dir='ltr'><strong>in</strong></span> <span class='ocrx_word' id='word_1_189' title='bbox 2000 2125 2378 2197; x_wconf 85' lang='lat' dir='ltr'><strong>Thesniophor.</strong></span> 
     </span>
     <span class='ocr_line' id='line_1_23' title="bbox 405 2212 2380 2289; baseline -0.003 -17"><span class='ocrx_word' id='word_1_190' title='bbox 405 2222 548 2272; x_wconf 69' lang='lat'>1224</span> <span class='ocrx_word' id='word_1_191' title='bbox 572 2261 586 2282; x_wconf 89' lang='lat'>‚</span> <span class='ocrx_word' id='word_1_192' title='bbox 626 2234 763 2289; x_wconf 87' lang='lat' dir='ltr'><strong>quae</strong></span> <span class='ocrx_word' id='word_1_193' title='bbox 799 2217 976 2271; x_wconf 86' lang='lat' dir='ltr'><strong>omnia</strong></span> <span class='ocrx_word' id='word_1_194' title='bbox 1012 2233 1115 2270; x_wconf 92' lang='lat' dir='ltr'><strong>non</strong></span> <span class='ocrx_word' id='word_1_195' title='bbox 1139 2215 1319 2268; x_wconf 88' lang='lat' dir='ltr'><strong>minus</strong></span> <span class='ocrx_word' id='word_1_196' title='bbox 1354 2215 1542 2268; x_wconf 89' lang='lat' dir='ltr'><strong>vitiosa</strong></span> <span class='ocrx_word' id='word_1_197' title='bbox 1576 2221 1702 2267; x_wconf 87' lang='lat' dir='ltr'><strong>sunt</strong></span> <span class='ocrx_word' id='word_1_198' title='bbox 1724 2230 1882 2283; x_wconf 88' lang='lat' dir='ltr'><strong>quam</strong></span> <span class='ocrx_word' id='word_1_199' title='bbox 1920 2212 2180 2276; x_wconf 73' lang='grc' dir='ltr'><em>ήλιοὲξεις.</em></span> <span class='ocrx_word' id='word_1_200' title='bbox 2225 2234 2380 2280; x_wconf 81' lang='grc' dir='ltr'><em>προσ-</em></span> 
     </span>
     <span class='ocr_line' id='line_1_24' title="bbox 401 2301 2380 2375; baseline -0.003 -14"><span class='ocrx_word' id='word_1_201' title='bbox 401 2306 587 2370; x_wconf 75' lang='grc' dir='ltr'><em>θίξεις,</em></span> <span class='ocrx_word' id='word_1_202' title='bbox 641 2306 784 2375; x_wconf 81' lang='grc' dir='ltr'><em>ᾄσεις</em></span> <span class='ocrx_word' id='word_1_203' title='bbox 840 2310 893 2359; x_wconf 82' lang='lat' dir='ltr'><strong>et</strong></span> <span class='ocrx_word' id='word_1_204' title='bbox 944 2305 1063 2358; x_wconf 87' lang='lat' dir='ltr'><strong>sim.</strong></span> <span class='ocrx_word' id='word_1_205' title='bbox 1157 2303 1283 2357; x_wconf 89' lang='lat' dir='ltr'><strong>Sine</strong></span> <span class='ocrx_word' id='word_1_206' title='bbox 1347 2301 1464 2355; x_wconf 89' lang='lat' dir='ltr'><strong>labe</strong></span> <span class='ocrx_word' id='word_1_207' title='bbox 1512 2302 1679 2356; x_wconf 82' lang='lat' dir='ltr'><strong>evasit</strong></span> <span class='ocrx_word' id='word_1_208' title='bbox 1742 2303 2028 2370; x_wconf 81' lang='grc' dir='ltr'><em>ῥοφήσομαι</em></span> <span class='ocrx_word' id='word_1_209' title='bbox 2086 2301 2137 2353; x_wconf 85' lang='lat' dir='ltr'><strong>in</strong></span> <span class='ocrx_word' id='word_1_210' title='bbox 2193 2301 2380 2373; x_wconf 87' lang='lat' dir='ltr'><strong>Vespis</strong></span> 
     </span>
     <span class='ocr_line' id='line_1_25' title="bbox 401 2398 555 2449; baseline -0.013 0"><span class='ocrx_word' id='word_1_211' title='bbox 401 2398 555 2449; x_wconf 79' lang='lat'>814.·</span> 
     </span>
     <span class='ocr_line' id='line_1_26' title="bbox 703 2479 1898 2548; baseline -0.003 -14"><span class='ocrx_word' id='word_1_212' title='bbox 703 2483 862 2536; x_wconf 72' lang='grc' dir='ltr'><em>αὐτοῦ</em></span> <span class='ocrx_word' id='word_1_213' title='bbox 899 2479 1061 2546; x_wconf 85' lang='grc' dir='ltr'><em>μένων</em></span> <span class='ocrx_word' id='word_1_214' title='bbox 1101 2479 1206 2547; x_wconf 69' lang='grc' dir='ltr'><strong>γαρ</strong></span> <span class='ocrx_word' id='word_1_215' title='bbox 1246 2480 1337 2542; x_wconf 69' lang='grc' dir='ltr'><strong>τὴν</strong></span> <span class='ocrx_word' id='word_1_216' title='bbox 1376 2483 1553 2548; x_wconf 77' lang='grc' dir='ltr'><em>φακῆν</em></span> <span class='ocrx_word' id='word_1_217' title='bbox 1591 2479 1898 2546; x_wconf 77' lang='grc' dir='ltr'><em>ῥοφήσομαι.</em></span> 
     </span>
    </p>

    <p class='ocr_par' dir='ltr' id='par_1_3' title="bbox 401 2563 2436 3694">
     <span class='ocr_line' id='line_1_27' title="bbox 401 2563 2378 2644; baseline -0.003 -18"><span class='ocrx_word' id='word_1_218' title='bbox 401 2571 562 2644; x_wconf 87' lang='lat' dir='ltr'><strong>idque</strong></span> <span class='ocrx_word' id='word_1_219' title='bbox 599 2570 875 2625; x_wconf 88' lang='lat' dir='ltr'><strong>annotavit</strong></span> <span class='ocrx_word' id='word_1_220' title='bbox 918 2567 1169 2622; x_wconf 89' lang='lat' dir='ltr'><strong>Atticista</strong></span> <span class='ocrx_word' id='word_1_221' title='bbox 1217 2568 1396 2620; x_wconf 89' lang='lat' dir='ltr'><strong>nescio</strong></span> <span class='ocrx_word' id='word_1_222' title='bbox 1442 2567 1590 2637; x_wconf 79' lang='lat' dir='ltr'><strong>quiS,</strong></span> <span class='ocrx_word' id='word_1_223' title='bbox 1639 2566 1795 2619; x_wconf 89' lang='lat' dir='ltr'><strong>cuius</strong></span> <span class='ocrx_word' id='word_1_224' title='bbox 1834 2563 2033 2619; x_wconf 84' lang='lat' dir='ltr'><strong>multas</strong></span> <span class='ocrx_word' id='word_1_225' title='bbox 2073 2566 2378 2620; x_wconf 84' lang='lat' dir='ltr'><strong>verissimas</strong></span> 
     </span>
     <span class='ocr_line' id='line_1_28' title="bbox 402 2653 2379 2714; baseline -0.003 -1"><span class='ocrx_word' id='word_1_226' title='bbox 402 2659 796 2714; x_wconf 84' lang='lat' dir='ltr'><strong>observationes</strong></span> <span class='ocrx_word' id='word_1_227' title='bbox 848 2656 913 2711; x_wconf 88' lang='lat' dir='ltr'><strong>de</strong></span> <span class='ocrx_word' id='word_1_228' title='bbox 962 2654 1171 2710; x_wconf 90' lang='lat' dir='ltr'><strong>dicendi</strong></span> <span class='ocrx_word' id='word_1_229' title='bbox 1216 2671 1318 2708; x_wconf 88' lang='lat' dir='ltr'><strong>usu</strong></span> <span class='ocrx_word' id='word_1_230' title='bbox 1368 2654 1668 2708; x_wconf 88' lang='lat' dir='ltr'><strong>Atticorum</strong></span> <span class='ocrx_word' id='word_1_231' title='bbox 1709 2653 1931 2707; x_wconf 87' lang='lat' dir='ltr'><strong>Photius</strong></span> <span class='ocrx_word' id='word_1_232' title='bbox 1971 2654 2026 2706; x_wconf 92' lang='lat' dir='ltr'><strong>in</strong></span> <span class='ocrx_word' id='word_1_233' title='bbox 2070 2653 2248 2708; x_wconf 86' lang='lat' dir='ltr'><strong>Lexici</strong></span> <span class='ocrx_word' id='word_1_234' title='bbox 2297 2656 2379 2708; x_wconf 90' lang='lat' dir='ltr'><strong>sui</strong></span> 
     </span>
     <span class='ocr_line' id='line_1_29' title="bbox 405 2743 2378 2819; baseline -0.003 -16"><span class='ocrx_word' id='word_1_235' title='bbox 405 2748 730 2819; x_wconf 84' lang='lat' dir='ltr'><strong>farraginem</strong></span> <span class='ocrx_word' id='word_1_236' title='bbox 780 2745 1015 2816; x_wconf 80' lang='lat' dir='ltr'><strong>recepit:</strong></span> <span class='ocrx_word' id='word_1_237' title='bbox 1068 2744 1494 2811; x_wconf 73' lang='grc' dir='ltr'><em>Ῥοφήσομαιε</em></span> <span class='ocrx_word' id='word_1_238' title='bbox 1544 2743 1659 2795; x_wconf 74' lang='grc' dir='ltr'><em>άντὶ</em></span> <span class='ocrx_word' id='word_1_239' title='bbox 1710 2746 1798 2796; x_wconf 81' lang='grc' dir='ltr'><em>τοῦ</em></span> <span class='ocrx_word' id='word_1_240' title='bbox 1854 2744 2109 2811; x_wconf 82' lang='grc' dir='ltr'><em>ῥοφήσω</em></span> <span class='ocrx_word' id='word_1_241' title='bbox 2169 2743 2378 2808; x_wconf 71' lang='grc' dir='ltr'><em>λέγουσι</em></span> 
     </span>
     <span class='ocr_line' id='line_1_30' title="bbox 406 2830 2380 2910; baseline -0.003 -20"><span class='ocrx_word' id='word_1_242' title='bbox 406 2838 621 2910; x_wconf 86' lang='lat' dir='ltr'><strong>(nempe</strong></span> <span class='ocrx_word' id='word_1_243' title='bbox 673 2837 715 2889; x_wconf 87' lang='grc' dir='ltr'><em>οἱ</em></span> <span class='ocrx_word' id='word_1_244' title='bbox 753 2831 1022 2904; x_wconf 84' lang='grc' dir='ltr'><em>Ἀττικοί.)</em></span> <span class='ocrx_word' id='word_1_245' title='bbox 1102 2830 1246 2885; x_wconf 87' lang='lat' dir='ltr'><strong>Idem</strong></span> <span class='ocrx_word' id='word_1_246' title='bbox 1303 2830 1427 2884; x_wconf 83' lang='lat' dir='ltr'><strong>alibi</strong></span> <span class='ocrx_word' id='word_1_247' title='bbox 1477 2831 1836 2897; x_wconf 86' lang='grc' dir='ltr'><em>Κλεψούμενος</em></span> <span class='ocrx_word' id='word_1_248' title='bbox 1876 2830 2086 2894; x_wconf 75' lang='grc' dir='ltr'><em>λέγουσι</em></span> <span class='ocrx_word' id='word_1_249' title='bbox 2128 2832 2185 2885; x_wconf 85' lang='grc' dir='ltr'><strong>τὸ</strong></span> <span class='ocrx_word' id='word_1_250' title='bbox 2227 2833 2380 2900; x_wconf 82' lang='grc' dir='ltr'><em>ὑφαι-</em></span> 
     </span>
     <span class='ocr_line' id='line_1_31' title="bbox 407 2917 2381 2994; baseline -0.003 -15"><span class='ocrx_word' id='word_1_251' title='bbox 407 2924 707 2994; x_wconf 81' lang='grc' dir='ltr'><em>ρήσόμενος,</em></span> <span class='ocrx_word' id='word_1_252' title='bbox 751 2921 842 2975; x_wconf 89' lang='lat' dir='ltr'><strong>ubi</strong></span> <span class='ocrx_word' id='word_1_253' title='bbox 881 2920 1200 2989; x_wconf 76' lang='grc' dir='ltr'><em>κλεψόμενος</em></span> <span class='ocrx_word' id='word_1_254' title='bbox 1249 2917 1660 2973; x_wconf 88' lang='lat' dir='ltr'><strong>emendandum.</strong></span> <span class='ocrx_word' id='word_1_255' title='bbox 1738 2917 1994 2972; x_wconf 88' lang='lat' dir='ltr'><strong>Dicebant</strong></span> <span class='ocrx_word' id='word_1_256' title='bbox 2038 2918 2178 2972; x_wconf 87' lang='lat' dir='ltr'><strong>enim</strong></span> <span class='ocrx_word' id='word_1_257' title='bbox 2219 2919 2381 2973; x_wconf 84' lang='lat' dir='ltr'><strong>Athe-</strong></span> 
     </span>
     <span class='ocr_line' id='line_1_32' title="bbox 407 3005 2382 3077; baseline -0.004 -10"><span class='ocrx_word' id='word_1_258' title='bbox 407 3014 622 3068; x_wconf 81' lang='lat' dir='ltr'><strong>nienses</strong></span> <span class='ocrx_word' id='word_1_259' title='bbox 654 3010 919 3077; x_wconf 79' lang='grc' dir='ltr'><em>κλέψομαι</em></span> <span class='ocrx_word' id='word_1_260' title='bbox 955 3025 1057 3062; x_wconf 92' lang='lat' dir='ltr'><strong>non</strong></span> <span class='ocrx_word' id='word_1_261' title='bbox 1092 3008 1302 3076; x_wconf 81' lang='grc' dir='ltr'><em>κλέψω,</em></span> <span class='ocrx_word' id='word_1_262' title='bbox 1346 3014 1407 3061; x_wconf 87' lang='lat' dir='ltr'><strong>ut</strong></span> <span class='ocrx_word' id='word_1_263' title='bbox 1439 3005 1774 3074; x_wconf 74' lang='grc' dir='ltr'><em>ἁρπάσομαι,</em></span> <span class='ocrx_word' id='word_1_264' title='bbox 1813 3005 2193 3073; x_wconf 78' lang='grc' dir='ltr'><em>διαρπάσομαι,</em></span> <span class='ocrx_word' id='word_1_265' title='bbox 2233 3009 2382 3074; x_wconf 82' lang='grc' dir='ltr'><em>άναρ·</em></span> 
     </span>
     <span class='ocr_line' id='line_1_33' title="bbox 407 3094 2384 3165; baseline -0.004 -8"><span class='ocrx_word' id='word_1_266' title='bbox 407 3101 683 3165; x_wconf 82' lang='grc' dir='ltr'><em>πάσομαι,</em></span> <span class='ocrx_word' id='word_1_267' title='bbox 725 3114 825 3150; x_wconf 89' lang='lat' dir='ltr'><strong>non</strong></span> <span class='ocrx_word' id='word_1_268' title='bbox 868 3096 1083 3164; x_wconf 77' lang='grc' dir='ltr'><em>οὶρπάσω</em></span> <span class='ocrx_word' id='word_1_269' title='bbox 1125 3102 1225 3150; x_wconf 84' lang='lat' dir='ltr'><strong>etc.</strong></span> <span class='ocrx_word' id='word_1_270' title='bbox 1308 3094 1514 3148; x_wconf 89' lang='lat' dir='ltr'><strong>Similia</strong></span> <span class='ocrx_word' id='word_1_271' title='bbox 1551 3094 1826 3148; x_wconf 88' lang='lat' dir='ltr'><strong>annotavit</strong></span> <span class='ocrx_word' id='word_1_272' title='bbox 1863 3094 2052 3148; x_wconf 91' lang='lat' dir='ltr'><strong>Moeris</strong></span> <span class='ocrx_word' id='word_1_273' title='bbox 2086 3097 2138 3146; x_wconf 88' lang='lat' dir='ltr'><strong>in</strong></span> <span class='ocrx_word' id='word_1_274' title='bbox 2170 3094 2384 3163; x_wconf 85' lang='grc' dir='ltr'><em>ᾄσεται,</em></span> 
     </span>
     <span class='ocr_line' id='line_1_34' title="bbox 411 3180 2382 3258; baseline -0.005 -14"><span class='ocrx_word' id='word_1_275' title='bbox 411 3191 696 3258; x_wconf 78' lang='grc' dir='ltr'><em>βοήσεται,</em></span> <span class='ocrx_word' id='word_1_276' title='bbox 737 3185 1056 3250; x_wconf 77' lang='grc' dir='ltr'><em>βαδιοῦμαι,</em></span> <span class='ocrx_word' id='word_1_277' title='bbox 1101 3181 1407 3249; x_wconf 75' lang='grc' dir='ltr'><em>θηράσεται,</em></span> <span class='ocrx_word' id='word_1_278' title='bbox 1448 3184 1673 3247; x_wconf 78' lang='grc' dir='ltr'><em>ὀμοῦμαι</em></span> <span class='ocrx_word' id='word_1_279' title='bbox 1699 3223 1713 3242; x_wconf 93' lang='grc'><em>,</em></span> <span class='ocrx_word' id='word_1_280' title='bbox 1771 3181 1861 3235; x_wconf 83' lang='lat' dir='ltr'><strong>sed</strong></span> <span class='ocrx_word' id='word_1_281' title='bbox 1912 3180 2114 3234; x_wconf 81' lang='lat' dir='ltr'><strong>fallitur</strong></span> <span class='ocrx_word' id='word_1_282' title='bbox 2161 3182 2214 3235; x_wconf 88' lang='lat' dir='ltr'><strong>in</strong></span> <span class='ocrx_word' id='word_1_283' title='bbox 2262 3181 2382 3246; x_wconf 77' lang='grc' dir='ltr'><em>άξε-</em></span> 
     </span>
     <span class='ocr_line' id='line_1_35' title="bbox 406 3267 2436 3338; baseline -0.004 -5"><span class='ocrx_word' id='word_1_284' title='bbox 406 3299 498 3333; x_wconf 81' lang='grc' dir='ltr'><strong>ται</strong></span> <span class='ocrx_word' id='word_1_285' title='bbox 522 3273 677 3338; x_wconf 75' lang='grc' dir='ltr'><em>-άξει</em></span> <span class='ocrx_word' id='word_1_286' title='bbox 720 3280 772 3326; x_wconf 84' lang='lat' dir='ltr'><strong>et</strong></span> <span class='ocrx_word' id='word_1_287' title='bbox 811 3269 1331 3338; x_wconf 70' lang='grc' dir='ltr'><em>πράξεται-πράξει.</em></span> <span class='ocrx_word' id='word_1_288' title='bbox 1410 3270 1611 3337; x_wconf 81' lang='grc' dir='ltr'><em>Γρύζειν</em></span> <span class='ocrx_word' id='word_1_289' title='bbox 1645 3269 1839 3323; x_wconf 84' lang='lat' dir='ltr'><strong>habere</strong></span> <span class='ocrx_word' id='word_1_290' title='bbox 1885 3267 2139 3335; x_wconf 72' lang='grc' dir='ltr'><em>γρύξομαι</em></span> <span class='ocrx_word' id='word_1_291' title='bbox 2174 3276 2226 3323; x_wconf 78' lang='lat' dir='ltr'><strong>et</strong></span> <span class='ocrx_word' id='word_1_292' title='bbox 2263 3287 2383 3324; x_wconf 82' lang='lat' dir='ltr'><strong>ana·</strong></span> <span class='ocrx_word' id='word_1_293' title='bbox 2435 3288 2436 3292; x_wconf 74' lang='grc'>’</span> 
     </span>
     <span class='ocr_line' id='line_1_36' title="bbox 412 3352 2436 3437; baseline -0.004 -17"><span class='ocrx_word' id='word_1_294' title='bbox 412 3366 552 3437; x_wconf 80' lang='lat' dir='ltr'><strong>logia</strong></span> <span class='ocrx_word' id='word_1_295' title='bbox 593 3362 745 3417; x_wconf 90' lang='lat' dir='ltr'><strong>docet</strong></span> <span class='ocrx_word' id='word_1_296' title='bbox 783 3367 833 3413; x_wconf 89' lang='lat' dir='ltr'><strong>et</strong></span> <span class='ocrx_word' id='word_1_297' title='bbox 871 3367 1149 3430; x_wconf 81' lang='lat' dir='ltr'><strong>poetarum</strong></span> <span class='ocrx_word' id='word_1_298' title='bbox 1192 3375 1320 3412; x_wconf 90' lang='lat' dir='ltr'><strong>usus</strong></span> <span class='ocrx_word' id='word_1_299' title='bbox 1364 3356 1659 3411; x_wconf 86' lang='lat' dir='ltr'><strong>confirmat.</strong></span> <span class='ocrx_word' id='word_1_300' title='bbox 1740 3355 2196 3422; x_wconf 82' lang='lat' dir='ltr'><strong>Quemadmodum</strong></span> <span class='ocrx_word' id='word_1_301' title='bbox 2239 3359 2380 3411; x_wconf 90' lang='lat' dir='ltr'><strong>enim</strong></span> <span class='ocrx_word' id='word_1_302' title='bbox 2434 3352 2436 3363; x_wconf 58' lang='lat'><strong><em>⁴</em></strong></span> 
     </span>
     <span class='ocr_line' id='line_1_37' title="bbox 412 3442 2435 3519; baseline -0.005 -11"><span class='ocrx_word' id='word_1_303' title='bbox 412 3450 696 3519; x_wconf 76' lang='grc' dir='ltr'><em>οἰμώξομαι</em></span> <span class='ocrx_word' id='word_1_304' title='bbox 751 3447 998 3502; x_wconf 81' lang='lat' dir='ltr'><strong>dicebant</strong></span> <span class='ocrx_word' id='word_1_305' title='bbox 1045 3454 1097 3501; x_wconf 89' lang='lat' dir='ltr'><strong>et</strong></span> <span class='ocrx_word' id='word_1_306' title='bbox 1151 3445 1463 3515; x_wconf 72' lang='grc' dir='ltr'><em>κεκράξομαι</em></span> <span class='ocrx_word' id='word_1_307' title='bbox 1505 3451 1557 3498; x_wconf 86' lang='lat' dir='ltr'><strong>et</strong></span> <span class='ocrx_word' id='word_1_308' title='bbox 1605 3442 1966 3508; x_wconf 73' lang='grc' dir='ltr'><em>κεκλάγξομαι</em></span> <span class='ocrx_word' id='word_1_309' title='bbox 2021 3451 2072 3498; x_wconf 90' lang='lat' dir='ltr'><strong>et</strong></span> <span class='ocrx_word' id='word_1_310' title='bbox 2122 3447 2379 3510; x_wconf 77' lang='grc' dir='ltr'><em>βοήσομαι</em></span> <span class='ocrx_word' id='word_1_311' title='bbox 2433 3472 2435 3490; x_wconf 62' lang='lat'>1</span> 
     </span>
     <span class='ocr_line' id='line_1_38' title="bbox 412 3531 2436 3604; baseline -0.005 -9"><span class='ocrx_word' id='word_1_312' title='bbox 412 3547 466 3595; x_wconf 77' lang='lat' dir='ltr'><strong>et</strong></span> <span class='ocrx_word' id='word_1_313' title='bbox 505 3540 804 3604; x_wconf 80' lang='grc' dir='ltr'><em>λακήσομαι</em></span> <span class='ocrx_word' id='word_1_314' title='bbox 845 3542 897 3590; x_wconf 82' lang='lat' dir='ltr'><strong>et</strong></span> <span class='ocrx_word' id='word_1_315' title='bbox 930 3534 1254 3598; x_wconf 74' lang='grc' dir='ltr'><em>ὀτοτύξεσθαι</em></span> <span class='ocrx_word' id='word_1_316' title='bbox 1298 3533 1475 3600; x_wconf 67' lang='grc' dir='ltr'><em>μακροὶ</em></span> <span class='ocrx_word' id='word_1_317' title='bbox 1526 3533 1592 3586; x_wconf 74' lang='lat' dir='ltr'><strong>inv</strong></span> <span class='ocrx_word' id='word_1_318' title='bbox 1626 3531 1951 3604; x_wconf 80' lang='lat' dir='ltr'><strong>Lysistrata‚</strong></span> <span class='ocrx_word' id='word_1_319' title='bbox 1993 3540 2044 3586; x_wconf 83' lang='lat' dir='ltr'><strong>et</strong></span> <span class='ocrx_word' id='word_1_320' title='bbox 2079 3532 2379 3596; x_wconf 74' lang='grc' dir='ltr'><em>ὀλολύξεται</em></span> <span class='ocrx_word' id='word_1_321' title='bbox 2435 3535 2436 3538; x_wconf 66' lang='grc'>’</span> 
     </span>
     <span class='ocr_line' id='line_1_39' title="bbox 417 3618 2436 3694; baseline -0.005 -12"><span class='ocrx_word' id='word_1_322' title='bbox 417 3631 521 3682; x_wconf 70' lang='grc' dir='ltr'><strong>πᾶν</strong></span> <span class='ocrx_word' id='word_1_323' title='bbox 569 3628 715 3694; x_wconf 77' lang='grc' dir='ltr'><em>δῶμα</em></span> <span class='ocrx_word' id='word_1_324' title='bbox 764 3624 817 3679; x_wconf 90' lang='lat' dir='ltr'><strong>in</strong></span> <span class='ocrx_word' id='word_1_325' title='bbox 865 3623 1136 3694; x_wconf 86' lang='lat' dir='ltr'><strong>Euripidis</strong></span> <span class='ocrx_word' id='word_1_326' title='bbox 1187 3622 1396 3678; x_wconf 83' lang='lat' dir='ltr'><strong>Electra</strong></span> <span class='ocrx_word' id='word_1_327' title='bbox 1432 3625 1572 3684; x_wconf 80' lang='grc'><strong>691,</strong></span> <span class='ocrx_word' id='word_1_328' title='bbox 1625 3621 1699 3675; x_wconf 89' lang='lat' dir='ltr'><strong>sic</strong></span> <span class='ocrx_word' id='word_1_329' title='bbox 1749 3618 2001 3688; x_wconf 71' lang='grc' dir='ltr'><em>γρύξομαι</em></span> <span class='ocrx_word' id='word_1_330' title='bbox 2053 3620 2221 3675; x_wconf 88' lang='lat' dir='ltr'><strong>solum</strong></span> <span class='ocrx_word' id='word_1_331' title='bbox 2268 3627 2379 3675; x_wconf 86' lang='lat' dir='ltr'><strong>erat</strong></span> <span class='ocrx_word' id='word_1_332' title='bbox 2434 3651 2436 3656; x_wconf 21' lang='grc' dir='ltr'><em>π</em></span> 
     </span>
    </p>
   </div>
  </div>
 </body>
</html>
