2436 4068
1045 189 1149 239 575

102 334 153 387 in
202 350 263 388 ca
306 350 365 387 re
409 330 772 403 praetermitti
826 347 930 384 nou
972 348 1142 403 posse.
1224 330 1472 387 Stabiliet
1527 331 1663 386 lianc
1723 331 2082 402 suspicionem

96 420 247 475 locus
302 422 356 474 iu
400 420 598 474 vicinia
654 421 683 489 §
727 423 779 474 9.
820 422 911 489 θεᾷ
959 419 1065 488 γαρ
1103 420 1292 481 αὐτοὺς
1347 418 1474 489 ᾗπερ
1522 420 1640 480 τοὺς
1688 418 1980 487 τραγῳδούς
2021 438 2082 472 τε

96 510 183 563 καὶ
225 509 526 576 κωμῳδούς,
567 522 706 577 quae
749 513 805 561 et
832 506 961 560 alibi
1009 524 1167 579 saepe
1205 508 1496 563 coniuncta
1537 506 1758 563 videbis·
1837 506 2081 560 Praeter·

95 612 158 651 ea
203 611 372 667 quum
422 595 475 648 in
511 592 666 647 libris
703 593 955 648 omuibus
992 594 1207 666 legatur
1238 595 1547 663 ἀνιςάμενον
1585 626 1663 637 —
1699 592 1985 662 βαδίζοντα
2010 623 2082 634 —

90 684 437 738 ἀναπείθοντα
477 689 531 736 et
567 682 670 747 ἐγώ
710 701 786 735 σοι
834 682 1038 736 σύνοιδα
1081 683 1450 756 (quamohrem
1491 683 1741 740 Editores
1781 699 1871 738 eos
1922 684 2081 736 a'ccu·

91 772 291 826 sativos
349 772 404 825 in
460 768 670 823 dativos
729 769 1101 843 mutaverunt)
1160 770 1397 825 alienum
1456 773 1528 826 sit
1582 790 1613 827 a
1660 771 1761 826 loci
1814 769 2082 825 sententia

90 875 281 915 censeo
320 858 587 912 revocatis
622 858 950 912 accusativis
984 858 1087 923 ἐγώ
1128 878 1188 912 σε
1222 855 1339 912 οἶδα
1374 876 1492 914 esse
1540 858 1964 915 rescribendum.

165 945 300 1001 Male
353 953 660 1019 permutata
718 953 844 1000 sunt
902 946 1012 1000 ἀπό
1062 953 1118 1000 et
1172 946 1272 1001 ὑπό
1320 948 1376 1000 in
1419 947 1511 1003 111.
1553 951 1604 1003 8.
1663 948 1717 1001 in
1763 946 1939 1001 verbis
1978 946 2080 1015 ἀφ’

90 1037 310 1098 ἱππικῆς
349 1066 423 1075 -
462 1036 534 1096 εἷς
575 1034 793 1102 ἀπορίαν
833 1036 932 1089 τῶν
981 1035 1280 1096 ἐπιτηδείων
1328 1035 1677 1098 ἐληλυθότας,
1723 1051 1954 1105 namque
1986 1035 2079 1102 ὑφ’

90 1126 308 1185 ἱππικῆς
359 1123 663 1177 necessario
702 1128 786 1176 est
822 1120 1249 1177 rescribendum.
1331 1121 1475 1177 Satis
1516 1130 1727 1178 constat
1769 1138 1942 1193 neque
1986 1119 2080 1175 Co-

91 1210 302 1266 dicibus
342 1210 397 1264 in
435 1227 497 1266 ea
538 1227 596 1266 re
636 1209 933 1282 quidquam
978 1227 1096 1265 esse
1147 1210 1479 1266 credendum
1522 1228 1695 1282 neque
1734 1209 1842 1265 ἀπό
1889 1215 1944 1264 et
1983 1209 2082 1263 ὑπό

89 1299 396 1372 promiscue
434 1299 683 1370 usurpari
720 1315 893 1370 posse.
975 1298 1036 1354 In
1077 1300 1356 1370 superiore
1399 1302 1428 1370 §
1467 1305 1518 1355 ὅ.
1560 1299 1863 1354 rectissime
1900 1296 2083 1353 editur

89 1387 416 1442 ἀπολωλέναι
472 1387 587 1441 ὑπὸ
636 1386 898 1453 γεωργίας
940 1393 994 1442 et
1040 1386 1273 1455 ἀφθόνως
1323 1387 1505 1442 πάντα
1553 1387 1776 1456 ἔχοντας
1820 1386 1942 1441 ἀπὸ
1987 1392 2080 1449 τῆς

88 1476 365 1544 γεωργίας.
446 1474 649 1547 Nempe
699 1475 954 1546 quoniam
995 1474 1199 1530 dicitur
1252 1476 1487 1545 γεωργία
1540 1478 1697 1532 αὐτὸν
1748 1477 2080 1530 ἀπολώλεκεν

87 1571 143 1620 et
178 1566 367 1628 ἱππικὴ
402 1565 559 1618 αὐτὸν
598 1565 670 1625 εἰς
702 1563 921 1631 ἀπορίαν
967 1564 1287 1630 κατέςησεν,
1324 1566 1675 1636 consequitur
1714 1563 1847 1619 dici·
1870 1564 2081 1636 passive

91 1659 338 1726 oportere
376 1652 472 1706 ὑπὸ
505 1652 767 1721 γεωργίας
809 1651 1085 1708 ἀπόλωλεν
1120 1660 1174 1708 et
1210 1655 1300 1723 ὑφ’
1335 1656 1554 1718 ἱππικῆς
1595 1656 1666 1715 εἷς
1701 1653 1919 1722 ἀπορίαν
1957 1654 2081 1718 ἐλή-

88 1744 271 1806 λυθεν,
310 1747 365 1796 et
407 1739 662 1795 similiter
698 1741 752 1795 in
789 1739 1059 1795 similibus
1099 1741 1367 1798 omnibus,

166 1830 227 1885 lu
286 1828 660 1884 Demosthenis
714 1827 948 1883 Midiaua
997 1846 1048 1901 p.
1088 1832 1232 1893 576,
1281 1837 1327 1884 1.
1388 1846 1556 1902 quum
1613 1829 1739 1885 olim
1795 1845 2079 1902 perperam

91 1918 362 1990 legeretur
406 1919 634 1979 ἀναιδεῖς
678 1917 767 1972 καὶ
816 1916 875 1981 ἐξ
920 1919 1057 1984 ὑμῶν
1107 1919 1540 1982 πεπλουτηκότας
1591 1917 1748 1975 hodie
1785 1934 1848 1973 ex
1889 1916 2080 1973 Codice

90 2110 216 2148 vera
257 2101 356 2149 est.
437 2091 794 2148 Scribendum
836 2100 917 2149 est
956 2094 1044 2149 καὶ
1086 2097 1187 2164 ἀφ’
1236 2097 1374 2162 ὑμῶν
1406 2096 1874 2160 πεπλουτηκότας,
1929 2112 2078 2150 nam-

89 2198 192 2254 que
229 2189 284 2237 et
324 2182 464 2236 ratio
503 2188 555 2237 et
600 2197 732 2236 usus
775 2180 1149 2245 demonstrant
1190 2191 1433 2240 πλουτεῖν
1470 2184 1580 2239 ἀπό
1617 2204 1783 2248 τινος,
1836 2189 2079 2239 πλουτεῖν

87 2271 194 2327 ἀπὸ
233 2275 323 2327 τοῦ
361 2272 522 2336 δήμου
576 2270 883 2342 similiaque
938 2270 1064 2327 dici.
1146 2280 1377 2328 Πλουτεῖ
1411 2272 1508 2328 ὑπὸ
1548 2277 1637 2327 τοῦ
1676 2273 1836 2338 δήμου
1877 2271 2078 2327 Graece

85 2359 169 2414 sic
222 2358 331 2415 dici
385 2366 559 2432 potest
613 2367 673 2415 ut
723 2359 994 2431 significet
1040 2361 1063 2415 ὃ
1119 2361 1276 2427 δῆμος
1331 2362 1489 2417 αὐτὸν
1544 2361 1929 2424 πεπλούτικεν,
1984 2359 2078 2416 sed

87 2455 213 2503 noto
255 2463 358 2503 usu
395 2450 501 2503 ἀπὸ
540 2452 630 2503 τοῦ
666 2449 827 2514 δήμου
862 2455 1104 2504 πλουτεῖν
1145 2448 1405 2505 dicuntur
1443 2452 1487 2505 οἱ
1527 2450 1599 2505 τοὶ
1639 2449 1784 2504 κοινὰ
1825 2448 2076 2518 κεκλοφό·

83 2556 199 2601 τες,
230 2535 614 2608 depeculatores
652 2538 863 2592 aerarii.
923 2539 1274 2615 Comparasse
1314 2537 1521 2593 iuvabit
1558 2535 1974 2593 Demosthenem
2018 2538 2074 2592 in

90 2624 427 2680 Timocraten
480 2628 508 2695 §
554 2629 691 2682 124:
747 2627 790 2680 οἱ
843 2627 1042 2695 ῥήτορες
1099 2629 1188 2682 οὐκ
1227 2629 1509 2693 ἀγαπῶσιν
1549 2626 1606 2680 ἐκ
1646 2625 1875 2688 πενήτων
1917 2625 2074 2680 πλού·

89 2732 184 2767 σιοι
223 2713 330 2767 ἀπὸ
369 2720 463 2776 τῆς
503 2713 700 2776 πόλεως
734 2713 1051 2781 γιγνόμενοι.

162 2800 222 2855 lu
264 2800 332 2855 iis
370 2817 508 2872 quae
554 2803 742 2857 statim
783 2801 927 2875 apud
970 2802 1379 2875 Xenophontem
1421 2808 1724 2875 sequuntur
1776 2800 1936 2856 verba
1987 2801 2074 2857 διὰ

85 2889 177 2951 τὴν
214 2889 432 2953 ἱππικήν
475 2889 795 2964 interpolata
835 2897 981 2946 sunt.
1064 2890 1145 2946 Ad
1179 2892 1273 2962 ὑφ’
1313 2895 1530 2955 ἱππικῆς
1574 2889 1738 2966 (quod
1779 2906 1927 2945 more
1972 2890 2073 2946 Ve-

88 2982 264 3032 terum
319 2979 619 3034 sententiae
667 2977 954 3034 bimembri
994 2979 1112 3041 τοὺς
1151 2981 1249 3047 μὲν
1284 3013 1358 3021 -
1397 2979 1515 3040 τοὺς
1551 2978 1602 3034 δέ
1643 2979 1722 3034 sic
1773 2978 2072 3051 praemitti·

88 3070 181 3120 tur
221 3072 279 3120 ut
317 3064 383 3120 ad
428 3074 712 3139 utramque
754 3075 960 3139 partem
1004 3067 1304 3139 aequaliter
1352 3068 1424 3122 sit
1463 3065 1828 3140 referendum)
1871 3065 2073 3121 adscri-

88 3153 196 3225 psit
235 3154 414 3208 nescio
459 3155 581 3227 quis
620 3155 704 3210 διὰ
743 3158 837 3220 τὴν
875 3158 1127 3220 ἱππικήν,
1163 3154 1323 3227 idque
1361 3154 1428 3211 de
1468 3171 1616 3211 more
1658 3155 1951 3210 oscitanter
1993 3171 2071 3210 re·

88 3246 302 3312 ceptum
343 3249 427 3297 est
467 3243 520 3296 in
565 3250 791 3299 textum.

166 3328 415 3385 Correcto
465 3338 693 3388 accentu
729 3331 817 3387 lv,
860 3337 911 3387 6.
967 3348 1062 3405 pro
1116 3332 1442 3401 Φύλακας
1498 3333 1549 3386 ἐν
1588 3337 1706 3392 ταῖς
1760 3327 2068 3397 ἀκροπόλεσι

92 3415 267 3485 τρέφει
322 3418 663 3475 scribendum
718 3428 799 3476 est
852 3419 1123 3490 φυλακάς.
1226 3421 1470 3475 Φυλακαί
1527 3421 1670 3473 enim
1736 3416 2074 3488 appellantur

86 3504 348 3574 praesidia
394 3505 600 3579 oppidis
638 3508 883 3581 imposita
927 3516 978 3565 et
1018 3511 1069 3565 iu
1111 3527 1235 3565 arce
1274 3508 1567 3571 collocata,
1606 3505 1939 3578 praesidiarii
1980 3507 2072 3559 mi·
