2436 4068
1342 167 1445 216 742

400 337 495 377 τας
552 313 623 378 ἐξ
675 313 837 367 ἴσου.
917 310 1057 362 Haec
1095 310 1237 362 enim
1291 318 1371 364 est
1423 312 1656 378 ἰσηγορία
1716 310 1910 365 liberae
1961 312 2191 366 civitatis
2245 312 2366 369 ὅταν

398 408 554 459 πᾶσιν
598 401 664 464 ἐξ
704 401 844 454 ἴσου
884 397 1059 461 λέγειν
1105 396 1211 465 ἐξῇ.

471 492 531 545 In
577 488 757 543 eadem
803 489 831 555 §
876 485 1036 539 etiam
1095 484 1248 555 plura
1290 486 1476 539 insunt
1518 487 1672 539 vitia:
1717 487 1769 538 in
1806 486 1981 540 verbis
2031 489 2075 541 εἷ
2116 488 2208 552 μὲν
2261 491 2364 556 γὰρ

391 579 571 647 χρηςοὶ
612 577 789 639 ἔλεγον
829 573 915 626 καὶ
957 573 1284 638 ἐβουλεύοντο
1325 582 1430 634 τοῖς
1470 575 1651 639 ὁμοίοις
1693 576 1870 641 σφίσιν
1911 577 2086 634 αὐτοῖς
2129 571 2183 635 ἦν
2225 577 2364 639 άγαω
2426 643 2429 647 .

395 666 473 721 θά.
535 665 767 736 primum
826 660 987 732 probo
1047 660 1176 713 Mori
1231 662 1594 716 coniecturam
1649 663 1918 728 ἐβούλευον
1975 680 2070 733 pro
2125 664 2365 728 ἐβουλεύ-
2427 672 2429 730 j

394 774 501 808 οντο
541 750 883 822 reponentiS‚
935 765 1070 819 quae
1110 749 1460 802 confirmatur
1499 757 1552 804 et
1596 750 1662 803 iis
1699 767 1834 821 quae
1879 750 2235 822 praecedunt:
2293 754 2366 818 μὴ
2428 795 2429 803 ,

394 846 484 897 ε’ἔιν
533 840 705 905 λέγειν
760 839 891 903 μηδὲ
944 837 1341 903 βουλεύειν,
1386 844 1437 892 et
1480 838 1545 890 iis
1596 855 1730 908 quae
1771 846 2102 908 sequuntur:
2156 842 2245 893 οὐκ
2285 839 2367 892 ἐά-

395 951 533 984 σουσι
574 927 904 994 μαινομένους
944 926 1225 993 ἀνθρώπους
1263 926 1629 991 βουλεύειν
1667 926 1775 980 οὐδὲ
1815 926 2007 991 λέγειν.
2087 928 2366 982 Praeterea

394 1017 682 1088 Xenophon
739 1032 840 1068 non
885 1031 1041 1084 aegre
1081 1013 1284 1068 ferebat
1337 1014 1641 1068 istiusmodi
1697 1014 1939 1068 homines
1993 1016 2367 1081 βουλεύεσθαι,

394 1107 485 1161 sed
525 1104 916 1170 συμβουλεύειν.
997 1103 1143 1156 Duae
1200 1101 1469 1156 litterulae
1520 1111 1618 1157 TO
1675 1102 1811 1157 male
1859 1102 2248 1168 adhaeserunt,
2306 1110 2364 1157 ut

391 1194 687 1249 sexcenties
744 1191 907 1256 alibi,
960 1208 1024 1245 ex
1079 1208 1155 1262 sq.
1212 1190 1442 1244 articulo
1495 1199 1686 1246 ΤΟΙΣ.
1776 1192 2056 1246 Praeterea
2113 1192 2363 1246 vitiosum

391 1298 506 1336 esse
558 1279 612 1344 ἧν
667 1280 848 1345 οὶγαθα
889 1278 1122 1332 ostendit
1177 1280 1357 1348 σφίσιν
1396 1283 1570 1341 αὐτοῖς
1622 1279 1721 1333 sibi
1770 1279 1928 1350 ipsis,
1989 1278 2127 1350 quod
2170 1279 2368 1334 indicio

391 1376 473 1424 est
511 1368 731 1436 ἐπόριζον
770 1366 834 1420 άν
874 1366 953 1420 vel
993 1367 1372 1435 παρεσκεύαζον
1414 1366 1476 1421 άν
1518 1366 1598 1421 vel
1638 1366 1918 1434 ἐξεύρισκον
1958 1366 2023 1421 ἄν
2078 1367 2159 1441 (ut
2203 1368 2254 1420 in
2292 1370 2368 1422 vi-

391 1459 510 1512 cino
548 1458 662 1510 loco
703 1454 996 1527 simillimo)
1042 1455 1122 1508 vel
1165 1455 1472 1509 huiusmodi
1513 1455 1643 1527 quid
1679 1455 1803 1508 olim
1865 1456 2126 1526 seriptum
2182 1455 2399 1512 suisse.·

390 1547 525 1600 Tum
577 1560 821 1615 expunge
872 1543 1039 1608 λέγων
1098 1544 1151 1595 in
1203 1544 1411 1597 verbis:
1469 1550 1552 1598 νῦν
1592 1544 1644 1597 δὲ
1693 1543 1906 1615 [λέγων]
1967 1544 1990 1596 ὃ
2048 1543 2360 1610 βουλόμενος
2434 1559 2436 1606 j

388 1635 631 1694 άναςας
686 1632 938 1699 ἄνθρωπος
995 1632 1198 1698 πονηρὸς
1243 1631 1517 1699 ἐξευρίσκει
1566 1633 1797 1698 τάγαθὸν
1849 1633 1986 1699 αὑτῷ
2029 1653 2087 1686 τε
2128 1635 2215 1687 καὶ
2257 1640 2362 1693 τοῖς

389 1723 572 1787 ὁμοίοις
612 1723 789 1788 αὐτῷ,
845 1718 984 1790 quod
1038 1719 1235 1773 sciolus
1275 1719 1339 1774 de
1382 1737 1478 1774 suo
1529 1720 1734 1774 addidit
1775 1720 1942 1774 multo
2000 1720 2191 1774 melius
2246 1737 2365 1791 par·
2434 1727 2436 1774 i

391 1811 572 1880 ticipio
611 1808 813 1869 οέναςάς
853 1808 1218 1878 significatum
1271 1816 1402 1863 erat.

462 1896 718 1952 Confusae
759 1904 885 1950 sunt
927 1898 1343 1968 praepositiones
1385 1914 1522 1967 quae
1561 1897 1827 1961 assolent,
1867 1897 1906 1951 1.
1946 1900 2005 1950 9:
2066 1899 2194 1951 ἀπὸ
2252 1898 2364 1952 τού·
2404 1918 2407 1922 ·

387 2009 483 2041 των
521 1987 682 2040 τοίνυν
717 1991 813 2039 τῶν
850 1987 1060 2050 άγαθῶν
1099 1986 1282 2052 τάχις’
1321 1984 1384 2039 ἂν
1419 1987 1441 2038 ὁ
1477 1987 1632 2051 δῆμος
1675 1988 1743 2046 εἷς
1785 1987 2015 2040 δουλείαν
2055 1986 2362 2040 καταπέσοι.

389 2077 622 2147 Apparet
663 2073 1064 2144 Xenophontem
1108 2073 1204 2128 hoc
1247 2074 1457 2128 dicere:
1511 2079 1686 2128 ταῦτα
1720 2074 1881 2128 τοίνυν
1923 2075 2139 2139 τάγαθα
2178 2074 2362 2142 τάχις·’

389 2163 451 2217 ἂν
491 2164 574 2218 τὸν
616 2165 770 2228 δῆμον
824 2163 895 2222 εἷς
955 2163 1186 2216 δουλείαν
1246 2164 1598 2226 καταςήσειε,
1655 2161 1735 2216 vel
1791 2162 2126 2228 καταβάλοι,
2186 2164 2364 2234 itaque

390 2253 592 2323 passiva
640 2250 806 2303 forma
846 2251 923 2304 sic
959 2250 1243 2304 dicendum
1289 2258 1400 2305 est:
1445 2252 1557 2305 ὑπὸ
1597 2251 1786 2305 τούτων
1820 2253 1981 2306 τοίνυν
2018 2258 2114 2306 τῶν
2154 2252 2362 2316 οέγαθῶν
2411 2286 2416 2314 ;

388 2340 572 2407 τάχις’
613 2339 677 2393 ἂν
717 2371 791 2379 ——
829 2341 899 2399 εἷς
941 2339 1171 2392 δουλείαν
1219 2339 1623 2393 καταπέσοι.

464 2429 524 2482 In
582 2431 611 2498 ᾗ
661 2432 742 2481 10.
799 2427 976 2482 verbis
1033 2427 1370 2498 transpositis
1420 2435 1471 2481 et
1524 2428 1723 2482 inserto
1778 2427 1843 2482 de
1882 2429 2015 2482 Mori
2055 2429 2362 2482 coniectura
2415 2451 2417 2454 ⁴

386 2518 700 2589 'pronomine
750 2537 826 2577 τις
889 2516 967 2570 sic
1022 2515 1360 2569 scribendum
1419 2532 1533 2570 esse
1579 2532 1799 2570 censeo:
1862 2515 2116 2576 πολλάκις
2166 2515 2228 2569 ἄν
2282 2537 2360 2576 τις

388 2607 561 2668 οἰηθεὶς
614 2606 786 2659 δοῦλον
845 2601 974 2658 εἶναι
1028 2605 1113 2658 τὸν
1154 2605 1416 2666 Ἀθηναῖον
1458 2603 1720 2667 ἐπάταξεν
1776 2602 1855 2657 ἄν.
1937 2605 1995 2658 In
2043 2604 2195 2658 libris
2244 2611 2358 2659 est:

390 2694 645 2754 πολλάκις
686 2694 748 2748 ἂν
788 2693 964 2754 οἰηθεὶς
1003 2690 1130 2746 εἶναι
1166 2693 1251 2746 τὸν
1289 2696 1549 2755 Ἀθηναῖον
1589 2693 1777 2746 δοῦλον.

465 2783 524 2836 In
571 2785 598 2853 §
648 2786 732 2835 15.
787 2781 1067 2835 lectionem
1112 2780 1296 2835 multis
1337 2780 1609 2835 erroribus
1661 2780 1971 2852 impeditam
2030 2782 2108 2835 sio
2165 2782 2358 2835 consti·
2413 2763 2415 2767 Α

386 2873 613 2927 tuerim:
654 2872 769 2931 τοὺς
807 2871 859 2924 δὲ
896 2870 1309 2938 γυμναζομένους
1351 2871 1437 2924 καὶ
1479 2871 1634 2931 τοὺς
1675 2871 1916 2935 μουσικὴν
1963 2871 2354 2932 ἐπιτηδεύοντας

388 2959 745 3016 καταλέλυκεν
786 2959 808 3011 ὅ
848 2959 1033 3023 δῆμος,
1074 2961 1139 3012 οὐ
1182 2958 1394 3026 νομίζων
1426 2963 1572 3013 τοῦτο
1613 2961 1667 3013 οὐ
1715 2960 1873 3013 καλὸν
1915 2955 2072 3023 εἶναι,
2113 2959 2263 3023 γνοὺς
2305 2959 2356 3012 δὲ

388 3049 463 3104 ὅτι
504 3051 558 3102 οὐ
599 3046 809 3106 δυνατός
854 3049 957 3104 ἐςιν
995 3048 1148 3108 αὐτὸς
1190 3051 1364 3102 ταῦτα
1420 3047 1748 3110 ἐπιτηδεύειν.
1830 3047 2055 3101 Editur:
2109 3047 2195 3100 καὶ
2238 3048 2356 3109 τὴν
2404 3046 2413 3108 ‘ss'

389 3138 669 3204 μουσικήν,
725 3133 815 3188 sed
857 3135 982 3208 quia
1023 3134 1219 3189 diversi
1260 3142 1386 3189 sunt
1433 3138 1475 3189 οἱ
1515 3136 1891 3203 γυμναζόμενοι
1939 3142 1991 3188 et
2032 3136 2073 3187 οἱ
2113 3136 2357 3199 μουσικὴν
2408 3135 2413 3139 ’

389 3226 765 3288 ἐπιτηδεύοντες
809 3229 1014 3277 certum
1053 3231 1134 3277 est
1174 3225 1461 3278 articulum
1507 3226 1622 3285 τούς
1664 3224 1830 3294 repeti
1881 3230 2137 3294 oportere.
2217 3232 2355 3277 Μου-

387 3316 502 3381 σική
544 3319 666 3367 noto
707 3330 811 3366 usu
844 3313 958 3366 sine
997 3311 1223 3366 articulo
1270 3315 1520 3383 ponitur:
1581 3315 1634 3367 οὐ
1677 3319 1729 3366 et
1769 3312 1820 3366 δέ
1863 3313 1967 3365 iam
2012 3312 2101 3366 alii
2142 3311 2357 3366 addide-

389 3410 548 3457 runt:
606 3402 659 3453 in
703 3400 806 3455 fine
847 3400 1061 3471 vulgata
1098 3399 1256 3454 lectio
1296 3411 1374 3455 est
1417 3418 1576 3455 sensu
1617 3417 1814 3455 vacua:
1869 3403 2020 3466 γνοὺς
2061 3398 2135 3455 ὅτι
2182 3403 2234 3455 οὐ
2274 3401 2353 3454 δυ-

391 3492 526 3546 νατοὶ
563 3488 738 3543 ταῦτά
776 3490 879 3545 ἐςιν
920 3489 1247 3551 ἐπιτηδεύειν.

414 3602 417 3604 ·
484 3578 759 3633 Manifesto
814 3578 1122 3634 mendosum
1180 3586 1258 3633 est
1310 3581 1350 3632 οἱ
1407 3578 1606 3646 ἰσχυροί
1651 3579 1699 3632 in
1761 3581 1788 3647 ᾗ
1838 3582 1925 3632 14:
1984 3580 2349 3643 γιγνώσκοντες
