2436 4068
1299 208 1405 259 678

361 353 813 423 διαπεπραγμένος
854 353 896 405 εἶ
936 350 1185 405 άπέκτονέ
1225 372 1322 416 με,
1363 348 1437 404 ἔτι
1487 352 1640 405 αὐτὸν
1681 356 1779 406 τῶν
1832 353 2061 418 μεγίςων
2096 353 2191 408 ὑπὸ
2231 362 2323 417 τῆς

359 443 557 504 πόλεως
597 445 711 509 ὀρῶν
743 438 1038 505 ἀξιούμενον
1071 440 1159 492 οὐκ
1195 437 1325 507 ἔφην
1368 446 1554 505 χρῆναι
1594 440 1679 494 τὸν
1723 441 1823 494 υἱὸν
1864 441 2013 508 περὶ
2067 443 2323 508 βύρσας

356 530 717 586 παιδεύειν.
763 526 923 580 Vides
952 527 1216 598 Anytum,
1255 526 1570 595 βυρσοδέψου
1606 526 1807 590 filium,
1850 534 2128 598 paternum
2167 546 2325 600 quae-

354 626 498 674 stum
553 617 790 688 opimum
842 631 944 668 non
992 615 1353 668 intermittere
1394 614 1485 668 sed
1539 614 1604 668 ad
1659 613 1934 668 sordidum
1989 615 2134 669 istud
2177 616 2324 688 opifi-

354 710 497 762 cium
559 705 728 758 filium
782 703 1066 756 instituere
1119 718 1297 756 suuni.
1392 701 1516 755 Veri
1568 701 1903 755 simillimum
1957 709 2036 756 est
2088 704 2326 776 Anytum

355 794 543 851 multis
582 790 786 845 divitiis
822 807 915 862 per
949 789 1167 843 exilium
1205 789 1487 860 spoliatum
1535 789 1756 863 (πολλῶν
1787 790 2163 857 άπεςερημένον
2202 812 2328 860 χρη-

353 881 573 949 μάτων,
613 885 749 933 teste
786 878 1020 932 Isocrate
1064 878 1097 931 l.
1141 894 1304 948 supra
1345 877 1401 950 l.)
1444 877 1696 932 afflictam
1731 894 1844 931 rem
1890 877 2206 932 familiarem
2246 895 2328 932 eo-

353 969 473 1024 dem
517 977 776 1039 quaestu,
817 983 921 1038 qno
961 965 1084 1019 olim
1130 981 1350 1035 magnas
1404 981 1528 1036 opes
1583 972 1733 1037 pater
1789 965 2121 1035 collegisset,
2167 967 2329 1020 resti-

351 1065 505 1111 tuere
546 1055 798 1126 coepisse.
881 1053 1128 1108 Socrates
1169 1060 1220 1106 et
1262 1059 1470 1124 patrem
1520 1052 1586 1106 ab
1639 1053 1742 1106 isto
1789 1053 2000 1124 opificio
2050 1070 2327 1108 revocasse

352 1144 569 1199 videtur
622 1149 676 1197 et
725 1159 848 1196 cum
891 1141 1052 1214 Anyti
1096 1140 1203 1193 filio
1256 1141 1334 1194 sic
1388 1141 1562 1209 egisse
1617 1148 1676 1194 ut
1728 1157 1849 1194 eum
1903 1140 1968 1194 ad
2028 1140 2328 1196 liberaliora

355 1231 535 1286 studia
575 1230 827 1284 idoneum
867 1245 983 1283 esse
1033 1227 1314 1282 iudicaret.
1396 1229 1532 1282 Hinc
1580 1228 1744 1301 Anyti
1787 1229 1927 1282 irae:
1969 1227 2094 1282 hinc
2135 1230 2183 1283 ei
2238 1229 2328 1283 So-

356 1326 532 1374 crates
579 1317 876 1372 iuventutis
916 1324 1233 1387 corruptor,
1276 1316 1367 1386 qui
1417 1317 1522 1369 nisi
1563 1315 1626 1371 de
1668 1315 1842 1370 medio
1882 1315 2045 1370 suerit
2085 1316 2328 1371 sublatus

356 1407 422 1462 de
464 1406 746 1477 disciplina
805 1411 857 1459 ct
905 1405 1145 1458 moribus
1203 1405 1500 1458 iuventutis
1558 1411 1737 1458 actum
1794 1421 1909 1458 esse
1963 1403 2222 1458 fremebat
2273 1405 2326 1458 in

355 1495 592 1550 Platonis
633 1493 848 1564 Apolog.
903 1509 955 1563 p.
994 1496 1078 1545 17.
1121 1492 1180 1545 A.
1243 1493 1317 1546 Dc
1357 1509 1453 1545 suo
1494 1493 1663 1563 ipsius
1707 1492 1812 1545 silio
1854 1491 2078 1546 debebat
2117 1491 2327 1547 dicere:

356 1583 507 1649 οὑμὸς
563 1583 665 1642 υἱὸς
724 1581 1030 1643 ἐπιτηδεύων
1071 1576 1107 1633 ἃ
1160 1579 1435 1648 Σωκράτης
1478 1580 1701 1634 διδάσκει
1755 1579 2067 1635 παντάπασι
2108 1581 2329 1649 διαφθα-

356 1674 599 1740 ρήσεται,
639 1669 729 1724 sed
786 1669 1062 1723 honestius
1103 1675 1155 1722 et
1197 1669 1488 1738 speciosius
1542 1668 1606 1722 de
1659 1675 1771 1722 tota
1819 1670 2098 1722 iuventute
2151 1668 2328 1723 dicere

351 1758 561 1814 maluit.
641 1758 751 1811 Hoc
791 1773 1000 1829 quoque
1044 1757 1250 1810 crimen
1282 1757 1334 1809 in
1371 1757 1698 1810 accusatoris
1739 1763 1902 1828 caput
1944 1755 2170 1811 recidit:
2214 1757 2328 1827 ipse

357 1846 527 1901 filium
567 1848 777 1918 Anytus
829 1845 1139 1915 depravavit
1180 1851 1226 1898 et
1288 1844 1536 1916 perdidit.
1619 1843 1767 1910 Quod
1809 1845 2116 1898 moriturus>
2144 1844 2326 1898 Socra-

354 1942 436 1989 tes
477 1941 593 1989 erat
635 1933 990 1987 vaticinatus:
1046 1933 1185 2001 φημὶ
1248 1935 1404 1988 αὐτὸν
1445 1933 1530 1987 ἐπὶ
1573 1941 1637 2002 τῇ
1679 1934 2020 1999 δουλοπρεπεῖ
2052 1933 2328 2002 διατριβῇ,

355 2022 411 2086 ἣν
453 2023 475 2076 ὂ
515 2023 685 2089 πατηρ
722 2023 862 2088 αὐτῷ
905 2021 1288 2088 παρεσκεύακεν
1313 2063 1325 2084 ,
1381 2024 1434 2075 ού
1490 2023 1778 2087 διαμενεῖν,
1818 2052 1894 2060 —
1932 2022 2326 2088 προσπεσεῖσθαι

353 2111 405 2166 δέ
445 2132 540 2166 τινι
582 2112 778 2180 αἰσχρᾷ
805 2110 1048 2179 ἐπιθυμία
1077 2109 1164 2163 καὶ
1207 2110 1556 2177 προβήσεσθαι
1598 2111 1771 2175 μέντοι
1812 2109 1970 2176 πόρρω
2010 2110 2328 2177 μοχθηρίας,

352 2197 718 2270 comprobavit
775 2205 1014 2251 eventus
1097 2198 1429 2268 Turpissimo
1481 2198 1647 2262 vitio,
1702 2197 2079 2261 temulentiae,
2138 2213 2195 2251 se
2242 2196 2329 2251 de·

350 2286 521 2340 didit:
574 2287 690 2341 οὔτε
732 2286 907 2345 νυκτὸς
942 2285 1058 2338 οὔτε
1099 2286 1290 2351 ἡμέρας
1328 2286 1550 2339 ἐπαύετο
1595 2286 1748 2339 πίνων
1789 2285 1875 2339 καὶ
1912 2285 2058 2346 τέλος
2098 2285 2214 2340 οὔτε
2257 2293 2321 2354 τῇ

351 2377 533 2429 ἑαυτοῦ
576 2375 724 2428 πόλει
765 2373 881 2427 οὔτε
921 2381 1026 2434 τοῖς
1062 2374 1233 2441 φίλοις
1289 2372 1405 2427 οὔτε
1460 2373 1599 2440 αὑτῷ
1658 2372 1799 2436 ἄξιος
1858 2374 2048 2433 οὐδενὸς
2098 2373 2320 2438 ἐγένετο.

349 2462 715 2534 Xenophontis
747 2461 878 2516 haec
913 2461 1072 2515 verba
1110 2468 1234 2514 sunt
1275 2462 1328 2514 in
1371 2460 1624 2531 Apologia
1670 2463 1698 2530 §
1735 2465 1823 2516 50.
1865 2478 1975 2531 sq.,
2015 2477 2175 2532 quam
2217 2461 2321 2514 Me-

352 2551 692 2606 morabilium
731 2549 937 2621 partem
979 2549 1223 2603 ultimam
1261 2566 1374 2603 esse
1417 2547 1593 2603 Geelio
1631 2565 1848 2619 prorsus
1889 2549 2168 2603 assentior.
2223 2549 2323 2602 Xe-

352 2639 563 2710 nophon
604 2640 771 2708 igitur
809 2637 1168 2691 Memorabilia
1206 2638 1284 2692 sic
1327 2636 1628 2701 concludit,
1671 2643 1728 2690 ut
1766 2637 1927 2709 Anyti
1963 2637 2322 2708 potentissimi

354 2727 684 2781 accusatoris
739 2726 879 2780 vitae
939 2727 1141 2781 exitum
1195 2743 1316 2780 cum
1363 2725 1598 2779 Socratis
1654 2723 1890 2777 damnati
1947 2732 2000 2779 et
2054 2724 2322 2778 interfecti

354 2822 497 2868 sorte
538 2821 835 2884 componat.
908 2817 1127 2874 ’Ἄνυτος
1167 2815 1262 2879 μὲν
1303 2814 1391 2877 δη,
1448 2813 1652 2883 inquit,
1706 2812 1790 2866 δια
1829 2812 1919 2873 την
1958 2817 2046 2866 τοῦ
2089 2815 2194 2866 υἱοῦ
2235 2833 2322 2867 πο·

355 2902 504 2969 νηραν
546 2903 782 2956 παιδείαν
821 2902 906 2956 καὶ
948 2903 1043 2957 διοῖ
1072 2904 1161 2964 την
1214 2905 1373 2955 αὐτοῦ
1414 2902 1781 2967 ἀγνωμοσύνην
1835 2899 1934 2955 ἔτι
1986 2900 2096 2954 καὶ
2142 2922 2324 2955 τετε-

356 2990 693 3051 λευτηκὼς
740 2990 1013 3058 ’τυγχάνει
1074 2990 1390 3053 κακοδοξίας.
1481 2990 1563 3043 ΕΧ
1611 2988 1695 3042 his
1751 2975 2086 3059 potissimum
2148 2988 2324 3042 verbis

353 3076 570 3147 colligas
611 3094 713 3148 quo
755 3084 991 3148 tempore
1040 3079 1344 3150 Polycrates
1383 3078 1474 3139 την
1516 3076 1817 3144 Σωκράτους
1853 3076 2165 3143 κατηγορίαν
2201 3094 2322 3130 con-

353 3166 660 3236 scripserit,
714 3167 801 3219 cui
841 3167 1026 3237 Lysias
1065 3167 1155 3226 την
1207 3164 1507 3232 Σωκράτους
1547 3164 1874 3228 άπολογίαν,
1918 3163 2208 3233 Xenophon
2248 3166 2319 3218 τά

353 3253 654 3320 Σωκράτους
696 3254 1212 3318 άπομνημονεύματα
1257 3254 1536 3323 opposuit,
1578 3260 1629 3305 et
1667 3269 1825 3321 quam
1860 3252 2120 3304 Isocrates
2161 3253 2211 3306 ἐν
2250 3255 2319 3320 τῷ

350 3343 594 3409 Βουσίριδι
620 3341 872 3405 deridet,
915 3358 1046 3412 quos
1086 3348 1192 3395 tres
1232 3341 1394 3393 libros
1429 3342 1571 3393 circa
1609 3340 1792 3392 eadem
1831 3338 1940 3392 sere
1984 3345 2223 3410 tempora
2265 3342 2318 3394 in

349 3429 525 3484 lucem
553 3430 737 3499 ,editos
773 3447 888 3484 esse
929 3430 1043 3499 ipsa
1090 3430 1166 3482 rei
1203 3436 1394 3481 natura
1438 3427 1606 3480 docet.
1688 3426 1861 3492 Quum
1906 3427 2200 3500 Polycratis
2234 3446 2317 3483 ac-

350 3519 555 3572 cusatio
599 3504 682 3572 δια
727 3520 794 3572 τὸ
838 3516 1118 3584 παράδοξον
1172 3515 1416 3587 plausum
1472 3523 1523 3569 et
1564 3514 1970 3568 admirationem
2022 3516 2312 3571 multorum

345 3607 634 3671 movisset,
675 3607 861 3679 Lysias
902 3613 953 3661 et
996 3604 1285 3677 Xenophon
1327 3611 1375 3658 et
1424 3604 1680 3658 Isocrates
1727 3602 1861 3657 alins
1898 3602 1999 3658 alio
2039 3603 2192 3657 modo
2234 3622 2310 3659 so-

2425 2275 2433 2286 t:

2415 2259 2436 2399 Ξ

2417 2395 2422 2402 e

2418 2402 2434 2424 ι’
