2436 4068
1023 230 1127 280 447

82 392 250 447 quum
291 373 414 427 olim
458 389 643 427 omnes
676 375 1040 428 xxrsxs'xmwro
1075 371 1365 436 haberent,
1399 371 1504 426 duo
1540 371 1776 427 infelices
1798 374 2058 428 coniecto-

83 480 170 518 res
203 460 437 517 Abresch
479 468 532 515 et
572 460 805 516 Larcher
842 469 1190 516 correxerunt
1244 460 1672 523 κατεκέκλειντο,
1728 459 1887 531 idque
1928 461 2063 515 Zeu-

83 567 150 604 ne
187 556 241 604 et
281 549 504 603 Weiske
544 557 899 620 receperunt,
958 566 1092 621 quos
1132 557 1186 603 et
1225 550 1367 621 ipsos
1419 564 1609 620 parum
1666 547 1882 603 idoneos
1924 548 2060 602 iudi-

80 654 170 692 ces
217 644 520 708 sequuntur
558 638 794 700 caeteri,
848 637 1048 701 etiam,
1105 637 1245 708 quod
1300 639 1502 701 miror,
1558 635 1883 691 DindorfiuS.
1963 637 2063 692 Est

80 725 221 798 apud
264 724 514 779 Photium
554 723 703 778 locus
741 741 787 777 ν.
834 724 1127 778 Σέσωται
1169 726 1256 779 καὶ
1308 725 1719 790 σεσωμένοςε
1760 726 1803 779 οἱ
1843 726 2059 779 παλαιοὶ

81 813 203 868 ἄνευ
251 817 341 867 τοῦ
400 833 451 866 σ.
506 811 594 866 καὶ
651 811 1023 879 διεζωμένοι
1073 813 1203 880 φησὶ
1262 814 1584 874 Θουκυδίδης.
1641 814 1684 867 οἱ
1734 813 1786 866 δὲ
1842 813 2060 880 νεώτεροι

77 902 439 966 σέσωσμαι.
483 901 565 954 ἐπ’
601 901 739 955 ἐνίων
773 901 954 959 ἁπλῶς
991 901 1370 967 παραλείπουσι
1409 901 1467 954 τὸ
1505 923 1570 966 σ,
1614 900 2063 966 κεκλειμένον

79 989 187 1043 καὶ
219 988 678 1055 πεπρημένον,
721 989 814 1060 qui
847 987 1081 1042 ostendit
1103 1004 1266 1058 quam
1304 987 1437 1041 nihil
1461 987 1764 1042 istiusmodi
1787 989 2064 1059 magistris

79 1075 226 1132 credi
268 1077 451 1148 possit.
530 1076 703 1131 Locus
759 1074 1106 1147 perturbatus
1141 1082 1224 1130 est
1262 1083 1316 1130 et
1354 1076 1432 1129 sic
1473 1077 1882 1130 constituendus
1923 1075 2063 1131 vide-

80 1171 202 1220 tur:
258 1166 302 1218 οἱ
354 1164 570 1218 παλαιοὶ
612 1165 696 1218 ἐπ’
726 1165 863 1218 ε’νίων
916 1164 1098 1223 οὶπλῶς
1152 1163 1531 1231 παραλείπουσι
1586 1164 1645 1218 τὸ
1692 1185 1755 1227 σ,
1815 1177 2062 1218 κεκλει-

81 1253 266 1319 μένον
309 1252 571 1325 (λέγοντες
603 1252 713 1325 καὶ)
756 1252 1171 1319 πεπρημένον.
1213 1252 1302 1306 καὶ
1337 1250 1731 1319 διεζωμένοι
1772 1252 1903 1320 φησὶ
1940 1261 2065 1307 Θου-

80 1341 299 1402 κυδίδης.
376 1340 438 1394 In
483 1339 680 1411 quibus
714 1339 964 1395 omnihus
1005 1339 1141 1394 nihil
1181 1341 1294 1395 veri
1336 1347 1453 1405 est,
1493 1347 1546 1394 et
1585 1347 1872 1411 corruptae
1906 1339 2057 1394 libro·

81 1444 202 1483 rum
242 1429 544 1500 scripturae
572 1428 777 1483 homini
815 1427 1085 1483 inerudito
1121 1429 1512 1500 imposuerunt.
1594 1427 1726 1495 Quis
1760 1427 1916 1483 facile
1953 1445 2091 1504 cre-s

75 1515 169 1572 det
205 1517 471 1583 σέσωσμαι
513 1517 858 1572 recentiorum
898 1533 1015 1572 esse
1058 1524 1112 1571 et
1152 1532 1216 1571 ex
1261 1517 1399 1585 σώζω
1443 1531 1701 1587 umquam
1749 1516 1972 1571 σέσωται
2011 1526 2093 1580 etv

77 1605 363 1671 σεσωμένος
402 1605 551 1659 nasci
590 1605 872 1677 potuisse?
944 1608 1211 1672 ’Έρρωμοιι
1261 1603 1511 1659 dicebant
1558 1621 1779 1669 omneS,
1816 1604 1908 1659 sed
1948 1603 2065 1673 ἔξω·

78 1714 243 1760 σμαι,
282 1693 621 1761 κέχρωσμαι,
662 1693 957 1763 κέχωσμαι.
998 1692 1163 1747 Nihili
1200 1692 1372 1747 forma
1411 1699 1492 1747 est
1533 1692 1836 1760 πέπρημαι,
1878 1710 2065 1748 omnes

78 1788 391 1837 constanter
428 1781 731 1849 πέπρησμαι
773 1789 827 1836 et
866 1781 1238 1849 ἐμπέπρησμαι
1279 1780 1517 1835 solebant
1556 1781 1770 1845 dicere,
1810 1780 2063 1852 quemad-

81 1868 300 1925 modum
368 1869 680 1936 πέπλησμαι
703 1912 719 1932 ,
786 1870 1184 1936 διαπέπλησμοοι
1209 1911 1224 1932 ,
1286 1869 1689 1936 ἐμπέπλησμαι.
1787 1868 2063 1937 Κίχραμαι

82 1957 310 2013 habebat
346 1958 680 2025 κέχρησμαι,
723 1958 866 2014 unde
903 1957 1339 2027 διακεχρησμένον
1380 1956 1714 2013 reddendum
1753 1956 2063 2013 Demosthe-

82 2048 138 2102 ni
192 2052 276 2101 est
321 2061 440 2118 pag.
481 2049 610 2101 817.
656 2052 718 2110 1,
772 2063 1099 2119 quamquam
1157 2047 1212 2100 in
1263 2046 1481 2118 vulgata
1536 2045 1808 2117 conspirat
1866 2045 2065 2117 Harpo-

79 2141 217 2190 crat.
275 2150 324 2187 v.
380 2135 816 2203 Διακεχρημένον.
897 2134 1236 2203 Διεζωσμένοι
1286 2134 1520 2206 genuina
1573 2132 1744 2187 forma
1799 2133 1853 2186 in
1894 2135 2063 2187 omni-

0 2296 1 2299 *
80 2221 182 2278 hus
232 2220 386 2276 libris
441 2221 774 2296 Thucydidis
827 2229 1002 2277 exstat
1056 2223 1096 2277 1.
1139 2227 1190 2277 6.
1280 2221 1460 2277 Nihilo
1518 2221 1689 2292 igitur
1747 2221 1929 2275 sanior
1983 2228 2065 2276 est

0 2314 1 2324 ¹
79 2309 251 2367 forma
288 2310 647 2376 κεκλειμένον,
685 2309 778 2365 sed
815 2311 868 2364 in
911 2327 973 2366 ea
1007 2326 1218 2383 quoque
1255 2310 1559 2365 scribarum
1600 2326 1751 2364 error
1790 2309 2062 2364 hominem

78 2405 161 2456 est
212 2397 538 2454 ludificatus,
638 2397 743 2466 Qui
798 2398 951 2454 libris
1005 2400 1170 2455 etiam
1230 2405 1419 2454 contra
1474 2398 1738 2453 rationem
1800 2405 1854 2454 et
1904 2415 2066 2454 usum

81 2486 248 2560 inepti
289 2486 547 2550 credunt,
600 2485 927 2542 delabuntur
970 2489 1025 2542 in
1079 2489 1209 2542 istas
1268 2486 1502 2551 formaS,
1563 2485 1760 2558 quibus
1815 2486 2065 2559 equidem

78 2574 255 2631 nullas
292 2574 401 2629 vidi
443 2575 617 2646 magis
664 2575 924 2631 mirificas
962 2591 1124 2648 quam
1175 2574 1360 2647 quales
1411 2573 1735 2629 Eustathius
1773 2574 2063 2647 compluri-

77 2662 182 2720 bus
219 2663 351 2719 locis
382 2663 611 2718 corrasit
646 2662 714 2717 ad
746 2662 1223 2718 demonstrandum
1262 2662 1740 2735 reduplicationem
1775 2662 2064 2719 verborum

52 2754 255 2808 'omitti
297 2767 466 2825 posse.
548 2751 700 2806 Serio
739 2751 894 2807 docet
933 2753 1211 2819 ἐβούλευκε
1246 2752 1511 2808 Graecum
1546 2767 1664 2806 esse
1703 2759 1757 2806 et
1789 2750 2064 2816 ἑξεπίακεν

79 2847 136 2897 et
172 2841 499 2909 ἱχοίλκευται
539 2846 594 2895 et
632 2840 1222 2907 προσεπατταλευμέναι
1269 2856 1388 2912 pag.
1428 2842 1567 2903 759,
1609 2843 1701 2894 51.
1744 2840 1906 2914 (662,
1948 2839 2061 2914 41).

76 2927 223 2985 ldem
269 2929 374 2984 alio
413 2928 529 2983 loco
574 2932 754 2994 1163,
794 2933 864 2984 25
907 2930 1113 3003 (1222,
1154 2928 1247 3002 24)
1290 2927 1473 2983 docuit
1515 2926 1832 2994 ἕνωγοέλιςαι
1885 2929 2063 2984 Attice

80 3014 188 3072 dici
241 3033 337 3090 pro
383 3016 726 3083 νενωγάλιςαι
751 3037 763 3048 ·
820 3018 899 3073 sic
953 3016 1044 3072 alii
1102 3023 1379 3088 nugantur
1431 3017 1822 3083 οὶπεδημνικότος
1864 3017 2064 3073 dixisse
2088 2998 2106 3020 Χ

80 3101 303 3159 Veteres
341 3122 436 3177 pro
475 3106 957 3172 οἱποδεδημηκότος,
1014 3105 1224 3178 aliaque
1273 3103 1511 3161 eiusdem
1565 3103 1807 3170 farinae,
1866 3105 2064 3178 quihus

83 3190 252 3247 multa
305 3192 409 3247 alia
461 3200 708 3265 portenta
764 3194 1050 3250 verborum
1110 3193 1308 3250 adiecit
1359 3192 1802 3249 Hemsterhusius
1859 3194 1913 3247 in
1966 3194 2063 3248 Mi·

84 3279 299 3336 wellan.
339 3279 637 3337 Observatt.
673 3282 765 3342 lv.
807 3301 856 3356 p.
897 3286 1005 3338 289
1048 3299 1162 3355 sqq.
1203 3283 1492 3344 κατέτηκτο
1515 3323 1529 3346 ,
1569 3281 1883 3337 κατέλειπτο
1906 3322 1920 3345 ,
1960 3280 2061 3335 ἐνέ·

84 3368 286 3433 azimo,
343 3368 661 3434 ὑπεξέθυπτο
721 3380 774 3427 ct
828 3373 1003 3444 ipsum
1063 3378 1306 3426 nostrum
1379 3370 1600 3426 verbum
1660 3371 1941 3436 κατακλῄω
2006 3368 2060 3422 in

88 3454 257 3510 forma
297 3456 524 3514 ridicula
564 3460 885 3518 κατέκλειςο.
968 3459 1115 3515 Undc
1158 3461 1326 3531 igitur
1365 3461 1468 3514 ista
1509 3465 1805 3514 monstrosa
1856 3455 2061 3511 soboles

85 3551 374 3616 propagata
428 3548 551 3602 est?
611 3548 809 3622 Nempe
848 3566 911 3605 cx
951 3566 1011 3604 ca
1071 3549 1485 3620 superstitione,
1544 3563 1648 3618 qua
1705 3543 1967 3617 quidquid
2006 3545 2063 3599 in

86 3631 265 3702 aliquo
303 3632 502 3690 Gracco
539 3636 727 3693 Codice
767 3639 1029 3710 scriptum
1072 3644 1151 3692 cst
1194 3636 1324 3691 benc
1372 3637 1634 3692 Graccum
1688 3652 1804 3690 csse
1843 3634 2063 3706 opinan-
