2436 4068
1121 263 1191 300 vlt

164 404 293 477 quid
332 405 404 460 sit
444 406 499 459 in
550 403 734 460 eodem
789 403 978 478 Idyllio
1032 420 1107 458 vs,
1145 407 1196 458 4.
1251 402 1286 457 ὦ
1338 407 1437 464 τοῖς
1489 403 1743 470 ὤλεμοὶτω
1803 407 2028 473 ψυχᾶς,
2084 412 2138 460 et

164 522 240 560 νε.
264 509 313 560 7.
352 506 417 560 τὺ
453 507 495 561 δ’
536 506 787 574 ἑκοοςέρω,
825 503 861 559 ὦ
898 504 1055 571 μέλ’,
1096 506 1360 569 οὶποικεῖς,
1401 503 1484 559 vel
1519 506 1582 559 τὺ
1623 505 1675 559 δὲ
1713 505 2013 573 μοισσοτέρω
2053 503 2136 572 ἔμ’

159 604 420 675 ὦπῴκεις,
476 613 530 662 et
574 624 655 662 vs.
696 611 746 661 8.
802 607 948 660 ταῦθ’
989 606 1014 659 ὅ
1052 605 1275 673 ποέροορος
1311 611 1476 668 τῆνος.
1535 610 1589 659 et
1644 622 1722 660 νε.
1762 606 1850 660 15.
1905 604 2136 672 λέγομες

157 707 210 762 δὲ
249 709 495 776 προοοθρῆν
528 706 734 769 πάντα,
777 711 831 761 et
871 722 947 761 νε.
976 709 1065 759 25.
1120 703 1182 759 ὧν
1222 706 1323 767 ἴδες
1364 705 1428 761 ὧν
1468 705 1640 768 εἴποιις
1681 726 1798 772 κεν,
1842 711 1895 761 et
1935 723 2014 761 νε.
2044 709 2134 761 27.

161 805 272 876 οεῖρε
317 809 375 863 τὸ
415 809 577 874 βᾶμοο
616 808 704 863 καὶ
750 809 801 870 ἐς
839 807 997 875 μέσον
1046 806 1345 875 οὶνιόδρυπτε
1385 808 1464 869 θές
1490 850 1506 875 ,
1565 815 1619 862 et
1668 825 1746 862 νε.
1787 812 1875 864 30.
1929 815 2038 875 σμῆ
2077 808 2137 872 δή

158 912 310 974 ποκ’,
361 907 608 974 ἄπληςε,
666 915 720 964 et
776 926 853 963 νε.
897 914 985 964 50.
1044 909 1188 964 κοοκοὶ
1247 909 1471 975 παίγνια
1527 908 1682 964 πάντ’
1739 910 1790 972 ἐς
1841 909 2026 979 οέρείω,
2084 915 2138 964 et

161 1027 235 1064 νε.
279 1015 366 1065 73.
418 1009 574 1078 ὄχλος
614 1009 835 1078 οέθοιρέως
875 1010 1070 1064 ὠθεῦνθ’
1109 1007 1275 1077 ὥσπερ
1316 1007 1400 1071 ὕες
1422 1051 1438 1075 ,
1490 1015 1544 1064 et
1583 1027 1659 1063 vs,
1694 1014 1782 1065 88.
1839 1011 1896 1064 ἐκ
1937 1012 2136 1064 νοοσσοῖν

155 1131 215 1165 τε
255 1110 687 1166 πλατειοέσδοισοοι
726 1109 981 1176 ἅπαντα,
1034 1116 1087 1165 et
1136 1127 1214 1165 vs.
1250 1114 1373 1164 144.
1428 1111 1483 1165 τί
1532 1118 1718 1178 χρῆμοο
1767 1111 2049 1180 σοφώτερον
2104 1111 2134 1175 ἢ

155 1211 369 1275 θήλεως
424 1229 562 1283 quae
601 1212 781 1266 omnia
820 1211 886 1266 de
937 1211 1189 1265 Meinekii
1229 1218 1282 1265 et
1322 1210 1574 1266 Ahrensii
1614 1211 1940 1266 coniecturis
1990 1228 2137 1282 repo-

155 1313 260 1367 sita
314 1319 408 1368 aut
447 1314 744 1369 sententiae
795 1313 1150 1367 adversantur
1201 1319 1295 1366 aut
1353 1313 1553 1367 Graece
1603 1312 1940 1384 loquentium
1995 1312 2135 1366 usui.

154 1413 334 1469 Facile
380 1421 461 1469 est
515 1421 568 1469 et
616 1414 746 1469 haec
799 1421 853 1470 et
903 1414 1007 1469 alia
1063 1415 1242 1468 omnia
1301 1420 1596 1485 utcumque
1665 1415 2033 1487 interpretari,
2089 1414 2136 1468 si

155 1514 297 1587 quod
349 1515 492 1570 voles
550 1515 751 1587 fingere
805 1515 990 1570 licebit
1045 1522 1098 1570 et
1151 1515 1470 1570 Graecitatis
1535 1516 1797 1570 rationem
1854 1520 1907 1568 et
1976 1530 2137 1569 usum

153 1623 529 1682 contemnere,
569 1617 692 1682 sed,
733 1624 795 1672 ut
828 1617 1103 1673 lenissime
1143 1616 1356 1682 dicam,
1396 1615 1526 1688 quid
1561 1616 1778 1689 prodest
1818 1616 1995 1670 locum
2036 1615 2134 1671 dif-

154 1716 432 1772 ficiliorem
471 1719 549 1773 sic
589 1719 972 1792 interpretari,
1020 1725 1083 1774 ut
1122 1718 1306 1773 statim
1348 1725 1601 1789 appareat
1654 1717 1928 1772 meliorem
1971 1718 2134 1772 inter·

151 1819 507 1890 pretationem
558 1825 652 1874 aut
691 1819 1119 1874 emendationem
1181 1836 1297 1874 esse
1355 1818 1760 1890 quaerendam?
1841 1819 1973 1886 Quis
2027 1835 2134 1873 non

150 1935 306 1992 saepe
344 1919 479 1975 vidit
518 1921 990 1993 interpretationes
1030 1920 1322 1983 mirificaS,
1363 1936 1595 1990 quorum
1629 1919 1942 1974 auctoribus
1983 1936 2132 1992 prae·

154 2028 237 2076 ter
275 2037 462 2075 sanam
518 2028 752 2076 mentem
805 2028 859 2076 et
902 2022 1094 2076 Graeci
1147 2020 1411 2075 sermonis
1468 2021 1779 2075 interiorem
1835 2020 2134 2092 intelligen-

151 2124 284 2178 tiam
338 2122 472 2177 nihil
517 2140 737 2195 prorsus
785 2122 996 2177 defuit?
1076 2122 1152 2176 Ne
1209 2122 1384 2176 dicam
1439 2122 1504 2177 de
1553 2121 1803 2195 Aeschyli
1857 2121 2024 2186 locis,
2078 2123 2134 2176 in

150 2224 347 2296 quibus
401 2224 490 2278 illo
540 2223 698 2279 modo
741 2223 1161 2296 interpretandis
1213 2223 1374 2278 multi
1433 2223 1636 2278 iudicio
1690 2240 1787 2279 suo
1841 2223 1950 2277 vim
2010 2221 2133 2278 affe-

149 2333 313 2391 runt,
354 2323 619 2397 proferam
661 2341 830 2379 unum
872 2324 1246 2397 Aristophanis
1285 2324 1495 2390 locum,
1536 2326 1630 2396 qui
1665 2325 1866 2397 legitur
1907 2325 1963 2378 in
2002 2324 2131 2380 Ves-

150 2428 235 2499 pis
275 2443 350 2480 vs.
391 2429 518 2481 312.

149 2535 438 2583 ΠΑΙΔΕΣ.
509 2527 564 2582 τί
600 2548 669 2594 με
709 2527 849 2591 δῆτ’,
889 2525 925 2582 ὦ
964 2527 1136 2594 μελέα
1177 2534 1372 2596 μῆτερ,
1413 2525 1648 2591 ἔτικτες,

510 2625 573 2683 ἵν’
610 2629 719 2695 ἐμοὶ
762 2627 1066 2696 πράγματα
1105 2627 1314 2695 βόσκειν
1354 2627 1627 2698 παρέχῃς,

151 2728 490 2796 Quaerebant
540 2728 739 2783 eruditi
780 2728 911 2800 quid
964 2736 1104 2783 esset
1160 2729 1368 2795 βόσκειν
1415 2728 1734 2797 πράγματα.
1813 2728 2012 2783 Eodem
2048 2727 2134 2783 die

150 2831 454 2902 reperietur
506 2829 635 2901 quid
695 2830 767 2884 sit
816 2830 872 2884 in
931 2829 1208 2885 Strabonis
1262 2830 1378 2885 loco
1430 2830 1523 2899 ὄρει
1575 2831 1840 2893 ὑποςῆνοοι.
1932 2830 2132 2902 Nempe

149 2930 239 2986 illa
280 2931 475 2997 verba,
530 2937 589 2985 ut
628 2938 878 2986 accurate
918 2931 1294 2995 ostendimus,
1350 2932 1425 2986 ita
1470 2939 1599 2987 sunt
1654 2930 2030 2986 constituenda
2071 2938 2132 2986 ut

149 3033 302 3103 pueri
340 3032 590 3088 flebiliter
627 3040 956 3104 querantur:

451 3134 506 3189 τί
542 3155 611 3200 με
649 3134 793 3199 δῆτ’,
833 3131 868 3188 ὦ
908 3134 1078 3201 μελέοι
1117 3139 1319 3203 μῆτερ,
1364 3133 1600 3200 ἔτικτες;

151 3251 286 3306 quae
324 3234 602 3306 Euripidis
656 3234 814 3290 verba
857 3242 982 3290 sunt
1022 3234 1351 3307 lepidissime
1390 3252 1421 3289 a
1460 3235 1673 3290 Comico
1725 3235 1779 3290 in
1821 3250 1974 3290 suam
2016 3247 2129 3288 rem

148 3352 435 3402 conversa,
477 3342 538 3390 ut
577 3342 757 3407 patres
797 3335 1181 3408 responderent
1221 3335 1640 3391 subsannantes:

450 3435 510 3492 ἵν’
552 3437 694 3503 ἐμοὶ
737 3436 1039 3507 πράγματα
1079 3437 1288 3504 βόσκειν
1328 3437 1580 3507 παρέχῃς.

153 3535 496 3594 Ostendimus
552 3537 754 3593 idoneis
810 3538 1068 3611 exemplis
1124 3537 1429 3607 πράγματα
1468 3535 1685 3606 παρέχω
1743 3535 1882 3607 apud
1921 3536 2127 3592 Atticos

151 3656 274 3695 cum
318 3641 579 3696 infinitivo
637 3641 929 3712 coniungi,
989 3647 1049 3696 ut.
1088 3640 1246 3698 verba
1287 3640 1487 3696 Comici
1539 3647 1649 3695 tam
1701 3638 1980 3710 perspicua
2020 3639 2130 3695 sint
