2436 4068
1065 284 1134 334 95

77 434 262 491 eodem
308 428 465 485 modo
517 426 903 484 Demosthenes
959 425 1098 481 dixit
1150 426 1204 479 in
1258 423 1486 496 Philipp.
1526 423 1564 484 Ι.
1624 441 1675 495 p.
1720 427 1824 488 47,
1871 428 1954 478 14.
2017 425 2069 478 in

82 521 346 579 acerrimo
382 517 531 573 loco:
586 515 752 585 ὥσπερ
803 515 911 583 γὰρ
959 516 1002 569 οἱ
1043 503 1371 575 πλάττοντες
1410 512 1530 574 τοὺς
1582 511 1824 574 πηλίνους
1868 513 1942 574 εἰς
1981 513 2073 574 τὴν

78 609 277 678 ἀγοράν
315 611 654 675 χειροτονεῖτε
690 605 810 664 τοὺς
850 600 1168 669 ταξιάρχους
1219 601 1307 655 καὶ
1348 602 1466 664 τοὺς
1505 598 1817 670 φυλάρχους
1854 602 1945 655 οὐκ
1989 601 2074 654 ἐπὶ

76 698 162 752 τὸν
209 696 476 760 πόλεμον,
527 709 635 764 quo
689 690 825 745 nihil
867 689 1044 761 potuit
1100 687 1409 743 mordacius
1461 687 1584 742 dici.
1664 687 1865 743 Eodem
1921 687 2077 742 modo

77 784 284 840 dictum
333 788 417 837 est
466 782 539 842 εἷς
595 777 793 846 άγοροὶν
843 775 1078 847 ὑφαίνειν
1129 782 1182 831 et
1221 775 1481 831 πλάττειν
1517 778 1589 838 εἰς
1632 777 1725 840 τὴν
1775 774 1973 844 άγοράν
2025 784 2080 831 et

77 873 184 936 sic,
224 868 415 931 credo,
456 883 642 922 omnes
677 864 903 920 Athenis
937 865 1009 925 εἷς
1047 864 1139 926 τὴν
1168 862 1365 931 οὶγοροὶν
1401 863 1720 919 dicebantur
1746 862 2076 932 ἐργάζεσθαι.

78 959 344 1031 Compone
382 972 528 1011 nunc
570 953 707 1008 mihi
745 952 878 1007 haec
924 949 1209 1006 Aeschinis
1248 951 1302 1004 in
1347 950 1668 1006 Timarchea
1706 950 1747 1024 ὃ
1783 954 1872 1006 97.
1914 953 2076 1021 τούτῳ

77 1048 184 1115 γὰρ
223 1046 506 1101 κατέλιπεν
546 1043 570 1097 ὅ
608 1042 782 1109 πατὴρ
815 1039 992 1095 οὐσίαν
1031 1039 1134 1107 ἀφ’
1175 1035 1231 1100 ἧς
1270 1037 1437 1107 ἔτερος
1470 1040 1565 1104 μὲν
1605 1037 1670 1093 ἂν
1704 1039 1792 1094 καὶ
1828 1040 2080 1109 ἐλειτούρ-

79 1156 163 1202 γει
207 1132 403 1208 (scribe
439 1131 535 1197 μὲν
574 1128 673 1193 κᾶν
722 1125 1056 1199 ἐλειτούργει)
1098 1159 1175 1168 -
1215 1125 1391 1193 ἔτιδὲ
1439 1128 1562 1195 πρὸς
1605 1127 1803 1188 τούτοις
1849 1134 2077 1192 γυναῖκα

78 1222 340 1291 ἀμόργινα
379 1218 698 1284 ἕπιςαμένην
744 1214 1190 1284 ἐργάζεσθαι,,καὶ
1236 1213 1368 1282 ἔργα
1406 1213 1588 1269 λεπτοὶ
1626 1215 1698 1276 εἷς
1747 1216 1841 1278 τὴν
1880 1216 2079 1282 οΞγοροὶν

80 1310 424 1380 ἐκφέρουσαν,
461 1314 517 1362 et
545 1304 690 1360 sacili
724 1304 938 1375 negotio
973 1302 1411 1374 interpolatorem
1443 1301 1824 1374 deprehendes
1886 1301 2080 1360 Genui-

82 1415 152 1454 na
189 1403 318 1451 sunt
356 1401 587 1461 γυναῖκα
625 1392 888 1459 ἀμόργινα
921 1392 1239 1458 ε’πιςαμένην
1280 1389 1590 1459 ἐργάζεσθαι
1630 1390 1703 1451 εἰς
1739 1391 1832 1453 την
1863 1390 2079 1458 οὶγοράν.

80 1484 435 1542 Athenienses
469 1481 671 1553 optime
706 1487 965 1535 noverant
997 1480 1068 1535 τοὶ
1097 1479 1360 1547 ἀμόργινα
1391 1495 1529 1551 quae
1561 1483 1767 1533 essent:
1808 1479 2083 1549 sequiores

32 1634 35 1635 ⁷
82 1572 271 1630 Graeci
309 1587 413 1626 non
463 1570 629 1625 item:
680 1569 864 1640 itaque
907 1568 1052 1623 docti
1095 1585 1282 1624 omnes
1324 1566 1510 1623 sedulo
1547 1565 1868 1622 vocabulum
1916 1567 2080 1621 inter-

84 1666 405 1735 pretantur,
461 1658 882 1729 Harpocration,
942 1655 1278 1731 HesychiuS,
1330 1663 1538 1712 veteres
1583 1654 1959 1727 Aristophanis
2005 1656 2083 1709 in-

86 1754 377 1821 terpretes,
417 1745 526 1802 alii.
578 1744 792 1817 Optime
808 1745 1110 1819 Hesychius
1128 1745 1447 1812 Ἀμόργινα;
1483 1746 1762 1812 λεπτοῢφῆ
1783 1743 2086 1809 ἐνδύματα,

85 1836 212 1892 hinc
261 1834 330 1891 ad
385 1833 708 1890 Aeschinem
754 1833 880 1888 olim
921 1840 1241 1888 annotatum
1287 1840 1370 1887 est
1423 1831 1554 1899 ἔργα
1592 1830 1772 1886 λεπτοὶ
1824 1837 1919 1885 aut
1975 1830 2085 1900 ἔρια

86 1923 303 1987 λεπτά,
359 1922 502 1995 quod
547 1922 605 1976 in
660 1927 872 1977 textum
925 1938 983 1976 se
1028 1921 1360 1984 insinuavit,
1416 1918 1608 1974 deinde
1676 1918 1991 1988 ἐκφέρουσαν
2055 1937 2086 1974 a

88 2011 252 2067 sciolo
289 2010 572 2074 additum,
612 2008 668 2064 id
707 2009 885 2081 ipsum
927 2026 1033 2080 quo
1073 2008 1267 2064 Suidas
1301 2007 1478 2061 utitur
1518 2007 1572 2059 in
1613 2006 1943 2078 explicandis
1971 2024 2087 2062 ver-

86 2099 170 2155 bis
190 2097 529 2154 Menandreis
558 2098 631 2159 εἷς
669 2098 763 2159 τὴν
798 2097 997 2164 άγοροὶν
1033 2097 1324 2164 ἐκφέρειν
1358 2097 1430 2162 τοῗο
1461 2094 1816 2164 ὑφαινόμενα;
1859 2112 1966 2149 non
2003 2104 2088 2150 est

82 2188 370 2259 antiquum
420 2187 652 2255 ἐκφέρειν
703 2201 766 2240 eo
806 2200 969 2239 sensu
1021 2183 1114 2238 sed
1156 2185 1444 2238 novicium.
1526 2181 1709 2237 Scatet
1762 2183 1935 2237 nitida
1988 2183 2084 2238 Ae-

84 2275 289 2332 schinis
326 2274 497 2329 oratio
531 2273 751 2327 insulsis
788 2271 1142 2328 emblematis,
1224 2272 1285 2325 In
1328 2270 1367 2344 S
1398 2274 1518 2326 101.
1560 2270 1808 2339 φοβηθεὶς
1843 2272 1949 2338 γὰρ
1985 2273 2084 2334 τοὶς

83 2362 410 2432 λειτουργίας
448 2362 674 2422 ἀπέδοτο,
707 2357 746 2415 ἃ
782 2357 840 2424 ἦν
879 2361 1021 2428 αὐτῷ
1062 2360 1318 2425 κτήματα
1356 2358 1480 2414 ἄνευ
1526 2365 1625 2414 τῶν
1664 2359 1849 2428 άρτίως
1889 2361 2087 2428 εἰρημέ-

83 2473 178 2508 νων
214 2451 411 2520 χωρίων
448 2450 769 2519 Κηφισίασιν
823 2447 1027 2517 ἕτερον,
1087 2448 1247 2515 οὶγρὸν
1305 2449 1764 2517 Ἀμφιτροπῆσιν,
1804 2449 2086 2516 ἑργαςήρια

85 2540 171 2597 δύο
211 2541 263 2594 ἐν
298 2546 405 2602 τοῖς
440 2538 724 2606 ἀργυρείοις
759 2534 810 2592 ἓν
851 2538 947 2603 μὲν
989 2537 1041 2590 ἐν
1081 2540 1282 2591 Αὐλῶνι
1306 2578 1320 2600 ,
1360 2534 1525 2604 ἕτερον
1566 2536 1609 2589 δ’
1649 2535 1734 2590 ἐπὶ
1779 2537 2086 2606 Θρασύλλῳ.

86 2626 352 2688 Emendat
409 2626 533 2682 ἄνευ
589 2631 688 2682 τῶν
734 2625 921 2694 άρτίως
974 2623 1243 2692 εἰρημένων
1294 2625 1479 2692 χωρίον
1518 2624 1872 2693 Κηφισίασιν,
1922 2623 2088 2695 ἕτερον

86 2719 506 2786 Ἀμφιτροπῆσιν
564 2714 692 2789 (11011
732 2711 907 2786 ·ᾔσιν)
949 2745 1026 2755 —
1064 2709 1115 2766 ἓν
1160 2713 1256 2778 μὲν
1305 2714 1508 2766 Αὐλῶνι
1561 2714 1670 2766 κτὲ.
1759 2713 1960 2785 Nempe
2015 2716 2089 2770 τοὶ

87 2806 271 2875 ἀρτίως
310 2804 551 2873 εἰρημένα
593 2800 655 2876 (§
679 2804 750 2856 97
793 2799 933 2873 sqq.)
978 2816 1085 2854 non
1126 2806 1280 2854 erant
1320 2799 1490 2868 χωρία
1530 2805 1777 2864 tantum,
1822 2801 1914 2856 sed
1953 2799 2087 2858 οἰκία

88 2893 140 2948 ἐν
189 2892 342 2957 άςει,
394 2890 588 2946 οἰκέται
639 2888 930 2956 δημιουργοὶ
988 2894 1040 2942 et
1087 2887 1427 2957 θεράπαιναι,
1476 2889 1712 2957 ἐσχατιοὶ
1755 2895 2002 2958 Σφηττοῖ
2037 2897 2091 2946 et

89 2981 270 3049 χωρίον
318 2982 695 3043 Ἀλωπεκῆσιν.
739 2975 833 3031 ubi
884 2976 1123 3048 primum
1177 2976 1360 3046 χωρίον
1416 2977 1471 3030 in
1517 2977 1716 3046 χωρίων
1771 2984 2088 3049 corruptum

92 3075 173 3124 est
212 3074 459 3141 repertus
499 3073 582 3122 est
617 3070 915 3129 corrector,
954 3065 1048 3136 qui
1085 3063 1150 3120 de
1191 3081 1288 3118 suo
1326 3064 1485 3132 ἀγρόν
1526 3064 1732 3119 addidit
1753 3072 1940 3121 contra
1978 3083 2087 3120 mo-

38 3160 47 3171 '
93 3172 209 3213 rem
244 3155 687 3219 Atheniensium,
728 3152 924 3225 quibus
955 3152 1139 3221 χωρίον
1175 3152 1410 3207 solemne
1449 3158 1530 3208 est
1569 3153 1766 3209 dicere.
1849 3154 2088 3208 Praeter-

93 3259 155 3300 ea
195 3245 250 3298 in
285 3244 462 3300 verbis
497 3241 549 3299 ἓν
583 3244 680 3309 μὲν
713 3243 765 3295 ἐν
800 3243 1001 3295 Αὐλῶνι
1040 3240 1300 3296 habemus
1338 3247 1651 3312 perpetuam
1703 3220 2086 3313 propemodum

95 3330 476 3388 Graeculorum
539 3327 1005 3403 interpolationem
1067 3329 1426 3385 nescientium
1482 3333 1720 3394 Αὐλῶνι,
1779 3331 2088 3397 Μαραθῶνι,

98 3420 390 3485 Ἐλευσῖνι,
429 3425 769 3486 Ῥαμνοῦντι,
826 3421 1097 3485 Ἀγνοῦντι
1153 3424 1207 3473 et
1261 3418 1383 3472 sim.
1437 3416 1580 3472 haud
1629 3433 1784 3472 secus
1835 3415 2087 3473 adverbia

98 3524 213 3563 esse
246 3515 299 3564 et
326 3508 772 3580 praepositionem
812 3523 1066 3579 respuere
1100 3513 1261 3578 atque
1299 3510 1574 3574 Σφηττοῖ,
1613 3510 1879 3570 Μεγαροῖ,
1924 3506 2087 3560 Ἀλω-

97 3604 346 3662 πεκῆσιν,
408 3599 833 3667 ’Λμφιτροπῆσι,
895 3595 1205 3652 Δεκελείασι
1237 3638 1250 3662 ,
1311 3593 1626 3664 Κηφισιάσιν
1650 3634 1663 3657 ,
1728 3592 2086 3657 Ὀλυμπίασιν
