2436 4068
1315 235 1421 286 582

376 381 707 456 Tliucydidei
770 378 1198 434 emendationem
1251 377 1318 431 ab
1371 379 1553 432 eodem
1609 379 1920 453 Pluygersio
1973 391 2237 454 repertam
2295 388 2350 441 in

371 472 613 526 omnium
651 469 895 523 notitiam
933 465 1170 538 proferre
1194 508 1209 528 ‚
1265 466 1356 536 qui
1399 465 1767 539 Thucydidem
1817 469 2049 541 diligunt
2090 478 2143 526 et
2180 472 2347 527 admi-

369 566 580 614 rantur.
661 558 920 611 Constans
960 556 1200 608 omnium
1259 553 1520 608 librorum
1575 556 1844 626 scriptura
1896 565 1978 611 est
2028 559 2272 633 Thucyd.
2306 563 2347 617 Ι.

368 652 457 701 61.
513 645 817 714 ἀφικόμενοι
855 645 906 704 ἐς
947 643 1273 697 Μακεδονίαν
1313 646 1505 708 πρῶτον
1556 644 2032 709 καταλαμβάνουσι
2073 650 2190 710 τοὺς
2230 671 2344 717 προ-

366 735 534 801 τέρους
563 734 765 799 χιλίους
798 732 1001 798 Θέρμην
1033 730 1148 798 ἄρτι
1184 729 1433 799 ᾑρηκότας
1467 732 1554 784 καὶ
1593 733 1797 786 Πύδναν
1828 740 2247 801 πολιορκοῦντας,
2270 770 2344 779 ——-

367 821 552 875 ἔπειτα
587 820 639 874 δὲ
678 851 755 861 --
793 820 1147 877 ἁπανίςανται
1189 821 1244 872 ἐκ
1284 826 1375 881 τῆς
1418 820 1743 880 Μακεδονίας
1795 819 1883 874 καὶ
1932 821 2236 889 ἀφικόμενοι
2293 828 2344 887 ἐς

366 909 567 976 Βέροιαν
616 909 851 962 κάκεῖθεν
901 905 1416 974 ἐπιςρέψαντες
1476 907 1564 961 καὶ
1619 908 1958 976 πειρασαντες
2013 918 2206 978 πρῶτον
2258 920 2347 968 τοῦ

365 997 552 1064 χωρίου
600 995 688 1050 καὶ
736 998 836 1063 οὐχ
873 996 1075 1056 ἑλόντες
1116 996 1407 1063 ἐπορεύοντο
1446 995 1588 1048 κατα
1627 1003 1726 1061 γῆν
1757 999 1878 1063 πρὸς
1917 999 2009 1060 την
2047 1001 2344 1056 Ποτίδαιαν.

364 1083 508 1138 Nihil
561 1083 755 1137 attinet
810 1082 1191 1147 difficultateS‚
1232 1082 1428 1154 quibus
1467 1082 1616 1136 locus
1658 1084 1948 1155 impeditus
1997 1094 2119 1152 est,
2173 1096 2348 1143 osten-

365 1171 522 1237 dere,
564 1178 777 1242 reperta
814 1170 1041 1225 feliciter
1081 1187 1205 1224 vera
1245 1170 1507 1234 lectione,
1549 1188 1653 1241 qua
1686 1180 1900 1244 recepta
1940 1174 2040 1229 loci
2073 1176 2347 1232 molestiae

365 1277 551 1314 omnes
590 1265 749 1313 erunt
802 1266 1039 1314 remotae
1079 1266 1131 1313 et
1172 1258 1426 1329 dispulsis
1481 1259 1713 1313 nubibus
1753 1260 1898 1315 clara
1934 1262 2054 1317 luce
2108 1263 2346 1335 splende-

365 1349 501 1403 bunt
556 1347 751 1401 omnia.
842 1346 1071 1416 Egregie
1123 1346 1267 1399 enim
1329 1346 1589 1400 divinavit
1657 1347 2007 1421 Pluygersius
2078 1352 2132 1405 in
2194 1360 2346 1408 ΕΠΙ-

366 1442 855 1493 ΣΤΡΕΨΑΝΤΕΣ
888 1434 1056 1488 latere
1088 1441 1555 1488 ΕΠΙΣΤΡΕΨΑΝ
1585 1442 1637 1489 et
1672 1436 1913 1491 indoctos
1942 1439 2147 1493 scribas
2177 1457 2343 1512 quum

368 1541 472 1578 non
529 1525 660 1576 satis
715 1529 967 1593 caperent
1018 1521 1146 1593 quid
1204 1528 1343 1575 esset
1396 1521 1698 1590 ἀφικόμενοι
1757 1525 1808 1585 ἐς
1860 1526 2062 1594 Βέροιαν
2112 1530 2344 1584 κοέκεῖθεν

364 1618 830 1666 ΕΠΙΣΤΡΕΨΑΝ
871 1610 957 1664 καὶ
1005 1608 1346 1677 πειρασαντες
1387 1615 1578 1677 πρῶτον
1631 1615 1719 1664 τοῦ
1757 1615 1943 1680 χωρίου
1985 1617 2093 1669 κτὲ.
2138 1617 2345 1686 pervul-

365 1707 488 1772 gato
538 1715 685 1752 more
739 1715 834 1752 suo
889 1698 1195 1752 vocabulum
1254 1698 1377 1751 bene
1422 1698 1673 1751 Graecum
1729 1705 2071 1771 supposuisse
2111 1705 2343 1772 ἐπιστρέ-

364 1795 595 1856 ψαντες,
650 1803 816 1857 quum
873 1785 1183 1839 debuissent
1244 1785 1478 1839 scribere
1538 1789 1770 1840 κάκεῖθεν
1832 1789 1941 1844 ἐπὶ
2007 1792 2341 1860 Στρέψαν.

367 1875 725 1932 Stabiliendae
765 1874 892 1927 huic
933 1873 1291 1927 emendationi
1335 1874 1467 1926 satis
1507 1891 1622 1929 esse
1665 1876 1912 1931 existimo
1952 1878 2129 1932 locum
2173 1897 2340 1934 unum

365 1980 630 2036 apponere
670 1979 734 2016 ex
769 1960 1052 2015 Aeschinis
1093 1963 1332 2015 oratione
1371 1961 1437 2015 de
1477 1962 1534 2015 F.
1572 1965 1630 2017 L.
1674 1968 1702 2035 §
1739 1967 1826 2016 27.
1906 1968 2199 2022 Παυσανίου
2255 1969 2341 2022 ἐπὶ

363 2055 455 2115 την
495 2053 663 2119 ἀρχὴν
700 2050 963 2110 κατιόντος
997 2083 1068 2092 -
1105 2049 1311 2117 ἔχοντος
1358 2050 1410 2103 δὲ
1446 2054 1749 2114 Ἑλληνικὴν
1785 2053 2028 2118 δύναμιν,
2070 2055 2343 2125 εἰληφότος

365 2142 418 2195 δὲ
456 2141 805 2204 Ἀνθεμοῦντα
844 2139 932 2192 καὶ
990 2138 1192 2204 Θέρμην
1238 2137 1324 2190 καὶ
1376 2139 1696 2206 Στρέψαν
1751 2140 1835 2193 καὶ
1885 2140 2011 2196 ἄλλ’
2056 2141 2199 2197 ἄττα
2236 2164 2342 2212 χω-

367 2230 486 2296 ρία,
544 2243 680 2298 quae
721 2227 776 2279 in
820 2225 1003 2279 eadem
1049 2224 1388 2279 Macedoniae
1428 2233 1614 2296 parte,
1657 2234 1717 2280 ut
1756 2228 1903 2282 vides
1929 2271 1941 2294 ,
1986 2231 2342 2301 gerebantur,

365 2315 508 2371 unde
543 2332 598 2368 se
633 2313 1039 2367 Atheniensium
1078 2314 1346 2367 exercitus
1376 2314 1517 2384 apud
1544 2314 1909 2388 Thucydidem
1951 2318 2016 2371 ad
2036 2319 2339 2374 Potidaeam

364 2403 627 2475 recepisse
675 2407 944 2455 narratur.
1025 2400 1195 2455 Locus
1248 2400 1339 2454 ubi
1395 2401 1518 2455 olim
1570 2404 1787 2470 Στρέψα
1829 2409 2040 2459 steterit
2089 2424 2232 2462 nunc
2279 2426 2343 2463 ex

365 2491 646 2548 emendato
705 2488 818 2544 loco
879 2488 1224 2562 Thucydideo
1275 2489 1548 2560 aliquanto
1601 2493 1910 2546 accuratius
1964 2495 2159 2564 poterit
2218 2496 2342 2551 defi·

362 2582 486 2635 niri.
1239 2587 1242 2590 ⁴

441 2669 591 2724 Alter
650 2663 1015 2736 Xenophontis
1055 2663 1235 2725 locus,
1294 2665 1385 2735 qui
1444 2664 1577 2718 mihi
1625 2665 1690 2718 ad
1748 2666 2115 2740 Thucydidem
2171 2673 2338 2725 veteri

366 2756 558 2811 mendo
597 2752 933 2808 liberandum
978 2752 1352 2824 percommode
1395 2753 1637 2808 adhiberi
1678 2771 1831 2824 posse
1865 2755 2102 2821 videtur,
2141 2757 2341 2828 legitur

365 2848 417 2899 in
462 2844 661 2898 Hellen.
705 2841 792 2894 Vl.
834 2858 907 2893 11¹.
955 2845 1043 2895 18.
1096 2841 1181 2894 τὸν
1234 2841 1328 2905 μὲν
1367 2842 1678 2907 βουλόμενον
1729 2843 1930 2908 βοηθεῖν
1969 2851 2085 2904 ταῖς
2136 2846 2338 2899 οὶδικου-

364 2935 543 2999 μέναις
593 2930 812 2990 πόλεσι,
860 2930 929 2996 τῷ
985 2930 1035 2982 δὲ
1074 2930 1149 2994 μη
1194 2930 1487 2998 βουλομένῳ
1538 2933 1610 2996 μη
1660 2928 1788 2985 εἶναι
1838 2930 2076 2998 ἔνορκον
2126 2951 2337 2999 συμμα-

362 3025 480 3091 χεῖν
519 3026 624 3079 τοῖς
665 3017 1044 3080 ἀδικουμένοις,
1098 3033 1161 3070 ex
1211 3033 1315 3086 quo
1355 3017 1468 3071 loco
1518 3020 1797 3089 perspicue
1836 3025 1981 3090 patet
2023 3036 2128 3090 quo
2177 3035 2338 3076 sensu

361 3111 574 3164 dicatur
613 3103 814 3174 aliquid
849 3121 964 3158 esse
998 3104 1160 3158 alicui
1195 3103 1411 3171 ἔνορκον,
1452 3122 1643 3177 nempe
1683 3107 1822 3178 quod
1868 3108 1988 3177 quis
2029 3125 2095 3160 ea:
2132 3110 2339 3179 foedere

361 3198 537 3252 facere
577 3199 806 3246 teneatur
838 3198 1054 3262 propter
1093 3192 1446 3245 iurisiurandi
1491 3194 1802 3264 religionem
1828 3236 1842 3253 ‚
1888 3211 1992 3265 qua
2029 3196 2082 3247 in
2126 3195 2335 3251 foedere

361 3280 606 3339 feriundo
641 3279 882 3332 animum
925 3279 1306 3343 obstrinxerit,
1346 3279 1399 3332 id
1439 3282 1486 3335 ei
1531 3281 1731 3335 dicitur
1771 3299 1885 3335 esse
1927 3282 2112 3349 ἔνορκον
2148 3284 2332 3338 eodem

362 3371 552 3432 mode,
611 3383 715 3438 quo
771 3365 899 3436 quid
949 3366 1110 3419 alicui
1163 3366 1424 3421 ἔνσπονδον
1482 3385 1598 3422 esse
1654 3368 1870 3422 dicitur.
1952 3370 2147 3426 Rarius
2202 3372 2333 3427 illud

360 3450 611 3530 loquendi
649 3470 818 3525 genus
858 3453 1201 3507 obscuratum
1243 3461 1323 3507 est
1375 3455 1515 3525 apud
1567 3455 1932 3528 Thucydidem
1976 3459 2035 3511 V.
2081 3464 2183 3522 25,
2239 3459 2331 3514 uhi

363 3550 418 3600 in
453 3547 567 3617 ipso
605 3542 813 3597 foedere
851 3541 1082 3612 legitur:
1138 3541 1195 3603 ἢν
1235 3542 1287 3595 δέ
1326 3562 1375 3595 τι
1430 3545 1546 3611 δοκῇ
1597 3545 2017 3609 Λακεδαιμονίοις
2060 3548 2145 3600 καὶ
2189 3549 2334 3608 Ἀθη-

362 3636 513 3695 ναίοις
555 3633 838 3698 προσθεῖναι
884 3630 968 3683 καὶ
1010 3632 1231 3699 ἀφελεῖν
1279 3630 1388 3698 περὶ
1427 3638 1517 3693 τῆς
1557 3630 1911 3699 ξυμμαχίας,
1955 3632 1985 3687 δ’
2019 3657 2068 3688 τι
2107 3635 2170 3689 ἂν
2215 3637 2331 3702 δοκῇ
