2436 4068
1360 229 1465 279 198

410 377 432 430 5
491 375 696 441 ἡγεμὼν
752 378 844 434 τῆς
901 370 1148 436 Σπάρτης
1204 370 1383 424 τούσδε
1446 369 1504 423 τέ
1570 388 1644 423 σοι
1713 372 2017 439 χαρίζεσθαι
2073 374 2384 441 βουλόμενος

409 462 799 526 ἀποπέμπει
853 458 948 523 δορὶ
999 458 1121 510 ἑλὼν
1173 456 1259 511 καὶ
1319 459 1529 522 γνώμην
1589 461 1903 522 ποιοῦμαι
1954 462 2062 514 κτὲ.
2117 478 2213 532 pro
2260 465 2387 516 ἀπο-

408 551 633 616 πέμπω,
691 553 750 599 ut
812 550 956 598 recte
1016 545 1274 598 scribitur
1331 562 1445 616 cap.
1483 548 1604 598 157.
1688 554 2011 610 Θεμιςοκλῆς
2062 547 2184 610 ἥκω
2242 550 2387 618 παρά

407 659 483 691 σε.
566 636 735 702 Quam
777 631 1120 703 impudenter
1159 633 1214 685 in
1256 632 1454 687 talibus
1501 631 1708 686 scribae
1764 641 2080 703 grassentur
2127 637 2180 689 in
2226 637 2387 692 Hero·

408 725 532 779 doto
590 736 800 792 quoque
862 719 1194 790 conspicitur
1245 718 1337 774 III.
1386 724 1472 776 14.
1540 719 1632 774 ubi
1695 721 1955 791 legimus:
2017 723 2270 787 δεσπότης
2329 746 2387 779 σε

406 811 703 877 Καμβύσης
727 850 740 872 ,
781 808 1099 873 Ψαμμήνιτε
1123 849 1138 869 ,
1183 808 1364 878 εἰρωτᾷ
1407 807 1531 862 διότι
1572 809 1630 870 δη
1670 810 1762 872 τὴν
1801 810 1896 874 μὲν
1945 810 2206 879 θυγατέρα
2246 813 2388 879 ὁρέων

408 897 769 962 κεκακωμένην
810 895 897 949 καὶ
939 895 1024 948 τὸν
1063 893 1234 950 παῖδα
1274 895 1358 949 ἐπὶ
1400 892 1617 949 θάνατον
1658 897 1907 963 ςείχοντα
1949 898 2066 952 οὔτε
2119 899 2390 966 ἀνέβωσας

407 987 524 1043 οὔτε
565 983 948 1046 ἀπέκλαυσας,
1003 983 1089 1037 τὸν
1137 983 1189 1036 δὲ
1231 983 1443 1051 πτωχὸν
1480 983 1620 1037 οὐδέν
1660 1004 1737 1038 σοι
1782 987 2138 1052 προσήκοντα,
2178 989 2241 1047 ὡς
2293 985 2388 1042 ἀλ-

405 1089 509 1130 λων
549 1071 891 1134 πυνθάνεται,
934 1071 1228 1136 ἐτίμησας;
1274 1072 1458 1126 Lectio
1499 1071 1857 1137 πυνθάνομαι,
1902 1089 2063 1143 quam
2104 1074 2261 1128 multi
2293 1074 2392 1128 Co-

408 1163 556 1218 dices
603 1165 853 1223 servant,
908 1174 1074 1212 manu
1125 1157 1275 1212 ducit
1316 1158 1382 1211 ad
1424 1157 1562 1212 hanc
1617 1161 2036 1214 correctionem:
2096 1163 2392 1228 Καμβύσης

407 1252 591 1319 εἶρωτῶ
639 1248 767 1304 τάδε
791 1266 804 1278 ·
845 1247 899 1302 τί
931 1247 991 1309 δή
1032 1278 1106 1289 -
1142 1252 1196 1300 et
1234 1249 1297 1307 ὡς
1350 1244 1528 1301 ἄλλων
1580 1247 1914 1313 πυνθάνομαι.
1995 1248 2192 1302 Eodem
2236 1249 2392 1303 modo

408 1338 707 1412 Aegyptius
753 1333 897 1389 haud
948 1350 1104 1388 secus
1151 1350 1213 1388 ac
1265 1335 1533 1405 praesenti
1583 1335 1895 1406 respondet:
1955 1333 1990 1389 ὦ
2044 1343 2149 1394 παῖ
2195 1338 2391 1405 Κύρου,

408 1429 516 1482 κτὲ.
597 1423 750 1479 Haud
791 1423 901 1476 scio
939 1438 1007 1476 an
1049 1438 1150 1475 non
1194 1420 1480 1493 Euripides
1518 1422 1571 1475 in
1612 1422 1826 1477 Electra
1867 1439 1942 1476 vs,
1983 1427 2143 1478 1258.

788 1511 1180 1576 Ἀγαμέμνονος
1221 1517 1350 1574 παῖ,
1390 1511 1554 1564 κλῦθι.
1597 1510 1841 1578 δίπτυχοι
1882 1509 1935 1563 δέ
1975 1530 2034 1563 σε

789 1601 1005 1652 καλοῦσι
1047 1600 1236 1664 μητρὸς
1278 1597 1522 1663 σύγγονοι
1565 1597 1854 1665 Διόσκοροι,

406 1686 688 1758 scripserit
735 1687 926 1752 μητρὸς
963 1689 1226 1751 καλοῦμεν
1264 1685 1548 1751 σύγγονοι,
1605 1684 2055 1756 quemadmodum
2099 1687 2153 1739 in
2194 1687 2391 1743 Helena

413 1780 576 1830 1647.
618 1773 817 1844 optime
856 1772 1083 1842 legitur:
1126 1773 1283 1827 δισσοὶ
1327 1772 1382 1827 δέ
1421 1794 1480 1826 σε
1515 1772 1524 1847 Ι
1561 1772 1817 1839 Διόσκοροι
1872 1777 2152 1839 καλοῦμεν.
2235 1773 2392 1829 Simi-

406 1863 532 1919 liter
566 1863 621 1916 in
663 1859 945 1932 Hippolyto
985 1864 1145 1915 1285.
1189 1866 1335 1914 recte
1372 1860 1657 1914 scribitur:

787 1951 990 2008 Λητοῦς
1028 1949 1083 2001 δὲ
1123 1947 1238 2016 κόρη
1281 1952 1328 2002 σ’
1362 1949 1616 2015 ’Ἄρτεμις
1656 1949 1841 2002 αὐδῶ.

791 2038 996 2098 Θησεῦ,
1040 2036 1095 2089 τί
1132 2035 1304 2096 τάλας
1346 2037 1515 2090 τοῖσδε
1556 2038 1787 2099 συνήδεις

411 2126 478 2180 ad
530 2123 671 2195 quod
722 2121 1025 2193 exemplum
1079 2122 1282 2193 refinge
1338 2123 1505 2178 alium
1554 2124 1830 2195 Euripidis
1880 2122 2055 2176 locum
2098 2124 2151 2177 in
2209 2122 2394 2179 Oreste

412 2216 556 2267 1225
599 2228 712 2282 sqq.

711 2294 746 2350 ὦ
787 2297 934 2361 δῶμα
977 2297 1124 2350 ναίων
1166 2299 1342 2359 νυκτὸς
1385 2299 1632 2366 ὀρφναίας
1675 2297 1878 2366 πάτερ,

712 2389 872 2438 καλεῖ
906 2386 954 2438 ο·’
994 2383 1209 2451 Ὀρέςης
1251 2391 1377 2446 παῖς
1418 2386 1503 2446 σὸς
1547 2386 1802 2454 ἐπίκουρον
1841 2393 2019 2451 μολεῖν

713 2479 818 2533 τοῖς
860 2472 1164 2536 δεομένοισι,
1205 2472 1290 2528 διὰ
1331 2474 1388 2526 σὲ
1425 2473 1531 2540 γαρ
1571 2472 1768 2542 πάσχω
1809 2474 1984 2535 τάλας

713 2559 916 2619 ἀδίκως.
958 2561 1260 2627 προδέδομαι
1302 2562 1345 2615 δ’
1386 2562 1486 2616 ὑπὸ
1526 2563 1842 2627 κασιγνήτου
1882 2562 2039 2615 σέθεν.

414 2649 505 2706 uhi
546 2648 688 2702 καλῶ
731 2646 1135 2700 rescribendum
1176 2664 1294 2702 esse
1331 2649 1462 2702 satis
1514 2649 1802 2703 ostendunt
1842 2650 2040 2717 πάσχω
2074 2655 2128 2703 et
2169 2648 2390 2716 προδέδο·

410 2759 528 2805 μαι.
609 2735 670 2788 In
716 2734 831 2788 loco
873 2735 1145 2808 Hippolyti
1196 2735 1437 2807 plerique
1488 2736 1612 2790 libri
1666 2736 1935 2790 tralaticio
1987 2737 2178 2791 mendo
2218 2737 2392 2806 inqui-

410 2825 527 2880 nati
562 2822 813 2878 exhibent
855 2827 1059 2884 Λητοῦς
1097 2823 1148 2876 δὲ
1184 2823 1300 2891 κόρη
1341 2828 1390 2877 σ’
1418 2827 1670 2891 ’Άρτεμις
1709 2827 1847 2895 αὐδᾷ
1888 2841 1983 2896 pro
2038 2827 2226 2887 αὐδῶ,’
2252 2820 2393 2894 quod

409 2914 466 2966 in
507 2928 614 2966 uno
652 2909 788 2963 libro
827 2916 1100 2980 repertum
1146 2910 1562 2967 Valckenaerius
1596 2911 1887 2966 vindicavit
1919 2919 1971 2967 et
2012 2912 2130 2967 aliis
2169 2911 2298 2965 locis
2339 2917 2392 2965 et

411 2999 807 3072 appositissimo
845 2997 943 3051 hoc
984 3014 1047 3052 ex
1088 2996 1273 3053 Oreste
1314 3003 1474 3053 1664.

716 3085 900 3152 Φοῖβός
936 3088 983 3138 σ’
1025 3086 1046 3138 0‘
1086 3090 1291 3147 Λητοῦς
1331 3094 1457 3147 παῖς
1501 3084 1574 3140 δ’δ’
1616 3088 1781 3152 ἐγγὺς
1823 3088 1886 3141 ὢν
1926 3089 2088 3141 καλῶ.

413 3176 507 3247 qui
546 3174 628 3228 vel
687 3172 830 3226 solus
885 3172 1201 3227 confirmare
1253 3175 1386 3227 satis
1424 3181 1634 3245 poterat
1682 3174 1821 3245 quod
1877 3175 2153 3231 dedimus:
2209 3174 2290 3228 ἀεὶ
2339 3173 2391 3228 δέ

411 3285 471 3318 σε
510 3294 586 3302 -
626 3259 976 3324 Θεοκλύμενος
1037 3268 1163 3320 παῖς
1222 3259 1306 3314 ὅδε
1367 3262 1698 3329 προσεννέπω.
1792 3262 1937 3316 Idem
1998 3263 2227 3325 vitium,
2288 3262 2392 3315 nisi

410 3350 756 3405 vehementer
795 3346 981 3408 fallor,
1027 3347 1272 3418 inquinat
1312 3349 1474 3402 Ennii
1528 3365 1740 3403 versum
1785 3349 1925 3421 apud
1974 3351 2281 3404 Ciceronem
2329 3348 2391 3402 de
2428 3367 2434 3371 ·

414 3438 702 3495 Senectute
735 3435 796 3488 V.
843 3438 928 3487 14.
1009 3434 1115 3487 Sua
1164 3437 1299 3489 enim
1353 3437 1479 3490 vilia
1527 3437 1827 3508 insipientes
1883 3446 1931 3491 et
1984 3455 2132 3490 suam
2188 3437 2393 3507 culpam

411 3527 467 3578 in
507 3531 815 3579 seneclutem
855 3524 1155 3593 conferunt:
1209 3522 1345 3596 quod
1377 3542 1476 3579 ιιοιι
1517 3525 1742 3596 faciebat
1775 3526 1844 3592 ιέ,
1886 3526 2032 3581 cuz-'us
2069 3525 2216 3580 modo
2253 3543 2387 3578 men-

413 3614 600 3667 tionem
641 3611 778 3682 fec-i,-
826 3608 1068 3664 Ennius:
