2436 4068
1316 243 1382 292 94

346 389 576 457 ὑπερεῖδε
615 389 762 442 ταῦθ’
796 385 819 439 ὃ
860 390 1142 452 προσαιτῶν
1182 383 1268 437 καὶ
1305 387 1500 451 ῥυπῶν,
1542 383 1596 437 id
1625 389 1706 438 est
1742 381 1977 438 Bentleio
2016 383 2330 455 interprete:

345 476 612 532 contemsit
650 476 751 529 ista
791 473 1057 526 mendicus
1095 471 1189 525 ille
1230 478 1277 523 et
1318 470 1592 534 sordium,
1646 469 1738 524 sed
1789 472 2021 539 ὑπερεῖδε
2064 463 2335 542 significat

340 571 649 635 aspernatus
688 570 796 625 est,
837 566 890 613 et
932 558 1062 630 quid
1103 574 1301 629 quaeso
1342 565 1445 612 est:
1499 557 1761 612 Monimus
1800 558 2095 612 decantatas
2134 560 2331 631 sapien·

340 653 470 705 tium
523 649 799 705 sententias
851 654 1159 716 aspernatus
1225 646 1348 699 est?
1408 645 1575 711 nihil,
1629 646 1831 717 opinor.
1912 647 2020 700 Fac
2069 649 2334 700 contemsit

340 739 662 810 significare.
744 734 883 802 Quid
934 749 1127 788 causae
1168 740 1249 788 est
1297 749 1396 787 cur
1446 733 1605 787 homo
1658 733 1870 804 sapiens
1924 732 2137 788 dicatur
2183 751 2330 805 prae·

337 828 481 882 clara
529 826 672 878 dicta
719 829 964 877 veterum
1025 821 1406 876 contemnere?
1487 822 1556 875 At
1606 820 1743 874 nihil
1797 820 1989 874 horum
2041 821 2332 876 Menander

336 915 487 968 dixit.
567 912 628 966 In
672 909 955 969 Codicibus
995 916 1073 964 est
1112 909 1362 963 omnihus
1404 910 1528 976 ὑπὲρ
1562 909 1614 963 δὲ
1655 910 1821 972 ταῦθ’,
1862 908 2003 979 quod
2045 908 2332 964 infeliciter

336 1000 626 1056 admodum
648 997 887 1068 Scaliger
927 998 980 1051 in
1023 999 1256 1065 ὑπερεῖδε
1299 998 1562 1060 mutavit,
1602 1013 1763 1067 quem
1803 996 2107 1050 inconsulto
2145 996 2331 1051 Critici

336 1105 521 1143 omnes
562 1092 879 1158 sequuntur.
960 1085 1234 1155 Superavic
1274 1083 1405 1139 haec
1455 1085 1636 1138 omnia
1675 1084 1942 1137 Monimus
1968 1125 1981 1148 ,
2026 1085 2182 1138 cuius
2222 1083 2331 1138 dic·

337 1184 454 1231 tum
493 1178 601 1230 ποῖν
638 1175 696 1228 τὸ
742 1174 1038 1242 ὑποληφθὲν
1071 1171 1240 1242 »sceda
1278 1173 1354 1229 ε’ςι
1396 1171 1687 1227 Menandro
1726 1171 1940 1225 videtur
1979 1170 2330 1226 celebratissi-

335 1265 440 1318 mis
482 1269 721 1318 veterum
773 1261 1092 1325 sententiiS,
1146 1267 1252 1321 τοῖς
1290 1261 1567 1326 βοωμένοις
1615 1260 1848 1324 τούτοις,
1898 1259 2330 1331 anteponendum

334 1369 484 1416 esse,
541 1357 594 1405 et
633 1349 934 1403 rectissime
983 1347 1120 1402 dixit
1159 1348 1297 1402 οὐδὲν
1348 1349 1572 1418 ἐμφερὲς
1622 1356 1729 1410 τοῖς
1778 1348 2053 1414 βοωμένοις
2091 1347 2325 1410 τούτοις,

335 1442 459 1507 ὑπὲρ
507 1440 559 1494 δὲ
608 1442 801 1492 ταῦτα.
882 1436 1164 1491 Caeterum
1217 1452 1323 1490 non
1364 1436 1582 1490 aliunde
1621 1452 1784 1507 quam
1832 1451 1894 1488 ex
1930 1433 2030 1489 hoc
2070 1435 2185 1506 ipso
2222 1426 2332 1490 Me?

334 1527 527 1582 nandri
567 1525 681 1580 loco
722 1531 965 1579 sumtum
1002 1530 1082 1579 est
1123 1522 1176 1576 id
1219 1523 1360 1595 quod
1400 1524 1601 1595 legitur
1637 1522 1779 1595 apud
1819 1523 2060 1577 Marcum
2101 1523 2327 1577 Antoni-

337 1631 467 1668 num
503 1613 569 1667 ΙΙ.
614 1619 700 1668 15.
741 1609 817 1666 ἔτι
856 1614 962 1666 πέἑν
1006 1611 1284 1679 ὑπόληψις.
1325 1612 1462 1676 δῆλοι
1501 1613 1596 1678 μὲν
1637 1611 1744 1679 γὰρ
1785 1611 1856 1666 τοὶ
1898 1612 2019 1678 πρὸς
2065 1615 2153 1666 τοῦ
2197 1632 2326 1667 κυνι-

333 1706 420 1757 κοῦ
456 1701 690 1766 Μονίμου
722 1699 1007 1765 λεγόμενοι.

428 1790 718 1859 Postquam
772 1786 1062 1841 Menandro
1113 1786 1380 1846 laboranti
1438 1793 1701 1859 quantum
1765 1787 2041 1859 potuimus
2098 1786 2325 1841 tulimus

335 1893 486 1950 opem
510 1875 696 1931 reddet
730 1875 882 1929 nohis
916 1874 1054 1929 hanc
1077 1892 1293 1948 operam
1335 1878 1450 1942 sic,
1490 1884 1552 1932 ut
1592 1877 1709 1931 eius
1749 1876 2071 1930 auctoritate
2105 1881 2325 1928 utamur

334 1965 402 2019 ad
441 1961 802 2018 emendandos
835 1962 977 2017 locos
1000 1964 1258 2035 quosdam
1282 1964 1509 2020 aliorum
1533 2007 1547 2030 ‚
1587 1971 1642 2020 et
1679 1963 1820 2035 quod
1854 1961 1996 2035 apud
2026 1979 2150 2017 eum
2178 1967 2325 2015 recte

332 2059 385 2107 et
424 2051 704 2107 emendate
743 2051 1007 2123 scriptum
1049 2059 1294 2124 superest
1332 2052 1501 2107 facem
1540 2052 1692 2107 nobis
1728 2049 1992 2123 praeferat
2034 2049 2101 2104 ad
2141 2048 2324 2120 depre-

333 2139 669 2194 hendendam
705 2138 908 2203 labem,
949 2156 1108 2210 quam
1148 2141 1429 2212 populares
1461 2139 1680 2212 quidam
1722 2140 1838 2194 eius
1874 2144 1968 2193 aut
2008 2136 2099 2192 alii
2135 2137 2325 2192 Graeci

333 2229 622 2300 scriptores
660 2225 787 2280 olim
828 2229 1217 2282 contraxerint.
1297 2229 1540 2283 Primum
1573 2228 1815 2282 omnium
1859 2225 2168 2298 planissime
2201 2241 2323 2279 con-

332 2315 568 2372 firmabit
608 2314 1027 2377 correctionem,
1085 2332 1191 2386 qua
1244 2315 1696 2387 pseudo-Luciani
1735 2315 1912 2368 locum
1968 2314 2024 2367 in
2077 2313 2212 2367 libro
2260 2313 2323 2366 de

330 2404 610 2460 Amoribus
630 2419 803 2474 nuper
838 2402 1198 2457 restituimus
1231 2402 1527 2458 Scholiasta
1568 2402 1838 2474 Aristoph.
1880 2401 1946 2456 ad
1987 2401 2124 2456 Aves
2139 2399 2319 2474 2125&

324 2491 541 2547 erudite
580 2491 835 2546 docuerat
869 2489 1110 2554 πατάξαι
1148 2506 1180 2544 a
1224 2489 1453 2546 Comicis
1495 2494 1566 2554 εἷς
1614 2493 1673 2547 τὸ
1714 2490 2060 2559 κοικέμφοιτον
2104 2488 2187 2562 (ut
2231 2489 2321 2543 isti

327 2580 627 2650 loquuntur
660 2578 727 2633 de
757 2577 936 2633 verbis
969 2578 1331 2652 praetextatis)
1374 2580 1546 2652 accipi
1581 2580 1766 2635 solere.
1849 2577 2038 2632 Trahit
2076 2576 2183 2631 huc
2214 2598 2319 2645 χοι-

322 2667 572 2737 ιμοιιτπέπνι
622 2665 794 2740 (unde
839 2667 1224 2736 χοομοοιτυπίοο,
1278 2675 1703 2734 χοομοοιτυπεῖον,
1760 2671 2129 2735 χαμαιτυπεῖν
2177 2664 2320 2737 apud

328 2754 558 2827 Hesych.
638 2753 712 2808 Cf.
755 2754 1037 2828 Wyttenb.
1074 2754 1141 2809 ad
1180 2754 1318 2810 Plut.
1355 2756 1537 2810 Moral.
1581 2774 1630 2828 p.
1657 2761 1707 2810 5.
1750 2755 1830 2827 Β.)
1874 2761 1926 2809 et
1965 2770 1994 2808 e
2029 2752 2319 2808 Menandro

331 2841 488 2897 affert
528 2843 692 2910 πρώην
744 2841 874 2910 ἄροιο
914 2841 1194 2907 ε’ποὶτοιξοο,
1234 2842 1378 2897 unde
1411 2843 1614 2915 liquido
1646 2850 1866 2915 apparet
1902 2841 2062 2897 verba
2097 2840 2319 2913 pseudo-

331 2930 553 2986 Luciani
593 2933 690 2993 58,
733 2934 820 2984 53.
874 2928 970 2985 εἶτ’
1025 2931 1131 2984 οέπὸ
1171 2936 1269 2985 τῶν
1316 2937 1483 2999 μηρῶν
1534 2931 1997 3000 προοιμιασάμενος
2051 2929 2195 2984 uon-0³⁶
2234 2929 2322 2983 τὸν

326 3018 550 3085 κωμικὸν
593 3019 752 3072 αὐτὸ
798 3017 1135 3081 ε’ποὶτοοξεν
1192 3019 1525 3075 emendanda
1573 3037 1688 3075 esse
1730 3021 1784 3073 in
1838 3017 1966 3086 ἄροιο
2019 3016 2317 3081 ε’ποέτοιξεν,

326 3113 386 3161 et
431 3105 708 3159 Menandri
750 3105 882 3160 haec
934 3105 1096 3160 verba
1137 3123 1254 3162 esse
1304 3124 1400 3179 per
1451 3108 1626 3162 iocum
1677 3114 1730 3162 et
1777 3108 1948 3161 risum
2006 3122 2071 3160 ex
2115 3105 2317 3159 Aristo-

328 3193 522 3269 phanis
566 3193 853 3264 Equitihus
899 3197 1056 3249 1150.
1113 3193 1219 3249 huc
1264 3195 1540 3249 translata.

409 3280 621 3353 Optime
660 3281 948 3335 Menander
976 3281 1041 3336 de
1075 3282 1338 3338 Aeschine
1376 3284 1572 3338 mereri
1614 3283 1839 3356 poterit,
1881 3283 1925 3336 si
1961 3282 2083 3353 quis
2121 3281 2318 3335 utrius-

325 3386 435 3441 que
473 3368 649 3423 locum
690 3385 1006 3439 componere
1045 3369 1276 3425 voluerit
1316 3388 1381 3426 ex
1415 3388 1644 3442 quorum
1699 3370 2095 3441 comparatione
2133 3366 2315 3422 Orato-

330 3457 409 3511 ris
449 3473 642 3510 manus
681 3473 936 3528 apparere
983 3457 1166 3528 possit.
1249 3457 1442 3513 Suidas
1483 3476 1548 3513 ex
1589 3458 1765 3529 aliqua
1814 3458 1981 3512 veteri
2033 3454 2171 3519 λέξει
2217 3478 2310 3510 κω·

325 3554 456 3615 ,μικῇ
510 3544 641 3599 haec
693 3544 960 3615 descripta
1016 3545 1247 3598 servavit
1286 3562 1335 3597 v.
1415 3548 1520 3608 Εἰς
1576 3546 1818 3612 οὶγορδιν
1870 3545 2200 3613 ὑφοοίνεινε
2255 3543 2313 3597 τὸ

326 3635 403 3695 εἷς
444 3634 534 3696 τὴν
575 3633 771 3701 οὶγοροὶν
819 3632 1049 3702 ἐκφέρειν
1079 3632 1150 3686 τοὶ
1194 3632 1532 3702 ὑφοιινόμενοο.
1589 3632 1714 3690 οὕτω
1767 3634 2070 3701 Μένανδρος.
2154 3631 2314 3687 Plane
