2436 4068
1277 235 1383 284 516

437 377 497 431 In
539 376 738 431 Hellen.
765 377 849 430 Vl.
891 395 923 431 1.
964 383 1012 430 5.
1054 377 1220 440 ξένους
1251 378 1356 444 ἔχω
1405 378 1817 449 [μισθοφόρους],
1859 380 1963 434 illis
2004 379 2332 450 temporibus

363 465 480 527 τοὺς
513 466 844 533 μισθοφόρους
894 465 1196 519 honestiore
1230 473 1281 519 et
1322 464 1595 518 blandiore
1654 468 1868 521 nomine
1906 467 2072 531 ξένους
2109 469 2334 539 appella-

361 551 508 607 bant.
586 553 717 607 lbid.
762 552 846 605 VI.
889 570 923 605 1.
968 558 1016 606 5.
1067 555 1158 615 τὴν
1200 553 1450 620 ὑμετέροιν
1492 553 1640 606 πόλιν
1690 553 2041 628 [Φάρσαλον],
2082 555 2334 610 manifes-

361 644 478 695 tum
519 640 943 695 additamentum
984 646 1129 694 recte
1169 639 1453 695 Sohael‘ero
1500 648 1750 695 monente
1799 643 2026 697 Dindorf
2059 661 2203 698 nunc
2243 643 2334 697 eli-

359 729 601 782 minavit.
690 726 821 781 lbid.
864 728 951 782 VI.
992 745 1026 782 1.
1076 731 1159 782 15.
1209 731 1298 783 οὐκ
1351 731 1439 793 ἤδη
1493 729 1814 793 ἀνέγκλητος
1868 730 1931 785 ἂν
1981 732 2182 792 δικαίως
2228 731 2332 793 εἴης

363 815 461 889 [ἐν]
504 824 569 885 τῇ
601 816 840 883 πατρίδι,
882 814 912 878 1‘4‘
947 838 1006 870 σε
1035 823 1195 887 τιμᾷ,
1237 826 1391 872 nocet
1431 816 1713 870 manifesto
1749 819 2043 872 sententiae
2073 820 2210 873 male
2245 819 2331 873 ad-

355 903 468 956 dita
518 905 857 975 praepositio,
935 906 1283 971 Ἀνέγκλητος
1324 903 1375 960 εἴ
1408 913 1472 973 τῇ
1526 906 1732 972 πατρίδι
1771 906 2039 976 significat
2084 910 2173 962 οὐκ
2219 906 2331 974 ἔχει

355 993 385 1053 ἦ
432 991 617 1058 πατρὶς
658 990 688 1045 δ’
717 1013 766 1046 τι
807 1013 881 1046 σοι
925 994 1151 1058 ἐγκαλεῖ
1192 1002 1245 1048 et
1284 993 1336 1047 id
1379 995 1552 1064 ipsum
1607 992 1756 1046 locus
1811 994 2057 1065 postulat.
2138 994 2331 1050 Statim

352 1085 474 1149 post
509 1079 563 1132 in
607 1083 634 1150 §
675 1085 761 1134 14.
802 1081 981 1149 νομίζω
1019 1080 1173 1143 οὕτως
1211 1082 1351 1149 ἔχειν
1385 1114 1462 1122 -
1501 1083 1616 1151 [ὡς]
1657 1083 1698 1135 εἰ
1740 1082 1834 1146 μὲν
1874 1081 2137 1151 πέμψετε.
2217 1084 2331 1138 Non

352 1172 462 1220 tam
505 1169 822 1224 inconcinne
861 1169 1101 1240 loquitur
1140 1169 1454 1241 Xenophon:
1498 1168 1843 1223 incidendum
1886 1177 1967 1223 est
2006 1178 2125 1241 post
2162 1171 2331 1240 ἔχειν,

350 1253 543 1310 deinde
592 1265 740 1312 recta
791 1260 1030 1312 oratione
1070 1258 1364 1312 utendum:
1421 1260 1462 1311 εἰ
1503 1257 1599 1322 μέν
1651 1258 1760 1311 κτὲ.
1841 1257 1972 1310 lbid.
2011 1258 2094 1314 VI.
2143 1277 2196 1313 ιι.
2241 1264 2328 1315 56.

348 1345 413 1405 ὦς
455 1344 484 1407 ἢ
520 1345 836 1412 πραξόμενος
876 1346 1178 1412 πάμπολλα
1222 1348 1479 1414 χρήματα
1515 1348 1543 1411 ἢ
1593 1346 1703 1419 [ὡς]
1747 1347 2026 1410 πωλήσων,
2067 1347 2182 1401 fieri
2225 1365 2327 1402 non

351 1438 526 1502 potest
568 1442 627 1488 ut
680 1438 745 1495 ὠς
800 1442 1091 1506 repetatur.
1172 1434 1332 1489 Vides
1380 1451 1542 1506 quam
1594 1450 1750 1505 saepe
1799 1432 1996 1487 chorda
2049 1434 2330 1491 oberretur

348 1519 551 1574 eadem.
631 1523 779 1578 Duae
812 1522 1081 1577 litterulae
1121 1524 1308 1578 vitiose
1342 1522 1676 1578 abundantes
1717 1522 2012 1576 sententiae
2053 1522 2134 1576 bis
2175 1523 2329 1579 vehe-

349 1615 561 1662 menter
601 1609 843 1664 officiunt
884 1611 970 1664 Vl.
1012 1628 1086 1664 111.
1134 1615 1218 1665 10.
1258 1620 1364 1672 τοῖς
1398 1611 1782 1677 ἁμαρτάνουσιν
1817 1610 2057 1664 οὐδέποτε
2093 1610 2167 1665 ἔτι
2200 1631 2327 1680 χρη-

347 1696 457 1753 ςέον
497 1704 549 1751 et
597 1699 791 1754 δοκοῦσι
844 1699 895 1753 δέ
935 1718 1019 1764 μοι
1060 1698 1147 1752 καὶ
1195 1699 1515 1767 εὐπορώτεροι
1558 1699 1713 1753 ἐνίοτε
1753 1699 2026 1764 γίγνεσθαι
2083 1697 2326 1767 ἅνθρωποι

344 1784 731 1853 ἁμαρτάνοντες
755 1830 769 1850 ,
813 1786 1114 1841 subridebis
1151 1786 1281 1841 haec
1319 1786 1560 1857 relegens
1599 1786 1687 1840 ubi
1731 1786 1864 1840 mihi
1903 1785 2118 1840 dederis
2157 1788 2324 1854 οὲμαρ-

345 1877 514 1928 τοῦσιν
549 1882 602 1929 et
634 1875 957 1943 ἁμαρτόντες
997 1876 1261 1947 scriptum
1298 1875 1596 1946 oportuisse
1629 1882 1684 1929 et
1720 1874 1844 1930 olim
1885 1875 2149 1945 scriptum
2187 1891 2325 1930 esse:

342 1960 464 2016 vide
504 1970 682 2017 autem
739 1980 876 2034 quae
931 1965 1114 2018 statim
1166 1970 1484 2035 sequuntur.
1567 1963 1741 2018 Simili
1783 1961 1848 2017 de
1896 1979 2060 2016 causa
2099 1963 2325 2017 restitue

343 2050 430 2104 Vl.
471 2068 539 2104 iv.
584 2056 634 2105 8.
686 2052 998 2105 ὑποπιόντων
1040 2069 1134 2123 pro
1193 2052 1561 2115 ὑποπινόντων,
1615 2058 1668 2105 et
1710 2051 1822 2105 Vll.
1864 2068 1938 2104 111.
1981 2054 2031 2104 5.
2091 2053 2134 2104 οἱ
2183 2052 2323 2116 ὑμᾶς

341 2138 605 2207 προδόντες
637 2138 727 2192 uhi
763 2139 943 2193 editur
973 2140 1304 2207 προδιδόντες.
1384 2139 1577 2193 Contra
1613 2139 1724 2193 Vll.
1763 2157 1835 2192 111.
1875 2143 1924 2194 7.
1966 2138 2190 2192 emenda
2226 2145 2324 2194 τῶν

339 2231 569 2295 φανερῶς
620 2227 944 2294 προδιδόντων
996 2245 1091 2299 pro
1142 2228 1368 2283 lectione
1424 2232 1522 2281 τῶν
1571 2230 1800 2294 φανερῶς
1856 2227 2120 2294 προδοτῶν.
2210 2226 2323 2280 Non

337 2316 519 2369 minus
558 2315 737 2385 inepte
775 2315 976 2369 dieitur
1015 2319 1059 2371 οἱ
1098 2322 1329 2386 φανερῶς
1371 2314 1610 2382 προδόται
1649 2331 1806 2385 quam
1849 2315 1892 2368 οἱ
1931 2319 2099 2374 κακῶς
2139 2311 2319 2381 άνθρω·

335 2422 453 2466 ποι,
493 2402 840 2474 quamobrem
881 2411 991 2457 tam
1046 2403 1202 2458 facile
1241 2411 1321 2458 est
1373 2404 1426 2455 in
1479 2401 1676 2456 talibus
1717 2401 1980 2472 dispicere
2018 2417 2155 2472 quae
2194 2418 2319 2456 vera

334 2490 605 2562 scriptura
661 2491 747 2544 sit.
836 2493 1024 2563 Itaque
1075 2493 1243 2545 miror
1301 2489 1634 2545 Dindorfinm
1682 2490 1916 2543 retinere
1972 2491 2209 2560 potuisse
2249 2490 2316 2544 ΙΙ.

334 2597 409 2633 111.
453 2583 543 2634 58.
581 2580 697 2640 τοὺς
746 2581 1161 2646 ὁμολογουμένως
1201 2578 1572 2648 συκοφάντας,
1614 2576 1706 2630 ubi
1745 2576 1885 2648 quod
1925 2577 2030 2631 duo
2070 2576 2192 2630 libri
2233 2577 2319 2631 de-

335 2667 530 2722 derunt
552 2669 1000 2734 ὂμολογουμένους,
1036 2671 1195 2723 etiam
1238 2668 1283 2720 si
1319 2683 1503 2720 omnes
1540 2665 1662 2718 libri
1698 2673 1885 2719 contra
1908 2673 2143 2729 starent,
2181 2674 2320 2719 esset

334 2756 746 2810 restituendum.
802 2757 997 2811 Contra
1039 2755 1348 2811 adverbium
1384 2770 1480 2825 pro
1515 2753 1777 2807 adiectivo
1818 2753 2180 2825 reponendum
2205 2753 2318 2808 Vll.

333 2860 406 2898 111.
451 2847 504 2899 8.
559 2844 798 2911 προδότης
837 2867 904 2910 γε
944 2848 1047 2911 μην
1087 2846 1166 2905 τίς
1203 2842 1267 2898 ἂν
1314 2842 1708 2911 περιφανές-ερος
1755 2842 2013 2910 Εὔφρονος
2047 2841 2154 2903 sin:
2208 2842 2317 2895 imo

334 2947 460 2984 vero
511 2933 940 3000 περιφανέςερον,
998 2950 1119 2986 nam
1162 2932 1422 2987 Graecum
1463 2936 1542 2983 est
1585 2929 1827 2995 προδότης
1868 2930 1944 2987 ε’ςὶ
1993 2931 2319 2998 περιφανῶς,

333 3035 437 3072 non
480 3022 783 3088 περιφανής.
863 3021 1141 3075 Contrario
1179 3021 1308 3073 vitio
1356 3024 1636 3090 peecatum
1682 3024 1764 3070 est
1806 3017 1894 3071 VI.
1937 3034 2005 3070 1v.
2050 3021 2137 3071 29.
2180 3017 2316 3071 πάνυ

332 3107 622 3173 μετρίως
676 3108 836 3176 ἓκάςη
898 3109 1045 3162 πόλει
1099 3108 1610 3173 ἐπαγγελλομένων,
1671 3112 1726 3158 at
1779 3112 1838 3158 lu
1895 3103 2118 3158 emenda
2177 3104 2314 3158 πάνυ

331 3195 610 3262 μετρίων.
691 3196 821 3249 lbid.
865 3197 953 3250 VI.
996 3215 1066 3250 lv.
1113 3201 1198 3250 15.
1254 3196 1340 3250 καὶ
1383 3197 1440 3257 δὴ
1495 3193 1635 3264 [καὶ]
1676 3195 1718 3245 οἱ
1760 3195 1937 3252 ἱππεῖς
1992 3192 2313 3258 συνεβεβλή-

330 3300 521 3345 κεσαν,
566 3283 846 3337 molestum
889 3285 979 3337 καί
1019 3284 1259 3355 plerique
1310 3283 1432 3336 libri
1485 3288 1633 3334 reete
1685 3281 1959 3332 omittunt.
2041 3279 2174 3334 lbid.
2218 3281 2310 3336 Vl.

330 3387 397 3424 1v.
442 3374 529 3425 25.
571 3372 883 3436 άπηγγέλθη
935 3369 1010 3425 ὅτι
1053 3371 1228 3433 εἴησαν
1271 3373 1380 3441 [αἱ]
1434 3369 1683 3428 σπονδαί,
1729 3368 1946 3436 spurius
1991 3374 2064 3420 est
2112 3369 2310 3422 articu-

328 3458 431 3515 lus.
511 3458 767 3529 Compara
809 3458 975 3512 Anab.
1013 3459 1078 3512 ΙΙ.
1123 3477 1160 3513 1.
1205 3463 1269 3512 21
1318 3466 1370 3510 et
1414 3460 1483 3509 ‘22
1526 3457 1688 3509 εἰπεῖν
1723 3454 1986 3507 ἐκέλευσεν
2018 3452 2093 3508 ὅτι
2136 3456 2310 3520 μένου-

328 3568 376 3600 σι
415 3547 510 3611 μὲν
549 3550 707 3601 αὐτοῦ
761 3547 971 3601 σπονδαὶ
1014 3547 1230 3612 εἴησαν,
1295 3547 1512 3612 προϊοῦσι
1567 3543 1618 3595 δὲ
1657 3542 1742 3596 καὶ
1799 3544 2007 3596 άπιοῦσι
2061 3543 2306 3608 πόλεμος.

324 3634 454 3689 lbid.
492 3635 578 3689 VI.
622 3653 688 3689 lv.
735 3639 823 3691 28.
875 3635 958 3689 δια
1000 3636 1058 3689 τὸ
1102 3635 1224 3705 [τῷ]
1281 3631 1413 3700 νόμῳ
1453 3637 1732 3686 Θετταλῶν
1783 3631 1946 3695 ταγὸς
1991 3631 2305 3693 καθεςάναι,
