2436 4068
1041 243 1107 295 77

95 387 385 452 fuderunt,
440 392 499 441 ut
547 385 688 458 apud
737 386 867 441 istos
916 386 1131 459 quidem
1174 387 1476 459 promiscue
1525 391 1794 458 ponantur
1839 381 2079 458 nihilq'u'c
2158 460 2160 463 ι

93 476 257 531 tribui
278 475 444 547 possit
465 473 641 537 libris,
682 491 815 545 quos
849 475 938 529 isti
980 476 1315 546 scripserint.
1397 474 1579 547 Neque
1610 481 1873 540 metrum,
1904 492 2076 546 neque

90 563 368 633 analogia,
409 579 580 634 neque
603 560 748 615 aliud
773 561 1069 633 quidquam
1108 562 1492 618 homunciones
1529 569 1774 627 coercet,
1815 580 1910 635 per
1945 565 2082 634 quos'

89 653 133 705 si
166 650 404 704 stetisset
438 649 642 704 multae
675 647 877 702 formae
909 650 1163 720 antiquae
1192 658 1247 705 et
1281 650 1476 722 probae
1508 651 1624 706 sine
1653 652 1879 722 vestigio
1912 651 2077 705 inter-

85 736 358 794 cidissent.
438 736 744 807 Numquam
784 735 894 789 vidi
932 735 1178 791 Codicem
1214 738 1478 794 Graecum
1515 739 1569 793 in
1612 756 1717 811 quo
1751 759 1794 793 ει
1824 745 1882 794 et
1916 750 2081 792 rnon

84 825 331 897 imperite
371 829 848 895 permutarentur‚
891 830 1080 895 estque
1114 823 1246 879 adeo
1286 843 1346 880 ea
1383 826 1712 898 negligentia
1744 826 1986 882 crebrior
2020 826 2080 878 in

84 910 514 983 antiquioribus,
564 911 617 964 in
654 909 851 982 quibus
890 910 1164 965 abundant
1206 910 1408 967 formae
1446 914 1705 970 barbarae
1745 932 1810 970 ex
1841 932 1903 970 eo
1943 914 2074 968 vitio

84 1007 258 1055 natae.
337 997 584 1054 Editores
612 1015 676 1052 ex
708 1014 770 1053 ea
800 999 952 1070 copia
983 998 1173 1053 bonam
1206 1005 1413 1070 partem
1445 1002 1753 1071 corrigunt,
1792 1008 1874 1057 sat
1905 1001 2076 1056 multa

85 1089 286 1143 intacta
327 1085 657 1157 relinquunt.
739 1086 911 1154 Quam
940 1103 1096 1158 saepe
1129 1087 1487 1157 ἀριςοφανιος,
1526 1089 1831 1157 ζηνοδότιος,
1872 1089 2077 1158 ἀριςοὶρ·

84 1195 230 1244 χιος,
280 1174 557 1241 ε’πικούριος
596 1174 649 1228 ἰι]
685 1173 946 1229 Athenaei
986 1173 1177 1229 Codice
1212 1174 1454 1247 legitur?
1535 1175 1840 1230 Emendant
1873 1176 2079 1231 sedule.

84 1264 152 1319 At
195 1261 507 1328 Μεγαλλιος
542 1279 639 1335 pro
677 1260 1017 1327 Μεγαλλειος
1067 1278 1222 1317 nemo
1262 1263 1485 1334 corrigit
1533 1264 1588 1318 in
1640 1263 1838 1319 Eubuli
1882 1264 2074 1319 Athen.

85 1350 199 1405 XII.
236 1355 363 1406 553.
398 1351 454 1404 B.

232 1440 321 1493 καὶ
362 1439 479 1500 τοὺς
520 1437 683 1499 πόδας
738 1436 748 1509 Ι
798 1438 1054 1507 ἀλει’ψατ’
1094 1440 1255 1494 αὐτοῦ
1296 1441 1367 1508 τῷ
1410 1440 1710 1509 Μεγαλλίῳ
1749 1440 1920 1509 μύρῳ.

84 1534 178 1583 aut
218 1528 271 1581 in
314 1525 691 1582 Anaxandride
732 1525 858 1580 ibid.
899 1526 1011 1581 XV.
1058 1529 1185 1581 691.
1230 1528 1289 1582 Α.

384 1616 557 1682 μύροις
598 1616 957 1680 Μεγαλλίοισι
995 1616 1127 1681 σῶμ’
1167 1615 1484 1686 ἀλείφεται.

88 1711 181 1760 aut
222 1704 275 1758 in
318 1700 806 1775 Amphideneodem
840 1701 982 1758 loco:

387 1790 551 1846 ἔπειτ’
586 1791 830 1860 ἀλείφειν
868 1792 938 1859 ’τῷ
971 1792 1272 1861 Μεγαλλίῳ
1303 1793 1461 1860 μύρῳ.

159 1880 326 1935 Periit
366 1877 750 1951 propemodum
793 1879 848 1932 in
891 1878 1054 1934 Codd.
1097 1879 1262 1952 proha
1302 1879 1473 1934 forma
1515 1878 1843 1945 Ἀκαδήμεια
1884 1880 2076 1935 scribis

86 1967 196 2022 sere
245 1966 497 2021 omnihus
541 1966 684 2021 fideli
725 1965 1010 2022 concordia
1046 1967 1100 2021 in
1142 1966 1444 2032 Ἀκαδημία
1484 1967 1936 2040 conspirantibus.
2019 1969 2076 2024 Si

86 2057 138 2109 in
178 2061 334 2127 poeta
372 2053 574 2125 legitur
602 2060 837 2109 metrum
871 2053 1222 2127 pessumdant
1261 2054 1355 2110 sed
1385 2054 1520 2110 nihil
1550 2055 1678 2111 mali
1709 2057 2071 2129 suspicantur.

86 2142 266 2198 Alexis
304 2139 448 2214 apud
487 2141 683 2198 Athen.
722 2142 1024 2217 X111.1610.
1065 2142 1126 2197 Ε.

382 2231 524 2283 τοῦτ’
557 2228 660 2286 ἔςιν
698 2231 1031 2296 Ἀκαδημία,
1072 2235 1223 2286 τοῦτο
1265 2229 1609 2300 Ξενοκράτης,

82 2318 280 2374 dixisse
314 2316 607 2389 putabatur
646 2324 699 2372 et
733 2317 918 2372 Sotion
960 2317 1088 2373 ibid.
1130 2319 1268 2373 VIII.
1313 2322 1440 2374 556.
1482 2319 1542 2374 E.

382 2406 631 2471 Λύκειον,
670 2407 1033 2473 Ἀκαδημίαν,
1075 2408 1304 2463 Ὠιδείου
1341 2407 1551 2469 πύλας.

82 2501 137 2550 et
175 2494 456 2567 Epicrates
493 2493 621 2549 ibid.
658 2493 723 2549 11.
761 2498 850 2550 59.
884 2495 948 2551 D.
989 2496 1044 2549 in
1085 2495 1421 2568 anapaestis:

379 2583 432 2636 ἐν
467 2582 775 2648 γυμνασίοις
810 2584 1137 2651 Ἀκαδημίας
1156 2625 1168 2638 .

78 2676 133 2726 et
171 2670 248 2725 sic
285 2670 339 2725 in
380 2669 623 2725 Nubibus
667 2675 810 2728 1002
848 2672 1039 2745 optimi
1078 2671 1297 2727 Codices
1338 2674 1466 2727 ἀλλ’
1506 2674 1577 2735 εἷς
1615 2673 1944 2739 Ἀκαδημίαν
1978 2694 2070 2729 κα·

77 2760 194 2814 τιῶν
238 2758 494 2814 exhibent
534 2765 721 2814 contra
771 2767 1026 2816 metrum.
1107 2760 1525 2834 Nonnumquam
1562 2761 1751 2816 Critici
1787 2761 1842 2815 in
1883 2761 2068 2817 eodem

79 2844 335 2902 vocabulo
374 2846 654 2918 corrigunt
690 2846 790 2902 hoc
831 2848 1023 2903 vitium
1070 2848 1160 2903 ubi
1210 2850 1370 2904 metri
1420 2850 1712 2906 necessitas
1759 2851 1926 2922 cogit,
1980 2867 2067 2906 ne-

78 2934 289 3008 gligunt
328 2934 421 2990 ubi
462 2933 609 2990 nulla
654 2941 735 2990 est
777 2932 1087 2991 huiusmodi
1125 2937 1471 3002 πειθανοέγκη.
1568 2937 1842 3010 Defungar
1892 2955 2066 2994 exem·

80 3021 165 3096 plo
207 3038 312 3078 uno
352 3021 442 3078 sed
478 3022 768 3078 luculento,
849 3023 1036 3079 Graeci
1073 3022 1323 3080 dicebant
1354 3026 1615 3096 καθάρειος
1651 3033 1709 3080 ut
1747 3034 2034 3093 μεγαλεῖος

76 3108 312 3166 librariis
352 3110 586 3178 καθάριος
617 3110 853 3167 scribere
889 3112 1218 3184 praeplacet,
1262 3112 1402 3169 unde
1434 3113 1566 3170 haec
1599 3115 1729 3169 vitia
1760 3122 1885 3171 nata
1915 3123 2055 3171 sunt:

78 3197 320 3255 Eubulus
356 3198 547 3254 Athen.
583 3198 699 3253 VII.
742 3203 866 3253 511.
912 3199 971 3254 D.
1015 3207 1068 3256 et
1107 3201 1388 3275 Ephippus
1408 3201 1546 3258 VIII.
1589 3207 1716 3258 559.
1760 3203 1818 3258 A.

374 3288 448 3353 μη
489 3292 786 3348 πολυτελῶς
827 3288 976 3342 ἀλλὰ
1017 3290 1265 3357 καθαρίως
1307 3289 1338 3344 δ’
1371 3311 1421 3345 τι
1463 3292 1527 3348 ἂν
1567 3290 1632 3360 ᾖ,

83 3373 417 3430 Nicostratus
456 3374 582 3429 ibid.
625 3375 689 3430 11.
730 3378 819 3430 65.

379 3464 454 3529 μὴ
486 3469 781 3525 πολυτελῶς
822 3464 970 3519 ἀλλὰ
1012 3466 1291 3532 καθαρίως,
1336 3466 1604 3523 δασύποδα
1628 3507 1641 3524 .

86 3550 306 3623 Amphis
340 3550 469 3607 ibid.
512 3551 625 3606 Vll.
667 3555 790 3607 295.
836 3553 892 3608 F.

387 3638 525 3707 ἔχειν
563 3641 811 3711 καθαρίως
844 3641 1151 3708 ἐγχελύδιόν
1194 3664 1241 3697 τι
1286 3644 1375 3697 καί
1408 3645 1515 3697 κτὲ.
