2436 4068
1053 180 1157 231 555

122 326 257 382 vidit
305 325 389 379 vir
434 321 814 392 sagacissimus
863 331 1162 381 ΔΕΞΑΙΜΙ
1225 323 1491 379 tralaticio
1528 325 1661 380 vitio
1710 325 1912 399 duplici
1964 329 2096 384 scri-

123 424 276 490 ptum
316 427 434 467 esse
471 426 568 482 pro
605 418 920 468 ΔΕΞΕΜΕΙ
957 419 1012 467 et
1044 411 1439 467 emendandum
1478 428 1627 468 esse:

425 499 558 553 πίνει
596 498 655 552 τὸ
689 502 903 565 λοιπὸν,
941 502 1061 561 τοὺς
1099 501 1383 568 λογισμοὺς
1422 501 1466 555 δ’
1504 500 1698 568 ἐξεμεῖ.

193 589 375 660 Neque
408 587 591 641 minus
618 593 778 642 acuta
821 594 875 642 et
905 586 1032 642 felix
1070 595 1154 642 est
1188 590 1452 643 correctio
1474 631 1489 651 ,
1531 606 1638 661 qua
1677 589 2098 648 Valckenaerius

121 681 209 757 (ad
250 676 442 733 Herod.
483 673 571 728 VI.
611 674 725 748 65.)
785 676 1027 731 restituit
1081 675 1261 730 locum
1303 676 1500 731 Teletis
1539 677 1682 750 apud
1724 677 1869 734 Stob.
1911 679 2094 735 Floril.

118 769 318 825 XCVII,
362 774 450 824 51,
490 765 588 824 τῶν
624 764 740 829 μὲν
772 765 949 820 εἰδῶν
990 765 1284 832 ἀνι-σπυρίδα
1322 767 1541 829 ποιήσας
1581 768 1832 835 περιχέας
1867 767 1931 823 ἂν
1965 770 2096 840 ἐλᾴ-

114 860 213 915 διον
262 860 480 921 καθίσας
534 858 784 924 apis-nasu.
862 851 1012 906 Vidit
1064 853 1209 907 enim
1251 853 1306 906 in
1365 854 1460 919 μὲν
1514 854 1655 908 εἱδῶν
1702 854 1871 911 latere
1920 859 2094 923 μαινί-

115 950 239 1014 δων,
297 946 439 1019 quod
486 963 658 1019 genus
707 939 1092 1016 pisciculorum
1135 940 1381 995 homines
1434 942 1751 1012 pauperculi
1806 945 2091 1002 esitabant.

115 1038 404 1108 Postquam
448 1040 833 1091 ΜΑΙΝΙΔΩΝ
876 1031 931 1084 ἰιι
971 1036 1327 1084 ΜΕΝΙΔΩΝ
1369 1027 1721 1101 depravatum
1767 1038 1850 1086 est
1889 1034 2098 1091 exstitit

115 1123 346 1180 ridicula
381 1125 653 1196 scriptura
690 1123 786 1188 μὲν
824 1120 983 1175 εἰδῶν.

190 1213 453 1281 Quoniam
507 1210 678 1283 igilur
724 1210 781 1263 in
830 1222 1153 1279 unoquoque
1202 1203 1461 1260 vocabulo
1496 1205 1698 1261 Graeco
1734 1213 1918 1262 nostro
1953 1209 2094 1264 arbi-

115 1308 266 1357 tratu
298 1301 426 1356 licet
461 1322 515 1356 αι
556 1308 611 1355 et
648 1320 709 1363 ε,
748 1318 791 1352 ει
829 1303 883 1351 et
923 1317 970 1360 ι,
1009 1315 1085 1358 ει,
1125 1314 1141 1348 ι
1182 1301 1236 1348 et
1273 1314 1336 1348 ιει
1380 1294 1524 1348 inter
1561 1311 1619 1350 se
1658 1302 1970 1366 permutare
2006 1314 2097 1353 ne-

115 1405 221 1463 que
258 1389 366 1444 ulla
398 1390 471 1444 sit
510 1390 567 1442 in
601 1386 800 1442 talibus
834 1383 1089 1439 Codicum
1129 1382 1255 1437 Mss.
1296 1383 1628 1447 auctoritaS,
1669 1399 1737 1437 ne
1774 1385 2095 1441 tenuissima

114 1477 362 1551 quidem,
402 1476 532 1549 quid
571 1492 768 1549 quaeso
800 1472 1018 1547 prodest
1064 1470 1393 1543 farraginem
1430 1470 1739 1526 istiusmodi
1773 1472 2095 1529 mendorum

114 1574 170 1622 et
208 1565 446 1621 rutilium
488 1565 885 1637 scripturarum
932 1577 997 1616 ex
1036 1558 1197 1614 Codd.
1251 1557 1535 1614 corradere
1574 1566 1628 1614 et
1678 1560 1812 1615 istas
1851 1563 2094 1635 quisqui-

113 1654 215 1709 lias
258 1654 462 1709 nemini
517 1667 776 1724 umquam
828 1648 1175 1723 profuturaS,
1235 1646 1329 1701 sed
1379 1646 1567 1701 multis
1606 1649 1769 1703 etiam
1818 1651 2096 1707 nocituras

114 1742 272 1798 edere
312 1743 367 1796 in
419 1740 639 1797 lucem?
720 1739 993 1807 Quantum
1046 1736 1336 1790 lectionum
1378 1734 1738 1791 absurdarum
1779 1738 1858 1793 sic
1896 1739 2097 1796 exhau-

116 1832 290 1886 rietur
328 1830 422 1885 uhi
461 1828 627 1884 semel
666 1828 842 1882 inanis
893 1825 1154 1879 librorum
1196 1825 1489 1878 auctoritas
1536 1823 1745 1879 desinet
1784 1824 1984 1883 formas
2022 1830 2095 1884 ri·

115 1918 323 1974 diculas
377 1918 556 1981 tueri,
613 1915 706 1971 sed
758 1915 825 1969 ad
872 1911 1252 1968 vindicandam
1298 1911 1590 1966 lectionum
1645 1912 1804 1968 fidem
1856 1917 1995 1970 ratio
2042 1924 2097 1973 et

116 2023 248 2061 usus
305 2006 521 2078 linguae
579 2004 814 2060 Graecae
865 2003 1215 2074 requirentur
1274 2007 1329 2055 et
1387 1999 1499 2054 sola
1552 2000 1825 2057 valebunt.
1920 2006 2094 2076 Quam

114 2095 284 2150 multa
333 2100 459 2149 sunt
516 2092 620 2148 alia
668 2091 910 2147 eiusdem
963 2089 1211 2163 generiS,
1263 2105 1400 2160 quae
1443 2088 1559 2143 sine
1612 2088 1720 2143 ullo
1770 2090 2096 2148 detrimento

115 2185 321 2257 possint
369 2182 601 2238 resecari
641 2188 694 2235 et
733 2179 928 2243 abiici,
981 2178 1047 2233 de
1096 2176 1293 2249 quibus
1345 2175 1477 2230 alias
1531 2175 1747 2232 dabitur
1800 2178 2096 2238 identidem

112 2270 325 2327 dicendi
364 2270 530 2327 locus,
612 2270 798 2341 Itaque
850 2273 1269 2323 ΙΠΠΟΔΑΜΙΑ
1315 2264 1578 2336 quomodo
1627 2265 1909 2322 emendate
1964 2270 2095 2324 scri-

110 2358 344 2415 bendum
387 2360 494 2424 sit,
546 2359 747 2412 reiecta
797 2356 1058 2411 librorum
1100 2354 1510 2427 superstitione,
1560 2371 1718 2410 nemo
1757 2355 1995 2429 ambiget
2042 2364 2098 2413 et

113 2446 179 2502 ad
220 2447 426 2519 reliqua
466 2463 644 2519 pergo.

189 2534 303 2589 Non
357 2542 439 2589 est
478 2535 612 2590 bene
656 2534 856 2590 Graece
910 2533 1117 2587 dictum
1177 2530 1318 2603 quod
1369 2530 1571 2602 legitur
1609 2531 1675 2586 II.
1716 2549 1791 2585 ιιι.
1835 2536 1924 2587 45.
1976 2531 2014 2589 ἃ
2050 2535 2093 2590 δ’

114 2620 182 2677 αὖ
233 2620 376 2677 εἶπεν
423 2626 487 2696 ὡς
541 2624 643 2688 ἐγώ
684 2623 816 2688 εἶμι
871 2618 967 2682 οἶος
1008 2620 1094 2674 ἀεί
1132 2640 1259 2674 ποτε
1298 2620 1742 2686 μεταβάλλεσθαι
1785 2620 1877 2675 sed
1916 2624 2094 2695 requi·

114 2712 257 2766 ritui·
311 2713 377 2772 ὡς
434 2712 536 2776 ἐγὼ
589 2710 710 2773 εἵην.
806 2708 1027 2781 Semper
1070 2708 1362 2780 Xenophon
1415 2709 1471 2762 in
1524 2708 1622 2763 tali
1675 2726 1734 2764 re
1791 2712 2094 2782 optativum

116 2800 300 2871 ponit,
358 2799 452 2871 qui
498 2814 717 2871 prorsus
766 2805 847 2853 est
899 2797 1236 2852 necessarius
1290 2797 1334 2851 si
1378 2796 1498 2868 quis
1548 2796 1677 2868 quid
1734 2796 1802 2851 ab
1859 2798 1963 2853 alio
2015 2799 2095 2854 di-

116 2895 264 2943 ctum
327 2903 444 2943 esse
495 2886 661 2942 refert
713 2885 855 2958 quod
907 2886 1020 2957 ipso
1077 2884 1254 2940 iudice
1309 2884 1652 2940 mendacium
1701 2893 1817 2941 est:
1872 2888 1929 2941 in
1987 2904 2095 2960 qua

115 2992 174 3031 re
226 2974 384 3031 multi
431 2974 533 3044 ἄρα
580 2974 821 3039 addunt,
875 2977 940 3035 ὡς
981 2972 1083 3041 ἄρα
1128 2973 1231 3039 ἐγὼ
1275 2973 1397 3035 εἵην.
1475 2973 1623 3028 Idem
1664 2973 1966 3029 remedium
2006 2992 2095 3031 ex·

115 3071 321 3137 spectat
359 3062 743 3118 Demosthenes
782 3079 832 3135 p.
869 3066 1010 3126 548,
1057 3064 1142 3115 16.
1195 3062 1400 3128 ἐτόλμα
1454 3062 1567 3130 περὶ
1623 3063 1748 3128 ἐμοῦ
1801 3062 1978 3128 λέγειν
2026 3067 2093 3125 ὥς

113 3152 217 3217 ἐγὼ
256 3154 315 3207 τὸ
367 3153 575 3220 πρᾶγμ’
630 3150 774 3217 εἰμὶ
828 3154 978 3204 τοῦτο
1030 3150 1314 3218 δεδρακώς,
1370 3151 1478 3205 imo
1517 3166 1642 3204 vero
1680 3150 1785 3213 εἵην
1824 3155 1974 3206 τοῦτο
2015 3154 2093 3207 δε-

115 3241 327 3306 δρακώς.
408 3240 633 3312 Saepius
670 3247 828 3294 ΕΙΜΙ
869 3245 923 3293 et
961 3247 1135 3294 EIHN
1175 3238 1286 3293 vidi
1342 3238 1672 3311 permisceri.
1755 3239 1842 3292 Bis
1883 3241 1937 3293 in
1979 3239 2094 3294 Pla·

119 3328 259 3382 tonis
292 3328 543 3400 Apologia
580 3327 634 3382 id
668 3327 872 3382 factum
912 3334 1020 3382 est:
1064 3343 1182 3399 pag.
1215 3331 1283 3381 57
1326 3327 1383 3381 Β.
1424 3331 1622 3382 πολλοῦ
1654 3327 1744 3381 δέω
1779 3333 1900 3381 κατ’
1931 3329 2092 3393 ε’μαυ·

115 3419 206 3468 τοῦ
245 3415 371 3482 ἐρεῖν
409 3419 565 3478 αὐτὸς
602 3420 668 3478 ὠς
708 3415 851 3480 ἄξιός
892 3416 1001 3482 εἶμί
1038 3436 1127 3470 του
1173 3420 1332 3469 κακοῦ
1356 3457 1370 3480 ,
1410 3416 1618 3485 corrige
1667 3419 1732 3476 ὡς
1768 3414 1908 3478 ἄξιος
1949 3415 2091 3483 εἴην,

118 3510 171 3577 ct
221 3509 336 3574 post
376 3520 543 3575 pauca
596 3523 646 3578 p.
688 3510 756 3561 57
798 3504 851 3558 C.
908 3506 1079 3567 πολλὴ
1133 3502 1330 3570 μέντᾶν
1374 3525 1443 3568 με
1495 3506 1802 3572 φιλοψυχία
1857 3503 2005 3571 ἔχοι,
2046 3506 2089 3560 εἰ

115 3590 266 3652 αὕτως
302 3591 548 3656 iacrymas
586 3595 690 3658 εἶμι
714 3636 727 3657 ,
769 3592 1001 3648 rescribe
1038 3591 1286 3656 οὶλόγιςος
1325 3591 1447 3653 εἵην.
1528 3592 1695 3646 Periit
1732 3593 1954 3662 optativi
1989 3592 2092 3648 sor·
