2436 4068
1365 246 1470 295 46⁴2

425 390 712 444 exolevisse
769 389 1004 443 Atticam
1063 388 1119 440 in
1174 386 1260 440 his
1317 389 1696 458 componendis
1749 391 2228 454 consuetudinem,
2291 410 2396 464 qua

423 478 740 541 πεντέπους,
781 475 994 540 ἕξπους,
1037 476 1322 538 όκτώπους,
1362 476 1826 544 ἑκατογκέφαλος,
1867 479 2180 548 ἑκατόγχειρ
2232 488 2286 535 et
2328 482 2396 535 si·

421 565 571 619 milia
624 563 907 628 dicebant,
960 579 1065 616 non
1120 562 1450 627 πενταπους,
1510 562 1761 629 ἑξάπους,
1819 566 2108 631 ὅκτοὶπους,
2169 574 2394 622 caetera.

421 652 639 707 Scribae
675 652 728 704 in
768 650 853 704 his
889 649 1075 704 formis
1113 651 1274 704 etiam
1316 649 1527 705 facilius
1568 668 1729 723 quam
1764 653 1819 706 in
1857 654 2044 708 multis
2084 654 2204 708 aliis
2244 662 2398 751 erant

416 742 487 801 εἷς
528 741 620 802 την
659 739 920 802 συνήθειαν
966 738 1274 806 εὖεπίφοροι.

493 826 876 880 Graeculorum
918 826 1133 896 ingenio
1167 825 1327 896 digna
1366 826 1457 880 sed
1491 826 1840 898 Xenophonte
1872 828 2093 899 indigna
2125 830 2397 901 scriptura

415 913 749 985 conspicitur
789 913 850 967 V.
892 931 960 967 ιν.
1006 918 1092 968 15.
1149 914 1325 981 ᾠκεῖτο
1383 915 1434 968 δὲ
1489 919 1637 968 τοῦτο
1696 916 1788 983 πρὸ
1847 915 1960 988 [τῆς
2019 916 2242 991 πόλεως]
2301 926 2394 981 τῆς

418 1001 780 1069 μητροπόλεως
839 1001 1158 1067 καλουμένης
1219 1004 1430 1066 αὐτοῖς,
1486 1019 1678 1074 nempe
1730 1003 1894 1057 Attici
1952 1010 2011 1057 ut
2059 1004 2159 1058 hoc
2217 1006 2396 1077 ipsum

414 1089 654 1144 dicerent
708 1091 801 1158 πρὸ
837 1097 930 1153 τῆς
969 1089 1330 1158 μητροπόλεως
1384 1090 1704 1155 καλουμένης
1745 1090 1976 1161 eleganti
2015 1091 2279 1148 brevitate
2319 1092 2394 1147 di·

411 1177 618 1232 cebant.

490 1266 663 1319 Tenui
704 1266 796 1321 sed
837 1273 984 1320 certo
1025 1265 1224 1320 indicio
1268 1265 1508 1320 fraudem
1567 1270 1814 1318 tenemus
1854 1265 1916 1318 V.
1958 1283 2027 1320 iv.
2072 1271 2160 1322 18.
2215 1268 2392 1334 ἤχθον-

412 1372 469 1406 το
521 1350 597 1407 ὅτι
655 1354 771 1414 τούς
824 1375 886 1408 τε
935 1354 1209 1419 πολεμίους
1252 1355 1625 1417 ἐπεποιήκεσαν
1666 1352 1993 1420 θρασυτέρους
2046 1356 2133 1409 καὶ
2180 1352 2304 1430 [ὅτι]
2349 1359 2392 1410 οἱ

410 1439 701 1503 ἐξελθόντες
738 1442 994 1502 Ἕλληνες
1034 1442 1124 1495 σὺν
1164 1444 1341 1502 αὐτοῖς
1381 1441 1768 1510 ἐπεφεύγεσαν.
1847 1439 2048 1513 Nempe
2093 1443 2393 1498 insiticium

411 1535 465 1582 et
503 1529 751 1599 spurium
791 1545 907 1583 esse
944 1529 1172 1582 alterum
1213 1528 1289 1584 ὅτι
1329 1529 1511 1599 arguit
1550 1526 1739 1581 vocula
1776 1549 1836 1583 τε
1877 1529 2218 1600 praecedens·

487 1616 548 1670 In
591 1615 630 1689 ἓ
667 1621 754 1671 19.
806 1615 884 1674 fes
922 1616 1027 1684 γὰρ
1076 1615 1152 1671 ὅτι
1193 1617 1281 1671 καὶ
1332 1617 1530 1682 ἀγαθὸν
1576 1619 1630 1671 οὐ
1668 1623 1810 1682 μεῖον
1849 1620 1938 1671 τοῦ
1969 1623 2130 1672 κακοῦ
2175 1620 2391 1685 γεγένη·

410 1725 531 1770 ται,
585 1705 773 1777 supple
825 1706 911 1759 καὶ
965 1706 1164 1770 ἀγαθόν
1218 1727 1304 1768 τι,
1361 1721 1466 1758 non
1518 1721 1634 1758 esse
1689 1705 1832 1758 enim
1882 1704 2144 1760 Graecum
2195 1709 2392 1773 ἀγαθὸν

410 1793 697 1858 γεγένηται
734 1791 826 1848 sed
870 1814 919 1847 τι
957 1794 1261 1847 necessario
1301 1791 1603 1846 addendum
1645 1793 1857 1862 saepius
1895 1793 2246 1850 ostendimuS.

486 1881 548 1935 In
590 1880 628 1954 S
666 1884 754 1934 21.
796 1879 921 1934 honi
961 1879 1084 1934 libri
1124 1896 1342 1952 pravam
1386 1879 1667 1935 lectionem
1710 1886 1771 1934 ut
1809 1896 1965 1952 saepe
1999 1881 2390 1949 exhibuerunt,

410 1986 546 2041 quae
584 1975 804 2041 propter
839 1969 1068 2023 testium.
1103 1969 1480 2023 auctoritatem
1524 1985 1668 2022 nunc
1701 1967 1840 2023 male
1878 1975 2096 2041 recepta
2133 1977 2229 2024 est.
2291 1971 2388 2026 Re-

405 2058 651 2112 ctissime
690 2055 949 2111 edebatur
980 2055 1114 2117 όπως
1153 2055 1328 2120 δόξετε
1361 2057 1542 2111 -καὶ
1586 2058 1871 2120 δηλώσετε,
1913 2073 2058 2111 nunc
2097 2056 2390 2114 deterrima

405 2147 675 2217 scriptura
716 2143 895 2208 δόξητε
943 2153 997 2199 et
1050 2145 1314 2207 δηλώσητε
1368 2145 1642 2216 probatur.
1724 2146 1893 2212 Quam
1935 2144 2071 2198 nihil
2111 2147 2183 2200 sit
2233 2146 2388 2202 libris

401 2235 563 2289 etiam
603 2233 820 2304 optimis
868 2234 922 2285 in
977 2231 1174 2286 talibus
1223 2232 1548 2286 credendum
1608 2233 1821 2303 saepius
1880 2231 2385 2288 demonstravimus
2433 2287 2435 2290 .

404 2321 680 2376 Soloecum
734 2327 814 2374 est
867 2321 924 2373 in
967 2319 1005 2394 §
1044 2325 1131 2374 22.
1175 2320 1314 2391 quod
1355 2319 1662 2374 Dindorfius
1707 2320 1874 2374 edidit
1915 2320 2122 2386 μεταξὺ
2163 2328 2259 2375 τῶν
2298 2323 2382 2377 λό-

357 2439 373 2444 ε
399 2431 508 2478 χων
565 2411 766 2477 ὀρθίων,
829 2407 1182 2462 resecandum
1251 2424 1366 2462 esse
1417 2409 1579 2474 ὀρθίων
1631 2407 2077 2462 demonstrabunt
2127 2424 2184 2462 ea
2246 2427 2383 2480 quae
2432 2446 2434 2450 v

397 2499 579 2553 statim
624 2495 950 2568 praecedunt
990 2497 1170 2563 ὀρθίους
1210 2497 1326 2555 τοὺς
1368 2495 1556 2562 λόχους
1597 2496 1946 2561 ποιησάμενοι.

475 2586 533 2640 In
576 2583 614 2658 §
653 2588 739 2638 29.
783 2583 1004 2651 ἄκρατος
1041 2585 1134 2650 μὲν
1178 2582 1293 2646 ὀξὺς
1335 2584 1576 2650 ἐφαίνετο
1615 2614 1718 2645 -,
1757 2584 2114 2651 κερασθεὶς
2167 2586 2219 2638 δὲ
2263 2587 2380 2639 εὑώ-
2430 2583 2436 2594 ”

395 2677 482 2736 δης
530 2695 588 2726 τε
629 2672 715 2726 καὶ
758 2673 907 2735 ἡδύς,
950 2671 1239 2742 Xenophon
1285 2688 1314 2724 a
1357 2671 1556 2724 civium
1608 2687 1710 2723 usu
1759 2671 1985 2725 descivit
2021 2679 2075 2726 et
2107 2671 2377 2743 hospitum
2430 2727 2432 2730 ,

394 2765 450 2815 in
510 2762 658 2815 Ionia
733 2760 1177 2814 consuetudinem
1248 2767 1466 2813 secutus
1525 2765 1622 2812 est.
1716 2759 1984 2826 Κέκραμαι
2057 2767 2110 2813 et
2167 2759 2379 2827 ἐκραθην

393 2849 603 2903 dicebat
651 2848 1011 2902 Atheniensis.
1092 2847 1150 2900 In
1211 2846 1358 2900 Ionia
1415 2863 1818 2917 nonnumquam
1870 2865 1967 2919 pro
2023 2849 2272 2916 κέκρημαι
2326 2856 2380 2903 et

393 2938 596 3004 ἐκρήθην
655 2934 992 3006 ponebantur
1047 2935 1365 3002 κεκέρασμαι
1426 2941 1478 2987 et
1545 2934 1853 3000 ἐκερασθην,
1925 2935 2375 3006 quemadmodum
2420 2942 2433 3037 L

391 3023 793 3089 ἐκπεπέτασμαι
835 3030 888 3077 et
927 3024 1376 3088 αναπεπὲτασμαι
1418 3021 1700 3092 aliquoties
1741 3039 1836 3092 pro
1885 3024 2270 3089 αναπέπταμαι
2323 3032 2426 3128 etj}

391 3114 731 3176 ἐκπέπταμαι
778 3119 1087 3165 occurr.unt
1168 3110 1367 3165 Eodem
1407 3109 1564 3163 modo
1614 3109 1877 3163 Diodorus
1929 3109 2032 3164 Sic.
2072 3110 2236 3164 XV11.
2287 3114 2411 3169 10.··}

391 3199 551 3253 dixit:
605 3201 798 3253 λεπτὸν
851 3199 1084 3266 οέροίχνης
1134 3197 1365 3266 ὕφασμα
1418 3219 1467 3251 τι
1523 3199 1580 3251 δι
1598 3218 1633 3251 α
1651 3218 1691 3251 π
1705 3219 1729 3250 ε
1751 3219 1792 3251 π
1806 3219 1830 3250 ε
1846 3219 1877 3250 τ
1893 3218 1927 3251 α
1942 3219 1974 3250 σ
1989 3218 2030 3262 μ
2046 3197 2070 3251 ε’
2085 3219 2107 3252 ν
2124 3218 2146 3251 ο
2163 3220 2186 3251 ν
2228 3201 2415 3267 ὤφθη

391 3305 484 3358 pro
521 3288 956 3351 διαπεπταμένον.

465 3375 525 3428 In
568 3374 606 3448 ἕ
644 3380 732 3428 51.
786 3392 880 3445 pro
919 3375 1163 3436 ἀλλήλων
1203 3373 1496 3436 ξυνήκουον,
1539 3371 1678 3442 quod
1716 3380 1795 3426 est
1845 3375 1900 3425 in
1940 3372 2115 3427 tribus
2153 3377 2369 3445 optimis
2390 3368 2412 3405 ‘⁵

391 3480 484 3532 pro
516 3456 823 3528 ’συνήκουον,
879 3462 1004 3516 alibi
1061 3461 1342 3515 docuimus
1381 3459 1611 3523 ἐξήκουον
1661 3459 2075 3515 emendandum.
2157 3463 2368 3517 Dicitur
2434 3488 2436 3525 z

388 3551 530 3604 enim
572 3550 826 3614 ἐξακούειν
864 3551 942 3615 is,
985 3550 1048 3605 ad
1091 3551 1246 3604 cuius
1285 3565 1441 3604 aures
1487 3549 1729 3619 poi-vonit
1771 3565 1932 3604 sonus
1982 3568 2047 3603 ex
2091 3546 2368 3623 lonqinquo
2432 3572 2434 3594 s

386 3638 579 3693 editus,
