2436 4068
1332 179 1435 229 762

401 341 568 395 genus
610 331 661 379 et
714 322 1035 378 Plutarchus
1088 320 1300 392 saepius
1351 328 1403 375 et
1444 321 1740 377 Boeckhius
1796 332 2094 382 monstrare
2134 338 2372 400 possunt.

396 412 465 468 Et
508 412 804 468 Boeckhius
841 409 1056 481 quidem

630 554 632 557 .
697 499 875 559 ἄλλοις
918 499 966 550 ἐν
1009 499 1203 557 ἐσθλοῖς
1243 497 1374 551 τόνδ’
1413 499 1696 552 άπωόεῖται
1737 500 1937 567 ψόγον,

393 588 483 643 alii
540 587 695 641 multi
758 603 929 657 neque
994 586 1048 638 in
1109 585 1285 639 verbis
1346 593 1552 639 rectum
1610 586 1790 642 vident
1846 607 2018 661 neque
2070 593 2124 646 in
2190 594 2369 650 rebus,

393 676 685 731 Ἐκλείπειν
725 675 922 744 igitur,
967 674 1011 727 si
1049 673 1175 744 quid
1217 673 1478 727 Boeckhio
1529 674 1735 740 credie,
1779 679 2147 749 accipiendum
2186 688 2266 736 cst
2306 683 2370 738 de

394 762 789 826 PhocensibuS,
830 762 921 832 qui
963 778 1129 831 quum
1172 761 1272 814 sibi
1327 761 1453 814 olim
1506 763 1598 824 την
1635 768 1722 817 τοῦ
1758 766 1887 831 ἱεροῦ
1942 770 2225 834 προςασίαν
2258 772 2371 825 vin-

391 851 662 904 dicassent
704 849 918 904 tandem
974 848 1038 902 ab
1075 865 1136 903 ea
1175 865 1234 902 re
1273 849 1601 914 destiterunt,
1643 858 1734 905 aut
1775 854 2042 923 significat
2075 857 2372 913 Phocenses

392 939 682 992 debilitatos
737 955 846 991 esse
905 943 956 990 et
1013 937 1338 990 remissiores
1398 940 1604 1007 factos:
1679 948 1950 996 caeterum
2013 951 2371 1017 utrocumque

393 1025 550 1079 modo
602 1026 900 1096 accipiatur
941 1023 1160 1095 perinde
1200 1041 1314 1078 esse
1361 1025 1436 1078 ait
1477 1031 1528 1079 et
1583 1042 1699 1079 rem
1754 1028 1929 1083 redire
1970 1031 2171 1087 eodem.
2251 1033 2370 1089 Noli

392 1113 478 1168 his
518 1113 811 1185 quidquam
861 1111 1095 1167 credere.
1132 1120 1135 1123 '
1174 1112 1250 1166 Ne
1291 1111 1465 1166 dicam
1526 1113 1726 1168 mirum
1783 1132 1898 1171 6886
1942 1118 2235 1175 Phocenses
2275 1129 2370 1178 aut

391 1200 458 1256 de
495 1203 612 1255 iure
653 1219 748 1255 suo
787 1201 1039 1254 destitisse
1079 1200 1186 1254 dici
1226 1208 1319 1254 aut
1358 1202 1680 1256 remissiores
1735 1221 1844 1257 esse
1880 1207 2046 1276 factos
2084 1224 2223 1262 anno
2263 1226 2371 1264 uno
2400 1254 2411 1259 ..

390 1297 516 1345 ante
538 1306 696 1361 quam
737 1288 1094 1344 audacissimo
1129 1287 1362 1343 facinore
1404 1290 1599 1361 templo
1636 1298 1687 1344 et
1723 1291 1854 1346 urhe
1890 1292 2090 1348 suerint
2131 1313 2224 1367 per
2258 1299 2368 1353 vim
2423 1355 2426 1358 Δ

388 1379 584 1450 potiti,
641 1379 772 1431 satis
827 1377 930 1431 erit
982 1376 1349 1430 demonstrare
1397 1377 1719 1433 Boeckhium
1778 1381 1834 1434 ἐκ
1887 1384 1984 1435 τῶν
2038 1384 2366 1451 πραγμάτων

388 1467 718 1533 ἁμωσγέπως
769 1465 856 1519 καὶ
896 1465 967 1519 τα
1007 1465 1238 1530 ὀνόματα
1292 1466 1599 1533 γνωρίζοντα
1643 1467 1802 1522 verbo
1859 1471 2115 1526 ἐκλείπειν
2167 1491 2358 1532 novam

386 1563 441 1609 et
480 1554 777 1608 inauditam
839 1552 1092 1623 affingere
1150 1552 1488 1622 significandi
1546 1562 1878 1625 potestatem.
1960 1557 2359 1618 Observandum
2410 1587 2414 1599 =

385 1644 621 1715 primum
663 1649 743 1697 est
797 1640 956 1695 verba
1001 1639 1403 1711 Xenophontis:
1464 1641 1639 1704 οἵτινες
1691 1645 1999 1700 ἐκλιπόντων
2049 1651 2254 1705 Φωκέων
2302 1653 2360 1707 τὸ

386 1732 510 1799 ἱερὸν
551 1729 990 1795 καταλαμβάνειν
1030 1730 1328 1796 ἐπειρῶντο,
1386 1730 1460 1783 ita
1501 1747 1615 1784 esse
1655 1733 2000 1801 accipienda,
2042 1743 2101 1790 ut
2137 1739 2195 1792 τὸ
2233 1741 2359 1807 ἱερόν

387 1837 492 1873 non
535 1820 714 1873 minus
766 1818 831 1872 ad
881 1816 1189 1871 ἐκλιπόντων
1230 1834 1390 1888 quam
1451 1818 1518 1871 ad
1572 1821 2013 1887 καταλαμβάνειν
2074 1824 2356 1883 reseratur.
2434 1828 2436 1850 ³

385 1907 613 1962 Perinde
652 1914 732 1962 est
770 1923 830 1960 ac
866 1908 911 1960 si
945 1905 1196 1959 dixisset:
1238 1909 1296 1960 τὸ
1337 1908 1492 1972 ἱερὸν,
1533 1907 1556 1960 ὃ
1599 1907 1830 1971 ἐξέλιπον
1869 1913 1912 1964 οἱ
1953 1919 2174 1978 Φωκεῖς,
2224 1917 2356 1971 ἐπει·
2411 1911 2413 1922 ⁸

383 2003 530 2066 ρῶντο
585 1993 1025 2060 καταλαμβάνειν
1085 1996 1126 2048 οἱ
1170 1995 1428 2059 Θηβαῖοι,
1483 1995 1566 2049 vel
1608 1997 1781 2060 ἐπειδη
1820 2001 1863 2053 οἱ
1905 2007 2093 2062 Φωκεῖς
2134 2003 2191 2056 τὸ
2231 2005 2357 2072 ἱερὸν
2417 2073 2421 2078 Δ

382 2084 613 2148 ἐξέλιπον
649 2085 690 2137 οἱ
731 2084 951 2148 Θηβαῖοι
981 2083 1108 2135 αὐτὸ
1143 2082 1585 2149 καταλαμβάνειν
1620 2086 1897 2152 ἐπειρῶντο.
1957 2087 2143 2159 Itaque
2174 2091 2356 2147 viden-

382 2173 509 2227 dum
553 2170 680 2242 quid
721 2172 788 2223 Sit
813 2212 825 2233 ‚
869 2187 970 2222 non
1011 2171 1300 2234 ἐκλείπειν,
1341 2170 1430 2224 sed
1468 2172 1524 2225 τὸ
1565 2174 1688 2240 ἱερὸν
1730 2175 2003 2230 ἐκλείπειν.
2059 2178 2353 2235 Ἐκλείπειν
2418 2209 2421 2222 ι

383 2261 530 2315 πόλιν
554 2302 566 2323 ,
606 2260 810 2327 χώραν,
850 2259 1031 2325 χωρίον
1054 2259 1247 2322 ὁτιοῦν,
1287 2260 1542 2312 ἐκλείπειν
1563 2262 1620 2314 τὸ
1661 2261 1786 2328 ἱερόν
1812 2279 1969 2316 unam
2007 2265 2147 2334 apud
2170 2284 2353 2323 omnes
2410 2255 2422 2332 ⁵³5

380 2355 583 2403 certam
640 2353 1079 2416 constantemque
1117 2345 1274 2399 babet
1309 2347 1752 2415 significationem
1808 2349 2074 2421 frequenti
2111 2355 2352 2412 oninium

379 2454 482 2491 usu
506 2437 687 2489 tritam
725 2434 830 2487 loco
871 2435 1081 2488 cedendi
1120 2433 1199 2487 vel
1242 2434 1534 2488 excedendi.
1597 2434 1950 2506 Opponuntur
1988 2439 2129 2493 inter
2161 2459 2216 2496 86
2257 2464 2350 2497 κα-

379 2522 748 2590 ταλαμβάνειν
770 2523 950 2589 χωρίον
989 2529 1038 2575 et
1061 2523 1241 2590 χωρίον
1265 2522 1536 2576 ἐκλείπειν.
1597 2522 1761 2577 Nemo
1794 2532 1964 2596 potest
2006 2529 2182 2583 cedere
2215 2531 2351 2597 loco,
2411 2520 2420 2571 '⁶-

374 2614 478 2668 uisi
520 2629 641 2666 eum
693 2610 868 2664 locum
915 2617 1071 2664 antea
1112 2610 1452 2680 occupaverit
1493 2613 1870 2683 tenueritque,
1925 2631 2020 2669 nec
2062 2618 2347 2688 quisquam
2409 2614 2421 2683 .J³'

372 2702 570 2756 Graece
610 2699 715 2752 dici
757 2705 930 2769 potest
969 2699 1026 2752 τὸ
1080 2700 1204 2765 ἱερὸν
1259 2699 1574 2754 ἐκλιπεῖν
1630 2702 1766 2764 πλὴν
1812 2707 1900 2755 τοῦ
1949 2706 2348 2770 καταλαβόντος
2406 2685 2419 2750 Ῐῗ

371 2810 430 2842 τε
470 2788 555 2841 καὶ
598 2787 813 2853 σχόντος
855 2787 1088 2854 πρότερον
1140 2788 1198 2842 τὸ
1239 2786 1381 2854 ἱερόν.
1461 2786 1715 2858 Exempla
1765 2788 1958 2860 ubique
1999 2799 2125 2846 Sunt
2177 2794 2347 2850 obvia.
2407 2786 2410 2792 Ι

373 2873 615 2947 Thucyd.
654 2874 744 2927 lV.
795 2879 926 2928 116:
979 2876 1021 2928 οἱ
1077 2877 1330 2937 Ἀθηναῖοι
1371 2906 1446 2915 ——
1479 2875 1894 2939 ἐκλιπόντες
1956 2882 2013 2933 τὸ
2060 2883 2244 2948 χωρίον
2297 2885 2347 2946 ἐς

373 2963 651 3025 Παλλήνην
705 2962 1108 3026 διεκομίσθησαν.
1151 2962 1214 3016 V.
1257 2967 1345 3017 80.
1406 2963 1733 3031 ἐψηφίσαντο
1772 2996 1847 3007 —-
1887 2968 2167 3033 πρεσβείαν
2226 2975 2349 3039 παρ’
2403 2995 2406 3043 3

374 3051 648 3113 Ἀθηναίων
688 3051 760 3115 μη
802 3050 1171 3117 προσδέχεσθαι
1215 3051 1271 3113 ἣν
1306 3053 1379 3116 μη
1421 3052 1478 3104 ἐκ
1518 3059 1610 3114 τῆς
1651 3056 2031 3117 Πελοποννήσου
2067 3054 2233 3118 ἐξίωσι
2274 3059 2346 3113 τοὶ
2400 3051 2416 3114 f‘ss*

373 3142 526 3207 τείχη
569 3138 1006 3200 ἐκλιπόντες,
1048 3144 1098 3191 et
1139 3146 1257 3208 post
1300 3156 1496 3210 pauca:
1539 3139 1788 3207 ἔπεμψαν
1827 3142 1878 3195 δὲ
1918 3143 2004 3196 καὶ
2043 3144 2187 3211 παρά
2226 3147 2346 3207 τοὺς
2405 3142 2407 3147 ’

373 3228 668 3290 Ἀθηναίους
709 3228 750 3280 οἱ
790 3231 1010 3293 Ἀργεῖοι
1065 3226 1305 3292 πρέσβεις
1347 3230 1404 3282 τὸ
1445 3227 1502 3291 ἐξ
1542 3229 1843 3295 Ἐπιδαύρου
1895 3238 2072 3297 τεῖχος
2115 3234 2342 3288 κελεύον-

371 3338 456 3377 τες
499 3317 829 3368 ἐκλιπεῖν.
910 3312 1069 3366 Plura
1105 3313 1343 3384 exempla
1383 3316 1461 3369 rei
1501 3316 1813 3370 tritissimae
1853 3316 2044 3373 afferre
2087 3319 2162 3373 nil
2211 3339 2343 3392 opus

372 3412 486 3458 est:
530 3403 628 3457 hoc
676 3410 887 3456 tantum
927 3400 1118 3455 notabo
1157 3403 1385 3456 ἐκλιπεῖν
1419 3403 1599 3470 χωρίον
1642 3405 1837 3473 passim
1879 3404 1985 3458 dici
2035 3423 2193 3472 eum,
2251 3409 2343 3480 qui

370 3492 485 3546 loco
526 3490 677 3545 cedat
717 3508 868 3561 quem
908 3489 961 3542 vi
998 3497 1045 3543 ec
1083 3490 1247 3543 armis
1283 3491 1503 3544 retinere
1539 3507 1638 3544 non
1681 3493 1842 3563 possit
1876 3492 2158 3565 locumque
2198 3497 2339 3550 undc

370 3582 482 3651 ipse
537 3578 687 3633 cedat
747 3577 990 3632 hostibus
1052 3577 1425 3649 ingruentibus
1482 3577 1754 3636 concedat.
1851 3580 1935 3635 Sic
1990 3582 2341 3640 Athenienses
