2436 4068
1027 194 1131 244 597

473 341 523 394 ἐν
563 340 816 407 Κυψέλοις
856 340 1080 401 Ἀδαῖος.

92 440 147 487 et
187 428 487 501 Stephanus
527 427 655 483 ibid.
697 445 746 499 p.
779 432 888 482 469
930 427 988 484 A.

467 518 628 584 τούτῳ
668 517 902 582 προέπιεν
942 517 965 569 ὅ
1001 516 1259 581 βασιλεὺς
1299 515 1472 579 κώμην
1511 514 1646 569 τινα.

172 605 228 660 Si
265 605 387 675 quis
434 605 602 674 igitur
653 603 720 658 ad
782 603 910 657 haec
969 603 1150 656 omnia
1191 602 1559 673 Xenophontis
1610 603 1788 659 locum
1834 607 2071 676 exegerit

95 694 387 758 ἐκπώματα
429 692 569 759 αὐτῷ
625 691 867 758 προύπινε
919 692 1027 763 [καὶ
1072 688 1321 761 ἐδωρεῖτο]
1345 732 1358 752 ,
1399 689 1554 746 facile
1593 692 1788 746 sentiet
1826 693 1913 747 καὶ
1954 695 2072 748 ε’δω·

95 789 225 850 ρεῖτο
266 779 428 834 sciolo
468 779 561 850 qui
601 779 807 833 addidit
844 777 997 832 reddi
1037 785 1298 848 oportere.

170 870 235 924 Hi
275 868 443 938 igitur
482 874 608 921 sunt
646 868 701 921 in
736 865 1062 939 Cyropaedia
1096 865 1228 928 loci,
1269 865 1361 935 qui
1402 865 1535 919 mihi
1577 868 1884 938 sequiorum
1925 867 2074 922 addi-

97 957 350 1014 tamentis
402 954 707 1027 interpolati
762 971 876 1009 esse
929 953 1200 1007 videntur.
1283 951 1436 1006 Multi
1476 953 1567 1006 alii
1622 963 1914 1026 supersunt
1953 956 2075 1010 aliis

97 1045 412 1102 mendorum
461 1043 750 1115 generibus
805 1042 1103 1114 inquinati,
1158 1039 1222 1095 de
1276 1039 1470 1112 quibus
1522 1041 1625 1095 alio
1686 1050 1924 1114 tempore
1969 1045 2076 1098 erit

97 1133 419 1198 dicendum,
471 1131 564 1187 sed
622 1148 791 1187 unum
839 1138 892 1185 et
944 1130 1176 1184 alterum
1231 1129 1338 1182 iam
1395 1145 1539 1183 nunc
1597 1129 1830 1184 delibare
1881 1131 2073 1202 placet.

4 1224 17 1236 '
98 1223 161 1279 111
212 1219 500 1295 Cyropaed.
537 1220 624 1273 Vl.
666 1238 702 1274 ι.
749 1224 839 1274 51.
894 1218 1110 1288 ληφθεὶς
1147 1217 1289 1285 ἔρωτι
1336 1225 1429 1280 τῆς
1477 1219 1720 1283 γυναικὸς
1774 1219 2076 1284 ἠναγκάσθη

97 1317 452 1380 προσενεγκεῖν
493 1311 627 1377 αὐτῇ
667 1307 856 1373 λόγους
912 1308 1024 1375 περὶ
1081 1308 1469 1371 συνηθείας,
1514 1314 1698 1360 utrum
1737 1307 1814 1361 sic
1853 1324 1920 1361 an
1963 1329 2076 1361 συν·

96 1400 270 1459 ουσίας
327 1404 468 1452 esset
524 1395 811 1467 legendum
876 1413 981 1449 non
1037 1395 1167 1449 satis
1233 1393 1376 1465 apud
1446 1412 1531 1449 me
1585 1395 1862 1450 constabat
1921 1403 2077 1450 antea

98 1503 266 1558 quum
307 1485 542 1541 viderem
588 1482 990 1555 Xenophontem
1031 1482 1175 1537 haud
1215 1499 1371 1537 secus
1410 1490 1572 1555 atque
1611 1483 1887 1538 Platonem
1925 1501 2076 1538 sum·
2118 1540 2120 1542 ,

101 1591 187 1628 mo
225 1573 403 1628 studio
438 1577 530 1637 τὴν
570 1575 621 1627 ἐν
670 1575 740 1641 τῷ
792 1573 968 1638 λέγειν
1013 1572 1321 1639 εὐπρέπειαν
1369 1572 1580 1626 sectari.
1663 1571 1765 1626 Sed
1819 1573 1873 1626 in
1916 1590 1975 1627 ea
2019 1590 2077 1628 re

95 1659 383 1730 diligenter
420 1660 716 1715 cavendum
759 1678 827 1715 ne
867 1659 1086 1714 modum
1120 1659 1346 1714 excedas
1383 1668 1436 1714 et
1484 1659 1718 1714 cordatis
1768 1659 2078 1716 hominibus

96 1748 326 1819 ineptire
379 1749 628 1804 videaris,
706 1749 872 1804 Nemo
923 1748 1251 1803 Graecorum
1303 1747 1463 1802 habet
1516 1764 1676 1803 aures
1730 1755 1838 1804 tam
1898 1748 2079 1821 inepte

98 1834 402 1891 fastidiosas
442 1845 502 1891 ut
539 1839 805 1899 συνουσίας
864 1853 1057 1891 nomen
1110 1835 1251 1890 serre
1298 1843 1602 1907 nequeant,
1656 1853 1830 1909 neque
1876 1854 1937 1892 ea
1991 1855 2079 1893 res

98 1923 298 1979 Graece
336 1927 571 1989 συνήθειαι
607 1926 835 1989 dicitur,
881 1932 938 1979 ut
978 1923 1120 1996 apud
1156 1924 1422 1978 Romanos
1461 1943 1787 1979 consuescere
1825 1944 1942 1980 cum
1981 1927 2078 1981 ali·

11 2015 13 2019 ’
93 2030 197 2085 qua
238 2019 291 2067 et
331 2014 672 2078 consuetude,
726 2013 817 2068 sed
858 2013 1039 2078 ὁμιλίαι
1093 2018 1145 2066 et
1205 2013 1423 2076 ὁμιλεῖν.
1504 2013 1693 2084 ltaque
1746 2014 1858 2082 περὶ
1902 2037 2077 2071 συνου·

91 2100 213 2161 σίας
253 2101 408 2155 unice
449 2118 636 2155 verum
681 2109 733 2156 et
787 2099 1152 2172 recipiendum
1194 2116 1311 2154 esse
1351 2116 1557 2155 cense0.
1638 2102 1734 2155 Est
1777 2120 1899 2157 vero
1940 2103 2079 2158 alius

98 2186 156 2241 iu
189 2186 516 2260 Cyropaedia
555 2188 732 2253 locuS‚
789 2189 880 2242 ubi
922 2187 1213 2259 Xenophon
1254 2204 1379 2259 prae
1416 2189 1738 2244 verecundia
1788 2192 2079 2247 usitatissi-

98 2290 245 2330 mum
287 2275 505 2331 Graecis
542 2277 859 2332 vocabulum
901 2292 1164 2347 usurpare
1207 2293 1310 2329 non
1356 2277 1618 2331 sustinuit
1670 2278 1762 2334 sed
1802 2280 1948 2334 aliud
1991 2280 2079 2336 ho·

97 2363 303 2418 nestius
345 2366 608 2435 quaesivit
648 2365 787 2419 VIII.
829 2383 940 2420 vm.
988 2369 1074 2420 10.
1128 2364 1185 2429 ἦν
1226 2366 1278 2419 δὲ
1318 2368 1494 2427 αὐτοῖς
1535 2366 1746 2432 νόμιμον
1778 2369 1906 2434 μηδὲ
1944 2389 2080 2438 προ·

96 2453 341 2519 χοΐδας
387 2455 710 2523 εἰσφέρεσθαι
753 2456 824 2514 εἷς
864 2454 935 2508 τοὶ
976 2454 1266 2519 συμπόσια.
1346 2453 1459 2508 Non
1500 2455 1763 2510 sustinuit
1796 2456 1851 2510 id
1902 2456 2081 2514 dicere

95 2538 166 2595 de
204 2557 311 2612 quo
343 2549 397 2597 et
439 2541 641 2597 Seneca
683 2542 1021 2596 dubitaverat
1075 2558 1244 2614 quum
1296 2540 1556 2596 scriberet
1597 2542 1660 2598 de
1712 2544 1938 2599 Benefic.
1981 2546 2076 2601 111.

99 2630 190 2684 26.
268 2627 396 2684 Rem
430 2630 807 2702 ineptissimam
857 2634 1027 2702 fecero
1065 2632 1112 2684 si
1151 2649 1286 2684 nunc
1329 2631 1484 2684 verba
1530 2632 1794 2701 quaesiero
1837 2636 2079 2704 quemad·

93 2715 305 2771 modum
359 2717 529 2772 dicam
584 2719 739 2773 illum
796 2718 1067 2774 matellam
1132 2719 1428 2789 sumpsisse.
1520 2721 1744 2784 Ἀμίδας
1801 2723 2078 2778 nominare

96 2803 304 2868 noluit,
347 2808 625 2875 προχοΐδας
670 2808 995 2871 nominavit,
1047 2806 1364 2879 subinepte,
1408 2813 1464 2860 ut
1508 2807 1639 2861 mihi
1682 2809 1898 2880 quidem
1940 2811 2078 2867 vide·

97 2897 208 2949 tur.
285 2893 353 2948 Et
397 2894 728 2950 Athenaeum
777 2894 993 2967 quidem
1053 2894 1363 2949 ioculariter
1402 2894 1611 2967 decepit
1652 2898 1744 2967 qui
1799 2902 2080 2968 προχοΐδας

98 2979 325 3036 oredidit
370 2985 588 3044 κύλικας
641 3001 757 3039 esse
808 3000 930 3056 pag.
970 2987 1079 3038 496
1128 2983 1182 3037 C.
1263 2989 1492 3053 Ξενοφῶν
1547 2986 1589 3039 δ’
1637 2987 1688 3040 ἐν
1734 2987 1892 3056 ὀγδόῳ
1951 2999 2078 3046 Παι·

98 3067 238 3130 θείας
276 3074 651 3140 προχοΐδας
692 3072 836 3133 τινας
873 3071 1022 3137 λέγει
1082 3075 1406 3138 κύλικας,
1446 3072 1536 3127 ubi
1577 3081 1765 3128 auctor
1804 3076 2077 3148 Epitomes

97 3158 312 3221 κύλικας
365 3158 592 3225 delevit,
654 3160 746 3215 sed
801 3160 1106 3226 Athenaeo,
1157 3162 1249 3233 qui
1303 3160 1510 3216 doctior
1564 3162 1731 3217 multo
1781 3172 1862 3219 cst
1915 3183 2074 3237 quam

100 3246 341 3311 acutior,
393 3265 525 3303 suus
573 3256 687 3303 erat
744 3266 897 3304 error
951 3249 1368 3322 relinquendus,
1431 3257 1490 3304 ut
1545 3249 1719 3305 locum
1771 3253 2076 3324 inspicienti

102 3333 320 3404 patebit.
398 3335 678 3393 Caeterum
719 3340 915 3404 ἀμίδας
957 3355 1141 3393 omnes
1177 3355 1274 3393 sno
1315 3339 1530 3393 nomine
1576 3339 1839 3411 appellare
1879 3341 2079 3408 solent,

102 3420 264 3475 etiam
306 3423 397 3493 qui
440 3425 655 3481 oracula
709 3426 936 3481 Deorum
991 3426 1375 3490 consulebant,
1432 3426 1539 3482 vid.
1588 3427 1831 3481 l'hotium
1888 3446 1935 3482 v.
1977 3434 2079 3484 'Po-

102 3507 215 3560 ὃιέον
251 3512 500 3576 χρησμός.
582 3514 639 3568 ln
680 3514 927 3588 Aeschyli
981 3523 1033 3570 et
1074 3514 1348 3587 Sophoclis
1382 3516 1610 3583 δράμασι
1652 3524 1950 3583 Σατυρικοῖς
1992 3534 2079 3589 ap-

107 3594 295 3665 pellata
345 3607 417 3652 est
458 3603 484 3662 ἦ
527 3602 783 3669 κακοσμος
825 3603 1001 3672 nepot-m
1028 3646 1041 3669 ,
1081 3603 1186 3658 vid.
1232 3603 1424 3664 Athen.
1465 3605 1505 3660 I.
1561 3622 1608 3676 p.
1658 3609 1740 3660 17.
1811 3603 1947 3659 Sunt
1987 3608 2078 3678 qui
