2436 4068
1015 228 1081 277 15

66 390 185 436 AA.
265 378 541 447 Frequens
579 378 658 427 est
680 370 754 424 iu
794 370 973 425 Attica
1027 371 1153 425 άλσὶ
1198 369 1457 435 πάττειν,
1498 372 1844 436 διαπάττειν,
1890 382 2062 441 σμῆν,

69 470 330 533 διασμῆν,
373 471 435 518 ut
474 460 618 534 apud
659 460 928 515 Cratetem
963 457 1156 512 Athen.
1195 458 1282 513 VI.
1327 461 1452 513 267.
1488 460 1546 516 F.

295 553 416 620 ἱχθὺ
457 549 667 617 βάδιζ’.
706 550 836 602 ἀλλ’
875 545 1068 601 οὐδέπω
1110 546 1360 616 ’πιθάτερ’
1393 548 1549 612 ὀπτός
1582 551 1722 618 εἰμι.

295 644 471 695 οὐκοῦν
517 635 860 702 αεταςρέψας
901 634 1119 687 σεαυτὸν
1158 635 1284 689 άλσὶ
1328 635 1516 698 πάσεις
1555 638 1790 708 άλείφων

69 729 210 803 quod
247 729 418 800 perite
458 725 747 782 Elmsleius
786 724 841 775 in
895 721 1166 792 scriptura
1215 722 1424 779 Codicis
1462 724 1700 781 ἄλειπασ
1747 727 2063 796 εἶσαλείφων

69 820 244 881 inesse
283 813 683 870 animadvertit.
762 811 1047 864 Praeterea
1081 807 1257 863 scribe
1289 810 1465 867 οὔκουν
1500 817 1823 886 ΡΓο-οὐκοῦν.
1906 814 2069 870 Simi-

70 905 197 962 liter
228 903 408 959 Alexis
448 901 586 955 dixit
623 898 815 954 Athen.
856 897 968 951 VII.
1013 899 1119 961 3-24
1162 897 1217 951 Β.

374 991 433 1045 τὸ
473 990 517 1044 δ’
556 987 692 1043 ἄλλο
733 991 887 1052 σῶμα
925 988 1240 1061 κατατεμὼν
1279 989 1507 1050 πολλοὺς
1541 990 1732 1055 κύβους

375 1079 586 1145 σμήσας
620 1096 680 1130 τε
719 1080 934 1135 λεπτοῖς
975 1073 1160 1128 άλσίν.

75 1175 132 1233 et
163 1167 391 1231 Alcaeus
427 1164 621 1221 Athen.
663 1162 754 1217 IX.
791 1165 901 1218 599
929 1162 987 1217 F.

911 1291 917 1298 -
969 1248 1054 1305 ἵνα
1087 1250 1206 1312 τοὺς
1242 1250 1539 1315 δασύποδας

378 1340 462 1403 οὓς
501 1340 566 1395 ἂν
605 1338 860 1406 λάβωμεν
902 1338 1028 1393 άλσὶ
1065 1337 1376 1393 διαπάττειν
1410 1339 1555 1412 ἔχης.

76 1438 131 1488 et
168 1432 223 1486 in
262 1429 438 1502 lepido
468 1425 844 1498 Aristophanis
878 1425 994 1480 loco
1029 1425 1346 1481 Nub.1257

379 1517 535 1573 άλσιν
575 1515 922 1583 διασμηχθεις
955 1513 1115 1569 ὄναιτ’
1156 1535 1245 1568 αν
1256 1516 1646 1571 odron-1¹.-

75 1606 278 1664 Deinde
324 1606 379 1659 in
419 1610 1182 1661 ΠΑΣΘΕΙΟΕΚΣΤΡΑΦΕΙΟ
1224 1603 1451 1669 accidit,
1493 1605 1636 1677 quod
1671 1622 1829 1678 saepe
1867 1605 2073 1663 factum
2140 1618 2142 1620 ’

78 1712 195 1764 esse
230 1695 284 1749 in
321 1695 599 1766 superiore
631 1698 785 1764 parte
825 1690 1345 1757 demonstravimus,
1387 1698 1448 1747 ut
1487 1702 1600 1750 EIC
1635 1703 1687 1750 et
1719 1703 1811 1749 ΕΚ
1853 1695 2073 1751 confun-

78 1782 361 1846 derentur,
415 1788 469 1836 et
523 1781 601 1835 sic
653 1779 719 1833 ob
777 1778 1190 1834 similitudinem
1251 1779 1483 1836 alterum
1533 1783 1795 1838 omissum
1855 1784 2072 1855 periret.

79 1870 334 1927 Eiusdem
390 1868 721 1924 confusionis
773 1866 1115 1921 luculentum
1157 1867 1462 1939 exemplum
1508 1870 1564 1923 in
1611 1870 1888 1927 Menandri
1935 1870 2075 1944 frag·

82 1966 266 2014 mento
314 1957 451 2012 mihi
502 1954 941 2011 animadversum
995 1962 1107 2018 est,
1162 1955 1305 2026 quod
1363 1962 1417 2011 et
1472 1964 1755 2030 propterea
1811 1959 2078 2016 adducam

81 2049 354 2120 quia-non
389 2046 504 2102 leve
539 2044 734 2098 vitium
769 2043 826 2096 in
867 2042 1042 2096 iocoso
1079 2041 1195 2096 loco
1227 2043 1444 2099 resedit.
1524 2046 1844 2102 Ammonius
1890 2048 2078 2104 discri-

82 2152 206 2191 men
243 2136 384 2190 inter
422 2133 554 2199 ἦσθα
585 2138 640 2187 et
668 2130 726 2200 ᾖς
759 2130 1229 2197 demonstraturus
1270 2131 1434 2205 (quod
1464 2150 1791 2206 quemquam
1819 2137 2079 2192 nesciisse

83 2222 317 2295 mireris)
359 2239 410 2294 p.
429 2225 499 2276 76
533 2219 724 2275 scribit
755 2218 1045 2286 Μένανδρος
1088 2219 1139 2271 ἐν
1173 2220 1561 2289 Ψευδηρακλεῖ·

386 2310 511 2378 ὑπὲρ
543 2309 639 2374 μὲν
669 2306 797 2362 οἴνου
835 2307 966 2373 μηδὲ
997 2311 1123 2376 γρῦ,
1166 2307 1314 2372 τίτθη
1336 2350 1351 2373 ,
1391 2308 1522 2375 λέγε
1547 2351 1560 2363 .

384 2397 451 2453 ἂν
483 2395 669 2452 τάλλα
708 2396 751 2449 δ’
793 2393 851 2463 ᾖς
886 2393 1172 2461 ἄμεμπτος
1210 2397 1282 2457 εἷς
1321 2418 1414 2460 την
1454 2398 1540 2453 ἐπὶ
1582 2398 1709 2454 δέκα

385 2486 747 2554 Βοηδρομιῶνος
787 2483 1071 2552 ἐνδελεχῶς
1107 2482 1239 2548 ἕξεις
1275 2485 1396 2540 άεί.

0 2603 2 2616 ›
85 2590 273 2630 verum
305 2573 440 2628 vidit
471 2574 769 2636 PorsonuS,
810 2571 903 2643 qui
934 2569 1087 2634 ἕκτην
1121 2572 1206 2626 ἐπὶ
1247 2572 1374 2628 δέκα
1405 2573 1712 2631 emendavit
1741 2581 1795 2631 et
1827 2576 2082 2651 Polyaeni

0 2693 3 2736 3
89 2663 266 2719 locum
305 2662 488 2718 attulit
524 2662 832 2717 111.11.2.
886 2660 1126 2728 Χαβρίας
1169 2681 1282 2729 περι
1329 2660 1506 2726 Νάξον
1547 2669 1835 2732 ναυμαχῶν
1880 2666 2080 2729 ἐνίκησε

0 2754 2 2768 “
88 2753 449 2821 Βοηδρομιῶνος
500 2749 625 2820 ἕκτη
675 2750 761 2804 ἐπὶ
814 2748 941 2803 δέκα
984 2780 1055 2790 —
1094 2749 1204 2814 ἥτις
1240 2748 1297 2814 ἦν
1335 2751 1438 2817 μία
1479 2756 1577 2805 τῶν
1621 2752 1877 2819 μεγάλων
1915 2775 2081 2821 μυςη-

89 2841 219 2910 ρίων.
296 2838 464 2894 Multo
512 2837 784 2893 utiliorem
836 2837 1015 2892 locum
1055 2837 1316 2915 indicavit
1364 2839 1665 2895 Meinekius
1701 2841 1758 2895 in
1804 2841 2085 2899 Plutarchi

91 2927 355 2985 Phocione
407 2943 522 2999 cap.
559 2931 592 2981 6
627 2918 800 2982 ἐνίκων
831 2927 884 2980 δὲ
927 2926 1040 3000 (την
1077 2925 1190 2994 περὶ
1232 2925 1410 2990 Νάξον
1449 2927 1779 3002 ναυμαχίαν)
1819 2930 2080 2996 μεγάλοις

0 3053 21 3074 ».
90 3017 350 3085 μυςηρίοις
392 3016 479 3070 καὶ
531 3021 786 3083 παρεῖχεν
826 3013 1110 3081 οἰνοχόημα
1150 3014 1389 3082 Χαβρίας
1421 3017 1706 3079 Ἀθηναίοις
1747 3019 1862 3072 καθ’
1897 3017 2082 3078 ἕκαςον

0 3093 26 3165 „k
92 3105 320 3164 lutam-bv
357 3111 423 3173 τῇ
463 3101 586 3173 ἕκτη
621 3104 705 3158 ἐπὶ
747 3103 874 3158 δέκα
916 3106 1005 3157 τοῦ
1041 3102 1422 3171 Βοηδρομιῶνος.
1502 3102 2081 3171 Submirorneutrum

94 3191 291 3261 yidisse
339 3190 481 3264 apud
526 3191 879 3246 Menandrum
923 3190 1087 3245 scribi
1135 3197 1407 3263 oportere:
1460 3190 1613 3256 ἕκτην
1661 3192 1746 3246 ἐπὶ
1797 3193 1922 3248 δέκα
1962 3205 2081 3257 Βοη-

12 3311 14 3315 ·
92 3281 356 3351 δρομιῶνος
396 3311 471 3320 -
506 3277 684 3343 ἄξεις
722 3280 834 3343 ἀεί,
870 3295 974 3332 non
1011 3276 1169 3345 ἕξεις,
1224 3279 1477 3349 quoniam
1514 3278 1711 3334 festum
1753 3280 1896 3335 diem
1927 3299 2082 3336 nemo

98 3367 297 3426 Graece
332 3367 475 3436 ἔχειν
515 3367 607 3423 sed
654 3365 810 3432 ἄγειν
843 3365 1070 3432 dicitur,
1129 3365 1282 3434 ἄγειν
1322 3367 1525 3435 ἑορτήν,
1579 3370 1879 3435 νουμηνίαν,
1929 3370 2081 3424 Ἀδώ-

0 3477 4 3509 ι
100 3475 218 3521 νια,
274 3457 518 3512 Διονύσια
571 3462 626 3511 et
676 3455 875 3510 similia
928 3455 1147 3527 passim.
1235 3455 1424 3527 Itaque
1464 3455 1756 3529 Antiphani
1803 3458 2082 3526 ἕκςραφείς

102 3542 416 3609 reddemuS,
457 3543 598 3616 quod
629 3542 785 3615 quale
825 3543 895 3598 sit
926 3544 980 3596 in
1017 3550 1132 3598 arte
1166 3543 1478 3616 coquinaria
1510 3561 1615 3620 non
1651 3543 1865 3598 difficile
1901 3551 1982 3599 est
2018 3545 2086 3600 ad

102 3631 506 3705 exputandum,
562 3638 822 3702 ςραφῆναι
866 3630 995 3704 quid
1037 3632 1109 3689 sit
1148 3648 1304 3687 nemo
1344 3631 1557 3688 dixerit.
1640 3631 1696 3686 In
1739 3632 2086 3704 sequentibus
