2436 4068
1232 183 1239 187 -
1294 154 1398 203 712

370 298 524 354 aunis
566 300 786 351 invitam
829 297 1056 356 ducere,
1104 295 1298 348 nedum
1340 314 1521 367 rapere
1562 299 1839 368 potuerit?
1920 300 2201 372 Lycurgus
2249 319 2339 356 au·

368 394 508 450 tem,
564 387 609 440 si
653 383 987 454 Xenophonti
1036 382 1341 447 credimus,
1383 401 1549 454 quum
1605 385 1809 439 videret
1849 403 2002 440 senes
2051 386 2337 458 diligenter

372 491 585 528 servare
640 488 828 525 uxores
887 470 1046 543 (quod
1102 487 1256 524 nemo
1318 471 1664 544 mirabitur),
1727 474 1794 526 iis
1844 475 2081 545 permisit
2123 516 2337 530 .....

372 562 499 632 quid
543 559 734 632 putas?
778 576 966 630 nempe
1009 566 1064 612 ut
1102 559 1202 629 ipsi
1246 559 1500 613 uxoribus
1539 561 1650 614 suis
1690 560 1819 614 alios
1864 563 2004 615 viros
2029 561 2182 616 ‘unde
2221 579 2340 617 con·
2416 631 2417 634 Ἴ

374 650 614 719 ciperem
656 655 1011 718 parerentque
1038 648 1113 700 ila
1154 654 1503 717 quaererent,
1546 654 1606 701 ut
1646 647 1786 719 quod
1816 656 1956 704 esset
1990 657 2178 720 natum
2215 652 2342 721 ipsi,

372 737 424 791 id
461 743 541 790 est
579 736 761 788 mariti
803 752 984 799 seneS,
1024 734 1272 788 tollerent
1307 752 1400 806 pro
1443 753 1539 789 suo
1574 736 1989 807 educarentque.
2072 738 2159 793 Sic
2200 747 2345 795 certe

372 841 564 878 uxores
606 823 741 876 nihil
781 831 895 877 erat
936 840 1068 893 opus
1116 824 1320 876 servari
1360 840 1585 894 eamque
1637 824 1807 894 legem
1861 825 2078 879 senibus
2134 829 2344 882 maritis

370 912 716 966 vehementer
757 911 1024 982 placuisse
1070 913 1330 982 suspicor.
1410 911 1591 983 Neque
1651 911 1779 966 adeo
1838 914 2039 967 mirum
2081 915 2345 970 adulteria

371 1001 630 1071 Spartae,
686 1006 822 1054 teste
871 999 1194 1064 Plutarclm,
1253 999 1399 1054 nulla
1451 1001 1668 1053 omnino
1717 999 1918 1054 fuisse:
1978 1000 2105 1063 ὅλως
2161 1002 2344 1061 ἄπιςον
2406 993 2425 1061 ¹J

374 1085 430 1149 ἧν
471 1089 527 1142 τὸ
570 1095 662 1150 τῆς
703 1089 947 1155 μοιχείαις
990 1091 1110 1155 παρ’
1151 1090 1357 1151 αὐτοῖς,
1397 1088 1535 1142 Plut.
1582 1089 1901 1161 Lycurg.15
1926 1131 1939 1152 ,
1983 1089 2071 1143 ubi
2111 1090 2346 1161 lepidum
2425 1131 2428 1162 i

373 1175 622 1247 Spartani
673 1175 876 1229 dictum
923 1175 1086 1230 refert
1128 1176 1368 1230 docentis
1426 1176 1629 1230 nullam
1683 1175 1908 1247 Spartae
1964 1179 2016 1230 in
2077 1177 2349 1232 adulteros
2426 1183 2429 1230 ς

369 1281 591 1335 poenam
636 1264 800 1318 fuisse
840 1265 1222 1327 constitutam,
1266 1266 1520 1336 quoniam
1562 1264 1785 1336 Spartae
1828 1282 1980 1319 nemo
2021 1274 2161 1320 esset
2200 1265 2347 1320 adul·
2427 1265 2429 1270 ⁴

368 1359 470 1406 ter.
550 1351 862 1406 Aristoteles
906 1351 971 1406 de
1019 1352 1379 1406 Lacaenarum
1435 1352 1712 1418 morihuS,
1766 1361 1826 1407 ut
1867 1352 2203 1418 videbimuS,
2242 1353 2347 1407 alia
2429 1369 2432 1432 g

370 1441 548 1494 omnia
586 1441 876 1509 memoriae
914 1440 1186 1511 prodidit,
1227 1440 1317 1494 sed
1362 1441 1683 1495 Plutarchus
1723 1443 1876 1512 quasi
1917 1442 2162 1496 oculatus
2190 1443 2346 1496 testis

371 1537 422 1582 et
460 1530 690 1582 certiora
727 1528 948 1582 edoctus
991 1544 1052 1582 ea
1093 1527 1227 1581 nihil
1269 1535 1424 1582 curat
1463 1537 1516 1584 et
1559 1529 1718 1584 verbo
1761 1530 1973 1594 reiicit,
2016 1532 2070 1584 in
2112 1531 2344 1603 Lycurg.

374 1620 461 1670 14.
542 1616 743 1670 Deinde
783 1617 927 1670 cives
969 1616 1202 1688 Lycurgi
1255 1616 1462 1687 legibus
1498 1618 1852 1672 severissimis
1898 1618 1964 1673 ad
2005 1620 2351 1673 matrimonia
2434 1650 2436 1685 3

371 1705 695 1775 capessenda
735 1704 1223 1776 compellebantur,
1265 1714 1316 1760 et
1357 1705 1544 1759 coelibi
1588 1708 1784 1776 poenae
1835 1723 2024 1776 graves
2066 1714 2119 1760 et
2159 1714 2346 1779 turpes
2433 1691 2436 1716 ³

370 1793 726 1847 contumeliae
775 1800 1008 1863 paratae.
1095 1793 1289 1847 Verum
1333 1793 1417 1847 his
1468 1811 1707 1865 quoque,
1750 1796 1840 1865 qui
1882 1795 2079 1849 iustam
2123 1812 2343 1850 uxorem

372 1881 569 1935 (lucere
621 1882 850 1945 nollent,
906 1882 1187 1955 Lycurgus
1246 1882 1511 1955 (mirabile
1566 1882 1736 1955 dictu)
1791 1884 2037 1954 permisit
2069 1901 2135 1937 ea:
2174 1883 2347 1937 aliena

370 1988 535 2022 ‘umore
574 1973 808 2041 formosa
849 1979 894 2023 et
934 1971 1188 2043 foecunda
1240 1972 1340 2024 sibi
1379 1989 1627 2042 quaerere
1684 1971 1873 2025 liberos
1924 1972 2211 2031 πείσαντας
2260 1972 2348 2026 τὸν

374 2058 602 2126 ἔχοντα,
662 2067 717 2113 ut
772 2066 956 2112 narrat
1010 2058 1298 2130 Xenophon
1334 2059 1373 2112 1.
1417 2063 1468 2113 8.
1525 2061 1617 2130 qui
1669 2076 1784 2113 eam
1841 2076 1952 2113 rem
1997 2067 2048 2115 et
2098 2059 2347 2114 foeminis

374 2146 663 2200 iucundam
720 2146 886 2200 fuisse
945 2154 1175 2201 testatur
1230 2155 1283 2202 et
1325 2165 1427 2200 non
1483 2147 1823 2219 displicuisse
1876 2165 2064 2202 earum
2118 2148 2347 2202 maritisx

369 2233 597 2287 Ferebat
635 2251 804 2304 aequo
844 2234 1022 2287 animo
1075 2236 1431 2289 necessariam
1479 2235 1844 2289 calamitatem
1894 2253 2056 2291 senex
2097 2236 2346 2299 AtticuS,
2414 2265 2426 2300 ..;

374 2323 466 2393 qui
503 2323 577 2375 ita
614 2322 885 2393 loquitur:

676 2417 834 2477 γαμῶ
875 2411 1033 2479 γέρων
1068 2412 1162 2474 ὢν,
1205 2409 1357 2476 οἶδα,
1398 2412 1484 2465 καὶ
1526 2419 1631 2473 τοῖς
1671 2411 1913 2477 γείτοσιν.

377 2500 654 2571 Spartanis
690 2499 873 2553 eadem
917 2517 1002 2553 res
1036 2516 1143 2553 non
1196 2507 1310 2553 erat
1348 2500 1588 2571 ingrata:
1630 2501 1672 2553 οἱ
1710 2499 1815 2566 γὰρ
1856 2498 2029 2566 ἄνδρες
2069 2499 2348 2564 βούλονται

373 2591 635 2657 ἀδελφοὺς
676 2596 782 2649 τοῖς
820 2588 968 2642 παισὶ
1023 2588 1486 2656 προσλαμβάνειν,
1538 2584 1582 2643 οἳ
1631 2592 1719 2642 τοῦ
1763 2588 1858 2653 μὲν
1898 2587 2074 2652 γένους
2126 2588 2212 2642 καὶ
2254 2595 2347 2651 τῆς

373 2677 634 2742 δυνάμεως
702 2664 1014 2740 κοινώνοῦσι,
1067 2683 1164 2732 τῶν
1230 2678 1281 2731 δὲ
1338 2676 1624 2744 χρημάτων
1680 2679 1768 2730 οὐκ
1821 2678 2232 2739 ἀντιποιοῦνται,
2293 2677 2347 2730 in

376 2766 570 2837 quibus
600 2766 848 2819 omnihus
883 2765 1172 2836 Xenophon
1209 2766 1514 2838 Lycurgum
1553 2765 1811 2819 admirari
1849 2765 1979 2818 satis
2017 2781 2120 2816 non
2155 2773 2346 2835 potest.
2427 2768 2431 2771 ’

379 2853 480 2908 Sed
521 2870 643 2907 ecce
685 2854 880 2906 iterum
923 2855 1024 2908 sibi
1082 2854 1389 2925 obloquitur
1429 2871 1596 2925 quum
1646 2853 1778 2907 dicit
1834 2853 1900 2906 iis
1953 2852 2163 2923 placere
2219 2853 2350 2907 illud

377 2959 546 3013 genus
586 2941 852 3004 fratrum,
910 2938 951 2995 οἳ
992 2949 1088 2995 τῶν
1140 2942 1426 3010 χρημάτων
1475 2944 1564 2996 οὐκ
1615 2945 2010 2996 ἀντιποιοῦνται.
2090 2941 2349 2995 Putabam

375 3032 643 3086 neminem
689 3029 795 3082 illic
838 3030 1053 3084 divitias
1091 3049 1281 3085 curare
1323 3040 1374 3085 et
1415 3033 1466 3084 in
1509 3049 1568 3085 ea
1620 3048 1830 3102 quoque
1882 3048 1941 3085 re
1980 3031 2217 3101 conspici
2262 3031 2350 3085 ad·

377 3118 675 3174 mirabilem
726 3117 960 3190 Lycurgi
1002 3136 1062 3172 ac
1114 3137 1281 3189 paene
1321 3119 1557 3174 divinam
1594 3119 1907 3190 sapientiam
1934 3160 1946 3180 ,
2003 3117 2142 3189 quod
2187 3118 2350 3172 simul
2420 3111 2421 3114 ¹

375 3226 496 3263 cum
542 3207 767 3277 pecunia
803 3207 1083 3259 avaritiam
1127 3224 1338 3261 omnem
1381 3218 1433 3262 et
1473 3207 1717 3260 luxuriae
1761 3207 2120 3259 instrumenta
2166 3208 2346 3260 omnia

373 3305 426 3351 ct
466 3313 650 3350 omnes
701 3293 958 3365 peccandi
1017 3294 1292 3348 illecebras
1345 3313 1406 3350 ex
1462 3296 1591 3349 urhe
1633 3302 1684 3348 et
1739 3310 1866 3364 agro
1912 3293 2348 3349 Lacedaemonio·

373 3403 495 3440 rum
549 3383 856 3454 expulisset.
938 3383 1217 3453 Magnifica
1262 3384 1314 3435 in
1373 3383 1509 3437 hanc
1552 3400 1665 3435 rem
1726 3381 1981 3452 leguntur
2036 3382 2176 3454 apud
2228 3382 2346 3436 Plu-

373 3473 618 3528 tarchum
662 3474 712 3524 in
753 3472 983 3544 Lycurg.
1026 3489 1139 3542 cap.
1177 3476 1208 3525 9
1251 3478 1303 3525 et
1350 3476 1446 3535 10,
1501 3470 1786 3541 magnifica
1837 3471 1978 3541 apud
2032 3470 2342 3542 Xenophon-

373 3571 475 3616 tem
519 3578 631 3632 cap.
667 3561 789 3624 Vll,
834 3561 1101 3631 in‘iprimis
1137 3560 1276 3630 quod
1313 3560 1376 3614 dc
1422 3567 1630 3614 moneta
1676 3558 1886 3630 publica
1923 3559 2076 3614 ambo
2118 3565 2342 3612 narrant
