2436 4068
1004 179 1109 228 655

19 347 28 398 j
77 330 123 376 Θ
160 328 346 376 uatum
390 330 503 385 est,
541 330 594 377 et
631 328 1048 377 OTAPATTEI
1088 327 1172 376 est
1211 319 1602 392 dittographia:
1646 331 2052 379 ΘΡΑΤΤΕΙΣΕ

16 445 30 467 1
74 411 297 480 antiqua
339 418 392 465 et
432 410 596 482 proba
635 411 907 482 scriptura
947 415 1062 473 est,
1118 409 1205 464 cui
1248 425 1412 480 supra
1451 409 1670 480 scripsit
1721 409 1918 482 aliquis
1953 420 2055 467 ΤΑ

20 491 30 495 ’
71 506 315 554 vetustae
372 498 575 552 formae
627 499 832 566 θράττει
893 514 1199 568 supponens
1248 496 1521 567 vulgatam
1573 496 1843 566 ταράττει.
1926 499 2055 554 Ver-

20 619 36 660 ³
71 585 198 642 hum
240 586 473 653 θράττειν
511 587 642 639 satis
689 595 873 640 notum
914 592 1030 639 est:
1073 585 1288 655 saepius
1337 590 1566 638 aetatem
1613 585 1735 639 tulit
1776 587 1829 639 in
1882 587 2053 643 Plato-

14 660 155 767 {nis
192 674 380 736 libris,
434 675 591 728 cuius
640 674 944 727 testimonia
993 672 1322 743 conquisivit
1377 671 1663 729 Ruhnken.
1705 673 1772 728 ad
1821 675 1959 729 Tim.
1999 692 2048 729 v.

0 765 423 833 Ἑνθράττειν,
482 761 624 833 apud
677 776 837 832 quem
895 759 1100 814 videbis
1151 766 1304 812 vetus
1346 759 1615 826 ἐνέθραξαν
1672 778 1702 815 a
1745 761 1939 817 scribis
1996 763 2051 817 in

0 847 10 906 ζ
65 852 378 921 ἐνετάραξαν
416 850 801 921 depravatum,
859 855 916 901 ut
963 846 1102 919 apud
1147 846 1550 916 Xenophontem
1592 848 1797 916 θράττει
1848 851 1902 905 in
1953 873 2051 906 τα-

58 942 255 1015 ράττει.
338 941 417 994 Ex
454 938 688 993 Platonis
730 938 859 991 locis
902 952 1069 990 unum
1114 933 1382 1006 proferam
1423 943 1482 988 ut
1522 952 1645 990 eum
1682 937 1857 991 obiter
1891 941 2044 1010 gravi

0 1021 6 1099 ζ
65 1033 258 1091 mendo
307 1028 549 1084 liberem.
631 1025 854 1095 Legitur
893 1026 945 1078 in
1001 1021 1281 1077 Phaedone
1332 1038 1380 1092 p.
1419 1026 1508 1076 86.
1551 1024 1612 1077 Ε.
1666 1027 1793 1079 αλλ’
1828 1026 1968 1091 ἄγε,
2013 1027 2049 1082 ὦ

0 1163 3 1168 .
62 1123 236 1188 κέβης
266 1164 276 1182 ,
333 1120 463 1183 λέγε
516 1117 571 1170 τί
609 1112 666 1176 ἦν
719 1115 778 1168 τὸ
832 1115 889 1167 σὲ
944 1108 1012 1165 αὖ
1060 1112 1271 1178 Opim-ov
1319 1110 1541 1167 άπιςίαν
1594 1113 1852 1180 παρέχει,
1913 1132 2050 1186 quae

60 1210 331 1280 scriptura
367 1221 536 1277 quum
577 1200 863 1257 manifesto
906 1198 1158 1253 mendosa
1213 1198 1319 1261 sit,
1367 1197 1756 1254 Stallbaumius
1806 1218 1869 1255 ex
1921 1203 2049 1257 ‹luo-

37 1297 163 1354 ‘lms
204 1295 356 1349 libris
390 1291 414 1348 ὃ
450 1292 509 1347 σέ
550 1308 646 1364 pro
683 1293 743 1346 τὸ
788 1290 847 1344 σέ
887 1288 1110 1359 recepit.
1196 1284 1298 1341 Sed
1340 1293 1419 1341 est
1458 1303 1520 1340 ea
1569 1286 1842 1344 levissima
1896 1291 2050 1347 scioli

60 1380 529 1445 correctiuncula,
579 1394 682 1450 qua
728 1376 861 1431 nihil
912 1375 1261 1430 adiuvamur:
1318 1375 1374 1428 τί
1423 1371 1490 1436 ἧν
1545 1371 1568 1429 ὃ
1622 1377 1841 1434 άπιςίαν
1892 1381 2046 1448 παρέ-

54 1495 182 1544 χεις
226 1471 334 1526 (1ἰοί
367 1486 472 1524 non
513 1474 720 1541 potest,
762 1464 853 1520 sed
893 1465 948 1518 τί
986 1465 1136 1521 ἐςιν.
1219 1462 1293 1517 De
1327 1479 1424 1515 suo
1459 1462 1666 1516 addidit
1703 1463 1827 1519 olim
1868 1469 2048 1522 nescio

0 1570 3 1572 ’
58 1563 182 1635 quis
219 1560 440 1618 άπιςίαν
480 1556 737 1623 παρέχει,
780 1559 833 1607 et
876 1552 1025 1606 Plato
1075 1551 1205 1605 haec
1256 1558 1466 1604 tantum
1503 1551 1755 1606 dederat:
1797 1555 1853 1608 τί
1889 1554 1945 1620 ἦν
1986 1561 2045 1613 τὸ

53 1651 112 1706 σὲ
163 1647 232 1704 αὖ
289 1644 610 1720 θράζτζτοκ
664 1641 800 1697 lllud
857 1642 1035 1712 ipsum
1085 1638 1290 1707 θράττει
1349 1661 1445 1700 ote,
1506 1640 1646 1711 quod
1705 1641 2043 1713 Xenophonti

0 1733 2 1746 '
52 1736 368 1798 reddimus,
425 1734 626 1805 legitur
678 1730 820 1803 apud
875 1727 1215 1784 Aristotelem
1273 1729 1327 1781 in
1387 1727 1542 1782 Rhet.
1584 1728 1673 1782 ΙΙΙ.
1717 1747 1786 1784 xi.
1844 1737 1893 1786 ⁶21.
1935 1725 2043 1789 ⁴ubi

5 1771 403 1898 §philosophus
437 1823 509 1876 τα
563 1820 708 1887 παρα
748 1818 982 1886 γράμμα
1033 1818 1338 1882 σκώμματα
1380 1833 1810 1872 commemorans
1851 1822 1926 1876 ita
1966 1823 2042 1876 di-

8 1900 161 2002 ficit:
203 1910 299 1967 οἷον
338 1913 399 1966 τὸ
442 1910 691 1977 Θεοδώρου
731 1909 802 1968 εἰς
843 1908 1054 1961 Νίκωνα
1094 1907 1180 1961 τὸν
1235 1907 1500 1973 κιθαρῳδόν
1526 1925 1536 1936 ·
1595 1906 1893 1973 Θράττει
1949 1933 2039 1966 σε,

50 2006 403 2070 προσποιεῖται
442 2000 549 2066 γαρ
588 1996 766 2062 λέγειν
806 1997 865 2050 τὸ
904 1994 1158 2061 θράττει
1195 2014 1266 2047 σε
1313 1993 1402 2047 καὶ
1445 1991 1714 2064 ἐξαπατᾷ.
1755 1995 1889 2052 ἄλλο
1930 2002 2036 2067 γὰρ

46 2090 214 2156 λέγει.
296 2086 436 2156 Quid
478 2087 647 2158 igitur
685 2091 802 2139 erat
842 2082 983 2155 quod
1025 2081 1228 2137 diceret
1271 2099 1437 2152 quum
1482 2080 1687 2149 θράττει
1729 2105 1788 2139 σε
1831 2087 2034 2144 videre·

8 2185 141 2274 3tur
179 2175 400 2232 dicere?
480 2174 682 2245 Nempe
720 2174 962 2242 Θρᾴττης
1018 2167 1096 2236 εἶ,
1137 2187 1164 2224 e
1209 2169 1431 2224 Thressa
1472 2179 1627 2225 natus
1665 2190 1754 2237 es,
1799 2182 1855 2227 nt
1903 2179 2035 2231 satis

46 2265 366 2322 Aristoteles
405 2265 520 2335 ipse
572 2261 856 2317 confirmat
914 2259 1150 2314 addens:
1206 2260 1247 2313 εἰ
1289 2261 1362 2324 μὴ
1415 2260 1784 2326 ὑπολαμβάνει
1847 2272 2032 2335 Θρᾷκα

44 2351 211 2419 εἶναι,
260 2356 316 2409 οὐ
369 2351 500 2416 δόξει
549 2353 722 2408 άςεῖον
774 2346 920 2403 εἶναι.
1000 2348 1054 2402 Is
1107 2348 1223 2419 ipse
1277 2348 1423 2401 iocus
1480 2347 1804 2419 redarguere
1856 2362 2030 2424 potest

41 2441 303 2500 Dindorfii
340 2440 702 2512 suspicionem
745 2436 979 2506 θράττειν
1021 2453 1125 2490 non
1169 2453 1287 2490 esse
1328 2454 1391 2490 ex
1430 2436 1711 2503 ταράττειν
1747 2440 2028 2511 collisum,

39 2538 103 2588 ut
138 2531 373 2601 φροίμιον
413 2545 476 2583 ex
515 2528 801 2596 προοίμιον,
845 2525 1093 2597 aliaque,
1138 2541 1310 2596 neque
1353 2524 1523 2594 igitur
1574 2546 1610 2579 α
1659 2525 1878 2598 longum
1936 2531 2025 2587 ha-

106 2636 182 2675 re.
262 2618 377 2674 Nisi
417 2617 560 2690 enim
602 2637 639 2671 α
680 2613 1003 2687 productum
1054 2619 1195 2667 esset
1236 2613 1288 2666 in
1330 2611 1534 2679 θράττει
1576 2634 1635 2667 σε
1678 2632 1778 2669 ηοη
1821 2617 2025 2689 potnia-

35 2708 115 2764 nei
154 2709 375 2778 θρᾴττης
415 2703 468 2759 εἷ
500 2721 629 2759 sono
677 2702 913 2767 referre,
969 2709 1038 2758 ut,
1082 2718 1143 2755 ex
1198 2700 1451 2771 ambiguo
1485 2702 1634 2756 iocus
1690 2717 2020 2765 nasceretur.

33 2792 222 2868 Itaque
271 2797 485 2862 θρέὶττον
534 2790 880 2846 scribendum
922 2797 974 2844 et
1027 2788 1207 2856 θράξαι
1263 2789 1455 2857 φρένας
1506 2789 1647 2862 apud
1694 2792 2020 2869 Aeschylum

35 2881 215 2940 Prom.
254 2886 404 2947 628,
454 2887 509 2935 et
549 2878 817 2947 ἐπιθρᾶξαι
875 2876 1014 2950 apud
1071 2875 1420 2950 Hesychinrn.
1505 2877 1706 2951 Nampe
1751 2898 2022 2956 syncopen

157 2989 186 3026 a
228 2971 407 3025 omnia
450 2970 680 3023 vicinam
723 2966 959 3021 vocalem
1002 2964 1337 3038 producunt,
1383 2972 1441 3019 nt
1481 2966 1718 3033 κέκρᾶκα
1761 2968 1845 3043 (ex
1881 2973 2022 3028 κεκέ.

0 3111 5 3124 ,,
66 3057 214 3132 ὅκα)
255 3060 557 3126 orba-pana,
620 3057 852 3118 κέκληκα
914 3055 998 3130 (ex
1053 3053 1378 3126 κεκάλεκα),
1438 3052 1559 3107 alia.
1640 3055 1778 3111 Hinc
1817 3062 2021 3128 τραχύς

16 3148 265 3228 ,priorem
307 3145 624 3219 productam
668 3144 826 3199 habet
866 3149 922 3198 ct
962 3142 1114 3197 lones
1154 3143 1350 3211 τρηχύς
1392 3141 1674 3204 dicebant,
1721 3147 1862 3216 quod
1903 3149 2020 3203 Ari.

32 3234 281 3308 stephani
322 3233 655 3289 reddendum
699 3234 751 3287 in
796 3233 931 3286 Pace
973 3247 1048 3285 vs.
1094 3235 1255 3286 1086.

334 3323 564 3377 οὐδέποτ’
605 3321 669 3376 ἂν
710 3321 842 3384 θείης
883 3327 1019 3374 λεῖον
1058 3320 1143 3374 τὸν
1183 3318 1445 3387 τρηχὺν
1486 3319 1672 3387 ἐχῖνον.

32 3415 86 3467 et
136 3426 211 3464 vs.
255 3413 415 3464 1114.

334 3500 388 3552 οὐ
426 3497 532 3564 γὰρ
572 3499 796 3560 ποιήσεις
837 3503 972 3551 λεῖον
1012 3499 1098 3552 τὸν
1145 3497 1408 3565 τρηχὺν
1450 3497 1635 3563 ἐχῖνον.

32 3582 313 3656 utrobique
357 3583 491 3640 male
528 3586 729 3653 τραχύν
784 3584 999 3649 editur,
1040 3583 1179 3656 quod
1224 3590 1274 3639 ct
1318 3601 1344 3637 a
1388 3599 1541 3637 versu
1586 3584 1737 3655 cpico
1777 3584 2011 3644 alienum
