2436 4068
1029 249 1130 299 175

466 392 495 457 ἦ
534 392 709 447 πολλά
751 396 806 458 γ’
846 395 895 446 ἐν
931 396 1110 461 μακρῷ
1150 394 1311 462 χρόνῳ
1350 394 1614 458 γίγνεται.

162 480 510 540 Restituenda
563 480 777 535 videtur
822 498 884 536 ca
937 482 1123 536 vocula
1178 479 1521 537 Demostheni
1573 498 1623 552 p.
1665 483 1733 535 84
1791 477 1820 542 ἦ
1861 480 2064 549 σφόδρα

82 589 151 640 γε
181 573 432 639 βούλεται
464 571 582 629 τοὺς
613 570 878 631 Ἕλληνας
913 570 1198 635 ἐλευθέρους
1255 566 1415 634 εἶναι,
1454 577 1507 623 et
1540 585 1658 640 pag.
1701 573 1840 623 1517
1879 567 1908 630 ἦ
1940 582 2078 623 πολ-’

82 666 175 717 λοῦ
213 663 269 726 γ’
310 659 443 714 ἔδεόν
479 678 623 718 τινας
669 659 1052 722 ἐγκαταλιπεῖν
1096 662 1194 710 τῶν
1233 660 1307 723 μὴ
1347 657 1652 720 Ἀθηναίων,
1694 663 1748 712 el.
1787 656 1929 728 apud
1964 658 2065 730 Ly·

83 750 219 804 siam
261 747 450 802 XXXI.
496 750 568 800 58
606 748 695 799 οὐκ
735 745 798 799 ἂν
838 743 941 811 ἄρα
980 745 1154 805 ἐτέθη.
1195 745 1396 812 σφόδρα
1434 750 1491 810 γ’
1526 743 1590 799 ἄν
1631 746 1858 817 repetita
1897 745 2067 799 vocali

83 834 452 893 scribendum:
497 830 526 895 ἦ
565 834 767 902 σφόδρα
803 835 863 898 γ’
901 831 986 886 ἄν.

156 924 375 978 Caetera
415 923 468 975 in
510 921 884 993 Aristophanis
932 919 1045 974 loco
1091 936 1194 973 non
1240 919 1487 991 expedio:
1549 937 1720 991 neque
1756 922 1934 987 μιγείς
1973 937 2068 992 pro

83 1013 279 1081 κραθείς
323 1018 378 1066 et
415 1011 566 1076 πόμα
612 1026 708 1081 pro
757 1011 917 1075 πῶμα
959 1009 1193 1081 positum
1239 1024 1413 1078 neque
1452 1010 1737 1076 Ἀχελώϊος
1782 1026 1876 1080 pro
1907 1012 2068 1076 Ἀχε·

82 1102 208 1170 λῷος
250 1106 396 1154 recte
435 1097 632 1152 hahent
680 1105 734 1152 et
768 1105 850 1152 est
898 1097 1051 1152 ulcus
1099 1095 1426 1158 insanabile,
1479 1103 1541 1150 ut
1590 1097 1752 1150 nimis
1799 1097 1971 1151 multa
2011 1098 2065 1150 in

82 1186 399 1245 Comoediae
435 1187 702 1257 Antiquae
742 1185 1006 1258 reliquiis,

154 1274 400 1332 Nondum
453 1273 686 1346 perfecta
733 1267 1037 1329 emendatio
1069 1280 1150 1329 est
1202 1272 1304 1328 loci
1352 1271 1727 1344 Aristophanei
1767 1271 1910 1343 apud
1950 1271 2069 1326 Plo-

80 1366 220 1422 tium
253 1372 308 1419 et
347 1363 571 1419 Suidam
610 1380 657 1417 v.
699 1362 926 1430 πρόδικον
964 1362 1123 1424 δίκην.

309 1453 414 1518 ἐγὼ
451 1451 556 1519 γάρ
578 1494 593 1516 ,
632 1452 682 1506 εἴ
717 1473 767 1506 τι
807 1454 855 1505 σ’
896 1452 1092 1513 ἦδίκηκ’
1115 1494 1131 1514 ,
1174 1451 1326 1505 ἐθέλω
1361 1451 1501 1512 δίκην

309 1542 476 1595 δοῦναι
517 1542 745 1609 πρόδικον
786 1540 838 1594 ἐν
877 1541 975 1594 τῶν
1015 1540 1185 1607 Φίλων
1224 1544 1323 1593 τῶν
1358 1544 1456 1592 σῶν
1497 1538 1586 1593 ἔνι’.

82 1637 229 1687 recte
277 1631 545 1684 Porsonns
574 1623 821 1683 ¹correxit
871 1627 1131 1682 librorum
1178 1627 1476 1698 scripturas
1515 1626 1675 1688 εἴτις
1710 1627 1738 1690 ἢ
1781 1627 1891 1690 δίκη
1944 1626 2070 1680 θέλω

80 1726 136 1776 et
172 1718 221 1773 εἴ
255 1738 334 1779 τις
374 1718 576 1780 ἠδίκηκε
617 1718 742 1771 θέλω
766 1759 779 1780 ,
820 1715 912 1770 sed
955 1717 1135 1770 minus
1187 1714 1417 1770 feliciter
1458 1733 1487 1770 e
1527 1716 1770 1786 vestigiis
1819 1715 2075 1785 antiquae

82 1806 331 1863 lectionis
373 1806 440 1860 ἑνὶ
493 1811 590 1860 τῶν
630 1806 798 1874 φίλων
837 1809 935 1859 τῶν
975 1807 1073 1858 σῶν
1113 1804 1196 1859 vel
1235 1801 1287 1858 ἓν
1340 1809 1438 1858 τῶν
1489 1804 1659 1872 φίλων
1702 1808 1801 1857 τῶν
1858 1807 1955 1856 σῶν
2003 1802 2071 1857 ἔνι

79 1894 271 1951 elicuit
310 1892 366 1948 id
404 1893 545 1965 quod
586 1893 750 1948 videS.
830 1891 1064 1961 Intelligi
1098 1892 1242 1946 enim
1281 1909 1385 1946 non
1429 1899 1602 1964 potest
1640 1891 1770 1963 quid
1808 1892 1880 1945 sit
1911 1891 1962 1944 ἐν
2003 1890 2072 1945 ἑνὶ

82 1989 182 2038 τῶν
220 1984 389 2051 φίλων
438 1987 536 2036 τῶν
589 1987 686 2036 σῶν
732 1981 884 2036 ἐθέλω
925 1981 1094 2035 δοῦναι
1135 1981 1312 2043 δίκην,
1363 1997 1595 2051 namque
1648 1996 1868 2050 prorsus
1911 1996 2073 2033 sensu

84 2087 315 2126 vacuum
364 2077 447 2126 est
484 2070 535 2124 ἔν
574 2091 670 2124 τινι
712 2069 881 2123 δοῦναι
931 2069 1090 2131 δίκην.
1170 2068 1404 2139 Requiro
1451 2067 1893 2140 praepositionem
1947 2069 2037 2122 ἐπί
2058 2109 2073 2128 ,

82 2176 223 2233 quae
262 2160 384 2231 poni
425 2156 559 2212 solet
593 2156 658 2211 de
698 2174 795 2219 eo,
836 2155 977 2228 apud
1015 2172 1174 2227 quem
1216 2172 1380 2210 causa
1418 2157 1636 2227 agitur,
1676 2155 1787 2209 sive
1826 2156 1871 2208 is
1911 2155 2074 2210 iudex

82 2254 167 2303 est
202 2246 283 2302 vel
321 2245 559 2306 arbiter,
603 2245 715 2298 sive
755 2244 865 2299 Rex
918 2244 1000 2299 vel
1044 2245 1426 2315 magistratus,
1470 2242 1613 2315 apud
1653 2260 1814 2315 quem
1864 2245 2074 2314 quaeri·

83 2343 175 2392 tur
215 2334 585 2404 iudiciumque
632 2340 932 2387 exercetur.
1014 2332 1166 2387 Trita
1221 2338 1349 2386 sunt
1387 2331 1472 2386 ἐπὶ
1519 2336 1608 2386 τοῦ
1649 2332 1944 2395 διαιτητοῦ,
1986 2334 2071 2388 ἐπὶ

80 2430 179 2481 τῶν
217 2424 526 2485 διαιτητῶν,
581 2422 666 2477 ἐπὶ
721 2429 818 2477 τῶν
873 2422 1091 2478 δικαςῶν
1143 2419 1451 2492 similiaque
1489 2419 1695 2486 multa,
1737 2427 1799 2475 ut
1846 2422 1930 2475 ἐπὶ
1980 2426 2071 2477 τοῦ

79 2513 342 2569 Φιλίππου
393 2511 719 2580 δικάζεσθαι,
773 2527 910 2582 quae
951 2509 1202 2564 omnibus
1242 2517 1368 2563 nota
1406 2516 1551 2563 sunt.
1630 2509 1819 2581 Itaque
1868 2510 2071 2564 Aristo-

78 2600 243 2676 phani
296 2598 626 2656 reddendum
676 2615 867 2654 censeo
924 2599 1010 2653 ἐπὶ
1060 2605 1158 2652 τῶν
1211 2597 1380 2666 φίλων
1432 2602 1530 2652 τῶν
1575 2599 1674 2652 σῶν
1726 2599 1879 2660 τινός.
1970 2599 2073 2654 Pet·

77 2686 220 2746 hnc
246 2689 578 2744 occasionem
614 2688 767 2759 gravi
802 2703 983 2742 errore
1016 2685 1284 2741 absolvam
1321 2685 1671 2741 Plutarchum
1708 2687 1763 2739 iu
1797 2686 2070 2742 Ciceronis

61 2777 192 2835 ‘aila
228 2794 345 2849 cap.
377 2777 470 2833 lx.
513 2775 605 2831 ubi
661 2774 873 2830 editur:
927 2776 1147 2841 λέγεται
1189 2775 1241 2829 δὲ
1281 2774 1368 2829 καὶ
1425 2775 1648 2835 Λικίνιος
1688 2773 1876 2843 Μοέκερ
1915 2778 2068 2844 κρινό·

74 2884 227 2935 μενος
271 2873 469 2929 κλοπῆς
510 2866 604 2919 ὑπ’
645 2866 838 2919 αὐτοῦ
894 2863 968 2918 ἔτι
1010 2866 1101 2927 τὴν
1139 2867 1317 2932 ψῆφον
1356 2869 1454 2918 τῶν
1493 2867 1670 2931 κριτῶν
1724 2863 2068 2933 διαφερόντων

80 2957 293 3022 καθαρὸν
343 2953 550 3019 ἱμάτιον
599 2955 665 3012 ὥς
721 2953 984 3014 νενικηκὼς
1042 2952 1223 3018 λαβὼν
1263 2948 1405 3012 αὖθις
1452 2953 1525 3012 εἶς
1566 2951 1763 3018 αγορὰν
1820 2952 2063 3020 προϊέναι.

78 3040 391 3100 =Ab⁸urdum
425 3048 507 3097 est
541 3040 824 3107 κρινόμενος
864 3046 1060 3102 κλοπῆς
1102 3041 1189 3094 ὑπ’
1231 3040 1428 3102 αὐτοῦ,
1471 3041 1625 3112 quasi
1662 3057 1787 3095 vero
1828 3040 2068 3100 Licinius

82 3127 255 3187 lacer
291 3150 324 3186 a
365 3130 603 3185 Cicerone
638 3137 875 3201 praetore
911 3127 978 3184 de
1018 3126 1328 3200 repetundis
1382 3127 1544 3183 suerit
1592 3136 1894 3185 accusatus,
1975 3129 2065 3184 Sa-

73 3217 156 3275 ti·
183 3226 394 3275 constat
425 3218 691 3272 Licinium
733 3217 873 3288 apud
907 3217 1199 3272 Ciceronem
1233 3226 1556 3289 praetorem,
1586 3218 1679 3289 qui
1719 3217 1783 3273 de
1817 3224 2064 3290 repetun-

81 3302 169 3362 lin
214 3305 538 3379 quaerebat,
595 3313 909 3361 accusatum
960 3304 1385 3377 damnatumque
1431 3322 1587 3371 esse,
1632 3305 1751 3360 vide
1790 3305 2064 3359 Valerium

87 3388 375 3450 mximum
410 3394 501 3449 lx.
556 3411 647 3448 χιι.
691 3398 740 3448 7.
821 3394 1008 3465 ltaque
1065 3390 1460 3449 emendandum
1501 3401 1582 3449 est
1629 3394 1909 3462 κρινόμενος
1948 3405 2063 3446 κλο-

90 3487 188 3546 πῆς
225 3482 309 3538 ἐπ’
365 3485 558 3537 abi-023:
615 3481 964 3539 Plutarchum
1023 3482 1165 3537 enim
1223 3483 1610 3555 praepositione
1650 3482 1739 3535 ἐπί
1793 3496 1853 3535 eo
1905 3496 2067 3536 sensu

91 3570 284 3641 passim
325 3568 527 3624 videbis
562 3578 838 3631 utentem,
884 3578 943 3625 ut
985 3571 1036 3624 in
1086 3571 1327 3625 Caesaris
1367 3571 1476 3625 vita
1514 3587 1629 3641 cap.
1667 3569 1754 3623 IV.
1806 3570 1828 3621 ὁ
1869 3574 2070 3637 Καῖσαρ

93 3657 453 3726 συνηγόρευσεν
489 3660 623 3728 αὐτῇ
662 3657 887 3714 Πόπλιον
923 3659 1184 3715 ’Λντώνιον
1224 3658 1466 3727 διωκούσῃ
1499 3656 1789 3724 δωροδοκίας
1827 3656 1909 3711 ἐπὶ
1945 3666 2075 3713 Λευ-

0 0 71 415 1..
