2436 4068
1319 231 1426 281 510

336 391 338 393 ’
381 375 710 444 ἀσπάζεσθαι
752 381 892 429 esset
930 377 1173 428 ἐπαινεῖν.
1255 373 1459 428 Deinde
1498 374 1682 428 attulit
1723 393 1786 429 ex
1825 376 2109 432 Charitone
2158 378 2362 443 locum,

383 467 536 535 quasi
588 462 953 533 Xenophontis
1015 461 1186 515 oratio
1242 477 1306 514 ex
1368 469 1478 515 tam
1539 463 1719 534 inepto
1786 467 2046 536 scriptore
2100 466 2362 521 illustrari

382 558 575 623 posset.
655 550 993 618 Ἀο-ποέζομοιι
1043 556 1124 604 est
1171 550 1394 616 δέχομαι
1434 549 1690 616 ἄσμενος,
1731 569 1824 622 pro
1865 570 1970 623 quo
2022 553 2148 607 olim
2188 555 2363 609 οέο-ποὶ-
2422 580 2433 586 ·

379 660 482 700 σιος
525 638 806 702 dicebant,
862 645 915 692 et
954 638 1031 691 sic
1071 637 1359 708 Euripides
1413 637 1548 691 dixit
1587 639 1679 700 τὴν
1725 640 1820 705 μὲν
1875 642 2147 708 συμφορὰν
2188 642 2362 697 azmot-
2420 643 2422 684 ἶ

379 729 532 795 ζομοοι
574 727 779 795 wem-§px
818 731 866 779 ο·’
910 726 1153 793 ἀνευρών,
1207 733 1260 779 et
1296 727 1407 797 ipse
1447 725 1701 781 Chariton
1738 730 1831 791 τὴν
1871 729 2151 794 μετάνοιαν
2196 731 2364 792 ἠσποέ-

379 816 493 883 ζετο
537 823 590 870 et
632 814 790 868 multi
844 817 1046 886 passim
1091 815 1168 868 sic
1222 814 1536 885 loquuntur.
1618 814 1720 869 Sed
1773 816 1939 887 quid,
1995 834 2227 887 quaeso,
2282 826 2366 873 est
2412 799 2417 867 s

375 906 461 958 τὸν
503 905 608 958 θεὸν
647 902 870 968 ἅσμενος
912 902 1120 966 ἐδέξατο
1168 902 1221 955 in
1264 903 1408 967 loco,
1449 902 1514 956 de
1555 919 1659 973 quo
1700 903 1990 958 dicimus?x
2046 905 2364 976 Requiritur

376 992 431 1046 id
472 993 649 1062 ipsum
690 990 831 1061 quod
868 990 1176 1044 Dindorfius
1226 990 1432 1044 volebat
1485 991 1701 1058 ἐπῄνεσε
1753 994 1839 1046 τὸν
1893 992 2033 1054 θεόν,
2085 993 2178 1047 sed
2229 994 2364 1050 bene
2417 1019 2420 1028 ·

376 1081 575 1136 Graece
613 1087 666 1133 et
702 1079 878 1132 Attico
921 1096 1068 1132 more
1109 1078 1332 1132 dictum.
1416 1077 1554 1131 Sunt
1593 1086 1772 1132 autem
1815 1080 1956 1133 inter
1997 1097 2053 1134 se
2090 1084 2361 1138 contraria

376 1171 564 1223 ἕποιινῶ
611 1174 662 1222 et
714 1167 999 1236 μέμφομαι
1056 1168 1166 1221 sive
1206 1168 1483 1231 οοὶτιῶμοιιε
1541 1168 1723 1238 itaque
1774 1170 1863 1221 οὐκ
1916 1169 2103 1222 ἕποιινῶ
2158 1169 2362 1225 urbane
2414 1215 2416 1221 ,

376 1264 429 1311 et
470 1256 764 1311 clementer
814 1254 1016 1308 dicitur
1056 1272 1152 1326 pro
1205 1254 1492 1322 μέμφομαι
1533 1262 1585 1308 et
1639 1260 1827 1308 eontra
1871 1259 1925 1310 οὐ
1975 1257 2261 1324 μέμφομαι
2307 1266 2362 1314 et
2414 1251 2427 1313 .Ϊ

373 1349 464 1400 οὐκ
518 1346 766 1410 οοὶτιῶμοιι
815 1360 910 1413 pro
963 1343 1151 1396 ἐπαινῶ
1208 1349 1520 1412 ponuntur,
1581 1343 1898 1413 praesertim
1956 1345 2008 1396 in
2066 1343 2249 1399 futuro
2305 1350 2359 1402 οὐ
2411 1376 2415 1421 ;

373 1435 617 1501 μέμψει,
674 1435 763 1486 οὐκ
803 1430 1066 1493 αἰτιάσει,
1119 1437 1382 1483 concentus
1423 1430 1561 1494 eriS,
1618 1447 1723 1501 quo
1765 1447 1925 1484 sensu
1979 1432 2180 1487 dicitur
2216 1436 2359 1502 δῶρον
2408 1430 2424 1474 Ῡ

374 1524 417 1576 δ’
458 1520 487 1575 ὅ
534 1541 584 1574 τι
637 1522 700 1587 δῷ
737 1540 816 1579 τις
871 1519 1031 1572 ἕποιί
1045 1539 1139 1572 νει
1194 1535 1289 1588 pro
1329 1525 1593 1572 contentus
1645 1528 1766 1572 esc0.
1847 1519 2138 1591 Xenophon
2192 1523 2362 1593 igitur
2406 1524 2418 1594 J

376 1626 543 1681 quum
585 1610 800 1677 ἐπῄνεσε
839 1608 925 1661 τὸν
973 1606 1079 1660 θεόν
1116 1605 1274 1659 vellet
1311 1604 1490 1659 dicere
1530 1606 1802 1677 eleganter
1840 1608 1976 1661 dixit
2014 1610 2099 1663 τὸν
2134 1612 2238 1665 θεὸν
2269 1615 2360 1666 οὐκ
2413 1647 2415 1650 <

375 1698 660 1768 ᾐτιάσατο,
721 1695 913 1750 deinde
968 1701 1369 1748 HITIAEATO
1413 1694 1466 1746 in
1514 1694 1792 1756 ἠσπάσατο
1826 1704 2142 1767 corruptum
2181 1707 2264 1753 est
2305 1709 2359 1755 et

372 1790 492 1850 οὐκ,
528 1792 587 1839 ut
632 1801 811 1855 saepe,
851 1783 1178 1853 negligentia
1219 1782 1394 1852 periit.
1489 1782 1676 1853 ltaque
1730 1784 2028 1839 revocanda
2070 1794 2152 1840 est
2204 1796 2358 1842 vetus

372 1872 674 1928 emendatio
716 1873 938 1926 ἐνταῦθα.
989 1873 1074 1926 τὸν
1116 1872 1221 1925 θεὸν
1274 1873 1362 1924 οὐκ
1404 1869 1659 1939 findo-acro
1711 1875 1976 1940 Ξενοφῶν,
2033 1875 2230 1946 quippe
2265 1877 2358 1948 qui
2403 1878 2409 1919 3

369 1962 604 2033 opimam
645 1960 872 2032 praedae
908 1967 1115 2030 partem
1157 1958 1457 2012 abstulerit.
2394 1959 2395 1962 ’

447 2050 670 2121 Saepius
707 2049 913 2103 factum
959 2054 1040 2102 est
1079 2053 1139 2101 ut
1171 2049 1261 2100 οὐκ
1302 2045 1572 2100 excideret
1615 2055 1667 2100 et
1703 2050 1970 2103 sententia
2006 2051 2084 2104 sic
2125 2051 2356 2108 absurda
2394 2066 2395 2071 ’
2428 2040 2433 2078 3³

368 2139 538 2193 fieret.
619 2137 877 2191 Dedimus
931 2136 1135 2206 aliquot
1186 2135 1427 2205 exempla
1483 2142 1536 2188 et
1580 2134 1738 2199 alibi,
1793 2137 1990 2207 quibus
2047 2156 2215 2194 unum
2266 2140 2353 2195 ad·

365 2227 487 2281 dam
525 2243 588 2280 ex
621 2225 892 2279 Demetrio
925 2225 1037 2291 περὶ
1080 2224 1346 2291 ἑρμηνείαις
1389 2221 1428 2296 §
1468 2224 1575 2277 283
1602 2225 1733 2283 ’τοὺς
1771 2227 1866 2290 μὲν
1906 2226 2053 2294 ἀμφὶ
2093 2228 2179 2281 τὸν
2220 2230 2353 2296 Ἀρί.

366 2335 556 2373 ςιππον
613 2314 895 2380 λοιδορῆσαι
946 2311 1064 2371 ἴσως
1133 2311 1396 2365 οέκινδύνου
1453 2310 1590 2372 ὄντος
1643 2312 1695 2365 ἐν
1756 2315 2008 2379 σχήματι»
2058 2315 2081 2368 0‘
2129 2316 2353 2371 Πλάτων

361 2402 683 2471 ἐλοιδόρησε,
723 2402 962 2455 Sentisne
1002 2402 1091 2454 οὐκ
1131 2400 1392 2453 ἀκινδύνου
1435 2397 1571 2459 ὄντος
1611 2399 1854 2470 requiri?

434 2490 514 2544 Ad
571 2490 730 2543 finem
785 2489 1087 2543 Anahaseos
1134 2488 1480 2558 pervenimus
1535 2486 1927 2545 sednondum
1974 2489 2234 2544 eximium
2287 2492 2348 2546 li-
2388 2493 2430 2564 {7¹

356 2579 517 2633 hrum
570 2577 635 2632 de
693 2577 942 2631 manibus
982 2593 1178 2647 ponere
1212 2577 1378 2629 iuvat.
1462 2574 1636 2629 Semel
1684 2577 1846 2629 etiam
1901 2575 2134 2646 relegam
2191 2585 2250 2632 ut
2295 2563 2429 2646 et

360 2668 536 2738 spicas
584 2665 842 2737 pauculas
897 2664 1141 2734 colligam
1186 2670 1268 2728 et,
1323 2663 1773 2734 quemadmodum
1828 2663 2056 2718 subinde
2096 2665 2229 2731 feci,
2285 2684 2350 2722 ex
2380 2650 2430 2741 ’ᾖ

360 2755 663 2809 Anabaseos
695 2754 827 2808 locis
867 2753 1190 2824 quibusdam
1235 2752 1563 2822 incorruptis
1608 2769 1759 2823 opem
1801 2759 1855 2806 et
1892 2752 2213 2808 medicinam
2261 2755 2345 2810 de·

359 2844 596 2913 pravatis
649 2842 782 2895 ahoi
789 2859 878 2896 um
920 2842 1051 2896 locis
1091 2841 2436 2895 afferam.

432 2930 582 2996 Quod
620 2932 672 2982 in
715 2930 945 2983 Anahasi
986 2930 1186 3000 legitur
1226 2929 1266 2982 Ι.
1305 2946 1337 2981 1.
1378 2931 1429 2981 8.
1483 2927 1632 2996 οὶμφι
1677 2928 1748 2981 τοὶ
1790 2929 2137 2996 ςροοτεύμοιτοο
2173 2931 2343 2986 δοοποο-

353 3039 443 3071 νοιν
487 3019 603 3071 sine
638 3018 1003 3088 Xenophontis
1043 3017 1260 3071 nomine
1301 3015 1588 3085 descripsit
1633 3014 1979 3087 Phrynichus
2020 3019 2074 3070 in
2116 3019 2340 3072 Bekkeri
2368 2990 2436 3088 3

354 3105 554 3160 Anecd.
593 3105 631 3158 I.
677 3123 726 3176 p.
765 3109 867 3169 27,
910 3110 996 3159 52.
1058 3106 1271 3174 Ἀμφι
1329 3124 1413 3157 τοι
1473 3103 1929 3169 ςροοτεύμοιτοο
1988 3107 2339 3162 δοιποονοῖντ
2398 3088 2429 3183 3

354 3192 511 3255 εἴποις
547 3194 590 3246 δ’
628 3191 692 3246 ἂν
726 3193 813 3246 κοοὶ
846 3194 957 3260 περὶ
1001 3193 1236 3254 ἀθλητὰς
1275 3193 1516 3245 δοιποινοῖν
1553 3190 1639 3243 κοοὶ
1686 3190 1796 3258 περὶ
1831 3190 2036 3253 ἵππους.
2116 3194 2337 3248 Dicendi
2371 3195 2415 3262 J'*

352 3298 521 3351 genus
570 3289 649 3336 est
699 3298 881 3334 rarum
933 3289 985 3335 et
1035 3282 1398 3351 exquisitum:
1458 3279 1608 3347 οέμφί
1660 3296 1756 3349 pro
1811 3281 1928 3346 περί
1978 3282 2210 3350 positum
2258 3267 2436 3348 estse?

350 3386 499 3423 more
529 3370 748 3433 Ionum,
790 3386 894 3439 quo
939 3368 1229 3438 Xenophon
1274 3366 1567 3436 plurimum
1610 3367 1815 3430 utitur,
1857 3373 1910 3420 et
1953 3370 2213 3424 usitatum
2257 3274 2422 3447 estiis

351 3457 622 3529 plerisque
675 3457 925 3511 omnibus
963 3456 1141 3510 dicere
1180 3456 1421 3508 δοιποινᾶν
1463 3452 1534 3513 εἴς
1578 3474 1649 3506 τι.
1742 3454 1940 3508 Eodem
2003 3458 2159 3510 modo
2207 3448 2375 3518 scri-ig

351 3552 502 3617 ptum
545 3553 621 3600 est
670 3547 722 3599 in
767 3547 894 3617 ch.
939 3544 1129 3599 Athen.
1171 3542 1258 3597 IV.
1304 3547 1353 3596 8.
1412 3544 1453 3594 οἱ
1497 3539 1669 3607 ἄνδρες
1714 3577 1779 3586 «-
1825 3546 2013 3614 ἀμφὶ
2058 3543 2235 3601 ὅπλα
2275 3566 2331 3600 τε
