2436 4068
1339 239 1442 289 452

415 383 661 439 Photium
703 383 932 454 legitur:
989 384 1363 448 Ἤλεγχονε
1405 381 1685 448 ἀνέκρινον,
1725 383 1786 441 ὡς
1832 389 2095 453 Ξενοφῶν,
2139 392 2376 442 sumtum

407 481 489 526 est
527 489 590 526 ex
630 470 859 524 Anahasi
900 469 992 522 111.
1038 487 1084 523 v.
1134 474 1218 523 14.

485 561 545 614 ln
587 559 679 612 111.
723 575 770 610 v.
818 561 901 610 17.
956 557 1113 611 ἐδόκει
1153 558 1206 612 δὲ
1242 564 1347 618 τοῖς
1387 565 1664 624 ςρατηγοῖς
1703 559 1775 618 εἷς
1815 559 2136 627 Καρδούχους
2174 561 2381 626 ἐμβάλ-

410 661 535 702 λειν.
585 645 791 705 τούτους
846 644 951 712 γάρ
1001 644 1290 706 διελθόντας
1346 644 1606 716 [ἔφασαν]
1663 646 1734 705 εἰς
1789 648 2061 713 Ἀρμενίαν
2115 646 2266 711 ἥξειν.
2307 682 2382 694 --

408 735 632 789 ἐντεῦθεν
686 734 729 786 δ’
788 732 993 798 εὔπορον
1052 732 1313 804 [ἔφασαν]
1371 731 1498 787 εἶναι
1558 731 1667 787 ὅποι
1722 754 1802 794 τις
1856 733 2012 788 ἐθέλοι
2066 737 2378 802 πορεύεσθαι.

409 821 592 875 Ahiice
621 819 961 874 manifestam
1003 820 1466 892 interpolationem
1507 820 1793 892 duplicem.
1874 821 2054 877 Refert
2087 823 2378 894 Xenophon

406 926 470 963 ex
525 925 623 963 sua
666 909 836 980 ipsius
886 924 1110 978 persona
1159 909 1288 979 quid
1336 910 1393 962 in
1428 911 1740 964 Praetorum
1795 909 2015 963 consilio
2066 911 2136 964 sit
2168 918 2380 975 actum,

406 1002 459 1050 et
506 995 702 1067 quibus
733 995 797 1050 de
836 996 1013 1049 causis
1053 995 1317 1067 placuerit
1357 997 1623 1051 sententia
1663 1012 1798 1067 quae
1835 997 1980 1050 vicit.

482 1083 542 1137 In
585 1083 931 1154 sequentibus
971 1087 1121 1152 §18.
1164 1086 1406 1140 ἐθύσαντο
1442 1081 1575 1145 ὅπως
1613 1083 1830 1144 ὁπηνίκα
1876 1084 2008 1157 [καὶ]
2055 1087 2218 1149 δοκοίη
2265 1088 2378 1161 [τῆς

404 1169 558 1242 ὥρας]
614 1173 705 1234 την
759 1172 962 1239 πορείαν
1010 1179 1262 1238 ποιοῖντο,
1319 1174 1423 1226 iam
1465 1178 1622 1226 antea
1678 1172 1988 1242 aperuimus
2047 1191 2145 1228 cur
2198 1176 2290 1229 καί
2327 1182 2381 1229 et

403 1267 497 1323 τῆς
550 1257 678 1326 ὥρας
728 1260 913 1331 spuria
960 1277 1077 1314 esse
1126 1260 1453 1315 viderentur.
1533 1260 1672 1314 Audi
1724 1276 1868 1314 nunc
1925 1267 1978 1314 et
2031 1261 2279 1316 Photium
2330 1281 2378 1318 v,

404 1348 642 1401 ‘Hleoaz
683 1378 759 1388 —
797 1348 1034 1413 σημαίνει
1067 1349 1118 1402 δὲ
1156 1352 1212 1403 τὸ
1258 1349 1352 1414 μὲν
1394 1349 1594 1412 ἡνίκα
1647 1349 1762 1402 καθ’
1802 1343 1860 1408 ἣν
1897 1345 2053 1416 ὤραν,
2093 1350 2151 1403 τὸ
2188 1350 2239 1405 δὲ
2278 1372 2377 1414 τη-

403 1439 691 1489 νικαῦτα
730 1440 850 1490 κατ’
884 1436 1074 1498 ἐκείνην
1108 1438 1200 1499 την
1235 1436 1361 1504 ὥραν
1402 1468 1476 1476 —
1513 1438 1572 1490 τὸ
1612 1436 1663 1489 δὲ
1705 1436 1996 1498 ὁπηνίκα
2050 1438 2163 1490 καθ’
2198 1438 2376 1492 ὁποίαν

401 1523 558 1593 ὤραν,
612 1540 748 1594 quae
788 1524 1069 1578 verissima
1108 1531 1252 1578 sunt.
1330 1525 1518 1596 Itaque
1556 1525 1774 1586 ὁπηνίκα
1812 1531 1904 1586 τῆς
1953 1524 2144 1592 ἡμέρας
2190 1527 2374 1581 rectis-

399 1613 536 1666 sime
575 1610 810 1674 dicitur,
848 1618 902 1665 ct
939 1612 1156 1673 ὁπηνίκα
1192 1620 1285 1675 τῆς
1316 1612 1524 1677 νυκτός,
1565 1612 1657 1667 sed
1697 1612 1914 1674 ὁπηνίκα
1952 1617 2044 1673 τῆς
2085 1610 2213 1679 ὥρας
2245 1613 2373 1667 ridi-

395 1698 578 1754 culum
624 1704 720 1753 est.

473 1787 533 1841 In
575 1786 712 1840 libro
747 1786 834 1840 IV.
877 1805 910 1841 1.
958 1791 1043 1841 14.
1084 1788 1156 1843 τοὶ
1188 1790 1284 1855 μέν
1322 1810 1371 1843 τι
1410 1788 1740 1858 μαχόμενοι,
1778 1789 1849 1843 τοὶ
1899 1789 1950 1842 δὲ
1987 1788 2072 1842 καὶ
2107 1790 2372 1844 άναπαυό-

399 1897 536 1943 μενοι
591 1875 734 1929 haud
782 1877 893 1930 scio
944 1892 1009 1929 an
1063 1876 1120 1930 τὸ
1167 1876 1264 1942 μέν
1300 1898 1350 1931 τι
1396 1879 1465 1931 sit
1513 1877 1894 1932 necessarium.
1975 1876 2032 1930 In
2086 1881 2237 1949 525.
2279 1899 2372 1932 κα-

397 1963 650 2034 τεσφάγη
697 1965 750 2017 in
792 1963 1093 2033 ἀπεσφάγη
1131 1964 1523 2019 emendandum
1577 1972 1686 2020 est:
1742 1963 1991 2018 dicebant
2043 1965 2188 2019 enim
2244 1967 2372 2021 άπα-

396 2052 657 2122 coaevum
701 2052 754 2104 in
796 2051 891 2106 tali
929 2069 1015 2115 re,
1061 2058 1114 2107 et
1152 2053 1353 2124 passim
1388 2054 1443 2107 in
1479 2053 1781 2107 Anabaseos
1814 2051 2104 2108 Codd.027ro'
2142 2059 2196 2107 et
2229 2055 2372 2110 κατά

397 2141 601 2196 videbis
657 2141 1004 2209 permisceri,
1060 2141 1298 2194 conl'usis
1364 2141 1516 2212 siglis
1572 2139 2003 2212 antiquioribus,
2062 2140 2127 2195 de
2176 2142 2372 2213 quibus

395 2229 565 2283 multa
605 2228 670 2281 ad
709 2228 1005 2282 Lucianum
1054 2229 1445 2282 annotavimus.

470 2316 662 2372 Putida
702 2315 1021 2371 emblemata
1060 2315 1337 2387 complura
1373 2316 1558 2371 insunt
1597 2318 1651 2370 in
1693 2315 1780 2370 IV.
1804 2333 1838 2370 1.
1863 2318 1951 2370 27.
2030 2317 2364 2384 Ἀριςώνυμος

394 2405 702 2472 Μεθυδριεὺς
756 2404 995 2477 [Ἀρκάς]
1049 2404 1134 2459 καὶ
1173 2404 1439 2468 Ἀγασίας
1492 2403 1841 2474 Στυμφάλιος
1902 2403 2137 2476 [Ἀρκάς]
2163 2447 2178 2469 ,
2226 2408 2364 2460 άντι·

396 2492 654 2561 ςασιάζων
709 2492 760 2545 δὲ
801 2494 977 2554 αὐτοῖς
1030 2493 1386 2562 Καλλίμαχος
1434 2493 1718 2561 Παρράσιος
1782 2491 1994 2564 [Ἀρκάς
2047 2493 2134 2546 καὶ
2192 2491 2360 2565 οὗτος]

395 2582 498 2651 ἔφη
533 2580 718 2635 ἐθέλειν
759 2581 1072 2648 πορεύεσθαι.
1156 2581 1265 2636 Sub
1306 2598 1413 2635 uno
1451 2587 1741 2652 conspectu
1786 2596 1978 2652 ponam
2019 2586 2256 2636 caeteros
2294 2582 2368 2637 lo-

396 2688 487 2724 cos
527 2669 709 2724 eadem
755 2667 872 2723 labe
927 2667 1170 2725 affectos:
1214 2669 1302 2723 IV.
1343 2687 1398 2723 11.
1440 2672 1529 2723 21.
1587 2669 1882 2737 Εὐρύλοχος
1924 2670 2170 2730 Λουσιεὺς
2224 2671 2368 2740 [Ἀρ-

396 2759 524 2828 κάς]
572 2764 626 2811 et
679 2756 792 2810 Vll.
833 2774 901 2810 vi.
945 2761 1037 2813 40.
1116 2758 1412 2826 Εὐρύλοχος
1465 2756 1758 2819 Λουσιάτης
1820 2755 2084 2828 [Ἀρκάς].
2164 2756 2368 2824 Quibus

398 2845 614 2900 tandem
663 2843 792 2898 haec
845 2845 1252 2917 Xenophontem
1303 2846 1584 2917 scripsisse
1648 2843 1941 2916 putemus?
2020 2843 2132 2897 Non
2189 2844 2367 2901 hercle

396 2935 494 2998 iis,
533 2933 656 3002 qui,
689 2932 734 2985 si
769 2934 889 3003 quis
919 2942 1058 2988 esset
1090 2933 1398 3003 Μεθυδριεύς
1439 2940 1533 2987 aut
1554 2932 1900 3002 Στυμφάλιος
1937 2938 2029 2985 aut
2050 2932 2364 2999 Παρράσιος,

398 3018 706 3076 nesciebant
746 3036 835 3073 eos
874 3037 991 3075 esse
1021 3039 1206 3076 omnes
1246 3021 1595 3076 ex‘Arcadia.
1673 3020 1786 3074 Non
1828 3026 1943 3073 erat
1985 3020 2043 3073 τὸ
2093 3022 2368 3089 Μεθύδριον

395 3124 654 3179 magnum
692 3113 745 3160 et
784 3107 958 3163 nobile
998 3109 1257 3169 Arcadiae
1296 3109 1547 3180 oppidum
1571 3151 1586 3174 ,
1627 3107 1717 3163 sed
1757 3107 1959 3162 nemini
1999 3113 2178 3161 tamen
2219 3109 2367 3179 igno-

396 3205 513 3251 tum
552 3210 745 3248 nomen
782 3202 914 3249 erat.
995 3200 1270 3268 Apponam
1313 3197 1638 3269 Theopompi
1689 3195 1752 3250 de
1794 3211 1855 3248 eo
1903 3193 2151 3264 oppidulo
2189 3194 2366 3251 locum

397 3293 457 3339 ut
493 3281 746 3338 mendum
788 3283 1035 3336 eximam.
1116 3283 1338 3354 Legitur
1373 3285 1514 3355 apud
1554 3282 1811 3355 Porphyr.
1854 3280 1919 3335 de
1957 3281 2363 3339 Abstin.11.16.

396 3389 514 3446 pag.
555 3374 678 3426 129.
738 3369 1052 3439 ἀφικομένου
1100 3370 1182 3426 οὖν
1232 3373 1439 3440 ταχέως
1493 3373 1564 3431 εἰς
1602 3371 1660 3424 τὸ
1715 3369 1986 3436 Μεθύδριον
2041 3376 2232 3437 πρῶτον
2267 3374 2362 3437 μὲν

394 3465 782 3529 καταφρονῆσαι
822 3462 1016 3525 μικροῦ
1040 3458 1126 3512 καὶ
1168 3465 1410 3514 ταπεινοῦ
1449 3460 1584 3519 ὄντος
1624 3461 1732 3529 τοῦ
1773 3457 2089 3524 μεγέθους
2125 3463 2213 3512 τοῦ
2255 3481 2362 3527 χω-

394 3551 530 3618 ρίου,
586 3555 645 3602 tu
696 3547 904 3616 corrige
955 3548 1012 3601 τὸ
1065 3547 1315 3613 μέγεθος,
1366 3546 1506 3618 quod
1565 3544 1771 3600 scribae
1827 3543 1971 3598 aliud
2023 3553 2240 3617 agentes
2294 3547 2359 3602 ad

393 3638 567 3693 vicina
621 3635 1111 3713 accommodarunt.
1191 3635 1303 3691 Noli
1359 3642 1536 3691 autem
1579 3642 1767 3706 putare
1809 3633 2212 3704 Xenophontem
2247 3639 2358 3705 Ἀρ.
