2436 4068
1085 240 1151 288 17

351 390 456 445 πῶς
490 382 563 438 ἔτι
607 382 615 455 Ι
661 384 971 450 μετριώτερ’,
1011 381 1045 436 ὦ
1078 382 1320 449 δαιμόνι’;
1361 383 1422 436 Α.
1463 379 1627 444 fibram
1667 386 1775 439 κτὲ.

118 472 375 544 adscripsi
418 479 472 527 et
512 470 747 542 reliqua,
789 476 849 524 ut
888 477 1168 541 appareret
1208 469 1494 541 legendum
1537 486 1678 525 esse:

343 562 462 622 τοὺς
502 561 597 626 μὲν
634 561 784 626 ἰχθῦς
823 578 909 622 μοι
954 560 1106 612 κάλει
1156 557 1164 631 Ι
1207 558 1412 625 ἰχθύδι’,
1453 559 1577 625 ὄψον
1618 560 1726 613 κτέ.

121 666 226 703 11011
262 650 518 716 ἰχθύδιον,
559 663 681 700 nam
725 646 847 716 quis
887 645 966 698 sic
1000 645 1272 716 loquitur?

191 736 259 791 Ut
299 738 355 790 in
394 736 479 790 his
519 734 650 788 locis
705 732 865 787 verba
906 732 1045 787 male
1084 732 1372 787 distributa
1413 733 1701 788 lectoribus
1746 732 1990 791 fraudem
2034 736 2108 792 fa·
2155 768 2157 771 s

115 824 268 878 ciunt
307 825 383 877 ita
424 822 737 894 saepissime
777 837 912 874 nova
951 826 1004 875 et
1046 821 1318 892 insperata
1370 819 1461 874 lux
1514 821 1757 877 obscuris
1797 829 1851 877 et
1890 824 2113 897 impedi-

115 912 189 966 tis
222 910 383 966 dictis
421 909 672 980 affulget,
714 909 761 962 si
798 925 896 962 sua
935 909 1131 980 cuique
1184 907 1344 962 verba
1394 908 1713 964 redduntur.
1792 911 1959 968 Nemo
1996 929 2109 968 um-

114 1016 278 1072 quam
313 998 614 1069 intelligere
646 996 780 1052 duos
812 995 1188 1068 Aristophanis
1225 1012 1414 1050 versus
1450 998 1623 1066 potuit
1658 998 1714 1050 in
1749 998 1938 1071 Vespis
1974 1002 2109 1066 512,

117 1092 255 1151 515,
309 1088 435 1159 quia
481 1102 638 1140 nemo
688 1083 824 1138 vidit
875 1085 1018 1139 inter
1062 1090 1272 1155 patrem
1326 1090 1381 1137 et
1427 1082 1599 1139 filium
1652 1085 1812 1140 verba
1861 1089 1939 1144 sic
1997 1104 2112 1144 esse

114 1175 424 1239 dividenda,
467 1181 528 1228 ut
570 1172 713 1227 filius
750 1172 1001 1227 flebiliter
1035 1171 1324 1227 exclamet:

420 1262 474 1316 τί
511 1283 581 1327 με
620 1263 749 1326 δῆτ’,
788 1258 824 1316 ὦ
863 1260 1036 1327 μελέα
1069 1267 1266 1328 μῆτερ,
1309 1258 1536 1323 ἔτικτες;

114 1357 268 1424 pater
305 1349 625 1422 respondeat
665 1348 1019 1404 cachinnans:

415 1436 477 1492 ἵν’
519 1438 630 1504 ἐμοὶ
669 1435 976 1506 πράγματα
1010 1435 1221 1503 βόσκειν
1261 1435 1516 1507 παρέχῃς.

114 1527 256 1583 Satis
275 1533 611 1598 compertum
647 1533 728 1581 est
762 1527 817 1579 in
847 1524 1244 1596 antiquissimis
1273 1523 1548 1579 codicibus
1577 1541 1932 1596 personarum
1962 1529 2108 1584 vices

114 1614 260 1671 nullo
299 1614 498 1669 indicio
542 1614 873 1686 significatas
927 1612 1108 1667 fuisse.
1190 1612 1295 1667 Res
1335 1612 1451 1684 ipsa
1494 1612 1751 1669 lectorem
1793 1622 2018 1672 acutum
2057 1623 2111 1673 et
2145 1622 2148 1625 ’

112 1703 212 1758 hoc
251 1703 684 1775 agentemsatis
737 1701 1082 1757 admonebat:
1126 1700 1219 1755 ubi
1259 1699 1616 1756 dormitantes
1656 1709 1709 1757 et
1751 1702 1967 1759 hebetes
2005 1704 2110 1761 lec·-

112 1800 257 1847 tores
294 1791 393 1845 hoc
433 1790 763 1845 adminiculo
805 1791 1049 1862 indigere
1089 1796 1410 1861 coeperunt,
1452 1789 1806 1846 Grammatici
1860 1808 2107 1864 persona·-

111 1897 235 1935 rum
270 1880 416 1934 vices
453 1879 661 1934 duobus
694 1879 910 1951 punctis
943 1878 1308 1932 distinxerunt
1340 1875 1501 1948 idque
1531 1879 1615 1933 δύο
1654 1879 1845 1935 τιθέναι
1882 1880 2108 1955 (ςιγμοές

114 1966 411 2039 videlicet),
451 1974 546 2021 aut
584 1967 671 2021 δύο
706 1966 886 2034 ςίζειν,
927 1966 1011 2020 δύο
1048 1971 1235 2028 ποιεῖν,
1276 1963 1361 2017 δύο
1404 1966 1608 2031 ςιγμοὶς
1639 1975 1801 2022 ποιεῖν
1842 1969 2111 2042 appellare

115 2052 318 2117 solent,
355 2063 413 2110 ut
456 2054 523 2109 ad
560 2055 736 2110 Ranas
758 2060 1050 2109 annotatur
1085 2070 1160 2106 VS.
1186 2055 1290 2106 891
1337 2058 1495 2107 τοῖο-ιν
1527 2055 1751 2116 ἰδιώταις
1786 2057 1937 2118 θεοῖςε
1978 2059 2111 2119 τινὲς

111 2146 163 2198 ἐν
194 2146 264 2213 τῷ
303 2146 470 2204 θεοῖς
504 2143 588 2197 δύο
627 2143 881 2205 τιθέασιν,
922 2139 1004 2195 ἵνα
1040 2139 1090 2194 ἓν
1127 2138 1155 2208 ᾖ
1191 2139 1280 2194 τό·
1323 2138 1485 2195 ἴδιοί
1522 2141 1701 2203 τινές
1737 2163 1840 2198 σοι
1881 2144 2110 2211 κόμμα

110 2232 359 2287 καινόν.
412 2247 549 2302 quae
593 2231 868 2285 annotatio
919 2229 1034 2283 loco
1079 2235 1224 2282 mota
1274 2235 1354 2282 est
1391 2234 1444 2283 et
1486 2230 1721 2300 pertinet
1760 2231 1827 2286 ad
1860 2249 1934 2286 νε.
1978 2237 2107 2289 889.

109 2327 227 2375 tum
270 2321 323 2374 in
366 2318 722 2390 Aristophane
761 2318 1047 2390 legendum
1092 2317 1207 2371 ἴδιοί
1245 2337 1380 2378 τινες
1426 2317 1535 2379 σοι’,
1579 2316 1766 2386 κόμμα
1808 2320 2010 2384 καινόν;
2049 2321 2111 2376 In

111 2407 546 2465 Acharnensibus
583 2424 659 2461 vs,
698 2411 808 2462 899
847 2406 1066 2461 Codices
1102 2405 1385 2460 exhibent:

415 2498 443 2560 ἢ
480 2497 656 2565 φορτί’
698 2494 826 2564 ἕτερ’
869 2494 1048 2549 ἐνθένδ’
1090 2496 1246 2548 gneio*
1287 2493 1431 2558 ἄξεις
1468 2495 1580 2557 idum

109 2600 291 2639 veram
327 2583 612 2639 lectionem
654 2591 810 2638 vetus
845 2582 1084 2637 scholion
1125 2582 1384 2645 servavit:
1426 2582 1699 2652 γράφεται
1746 2585 1832 2639 καὶ
1883 2586 1946 2640 ἰώ
1987 2585 2106 2641 οὲντὶ

108 2675 198 2726 τοῦ
240 2672 370 2736 ἐγώ.
413 2672 501 2726 καὶ
544 2673 627 2727 δύο
669 2673 860 2738 clypea}
904 2673 955 2725 ἐν
986 2673 1055 2739 τῷ
1097 2670 1309 2735 difien:
1352 2667 1470 2725 εἶτα
1503 2673 1561 2726 τὸ
1599 2674 1679 2727 ἰώ.
1763 2671 1974 2727 Similia
2015 2673 2105 2728 atl-

110 2761 310 2832 scripta
341 2759 557 2816 suntad
581 2760 757 2814 Ranas
791 2763 876 2814 28.
917 2762 1049 2822 τινὲς
1085 2761 1156 2821 εἷς
1191 2761 1248 2814 τὸ
1284 2759 1450 2828 φέρω
1488 2760 1573 2814 δύο
1614 2761 1820 2827 ςιγμας
1856 2765 2110 2828 ποιοῦσιν,

109 2855 163 2903 et
200 2864 276 2902 vs.
320 2852 383 2902 51
426 2851 558 2909 τινὲς
599 2850 671 2910 εἰς
705 2849 763 2902 τὸ
802 2848 1068 2903 οἷπόλλω
1108 2849 1192 2903 δύο
1231 2847 1422 2916 ςίζουσι
1477 2850 1564 2904 καὶ
1619 2850 1690 2911 εἰς
1720 2849 1801 2903 τὸ
1847 2848 2108 2919 ἐξηγρό-

108 2957 262 3003 μην,
313 2943 363 2991 et
414 2941 620 2992 vs514
658 2937 791 2997 τινὲς
834 2937 905 2997 εἷς
950 2938 1007 2990 τὸ
1057 2935 1500 3002 μυςικωτοέτη
1555 2937 1640 2992 δύο
1694 2943 1938 2994 ποιοῦσιν.
2001 2939 2107 2996 Sed

108 3041 213 3079 non
254 3026 386 3080 satis
418 3024 548 3079 haec
590 3024 1081 3079 Grammaticorum
1123 3025 1403 3095 diligentia
1444 3042 1632 3081 cavere
1673 3027 1876 3098 potuit,
1918 3044 1986 3083 ne
2025 3029 2104 3082 in-

106 3113 445 3185 eptissimum
509 3114 563 3167 in
620 3112 839 3167 modum
894 3113 948 3165 in
1005 3112 1288 3167 Codicibus
1340 3114 1536 3185 passim
1589 3122 1643 3169 et
1692 3115 2005 3171 etiamnunc
2046 3116 2104 3170 in

105 3202 305 3274 optima
346 3218 558 3272 quaque
598 3200 831 3256 editione
865 3217 1272 3273 nonnumquam
1308 3202 1753 3256 interlocutorum
1788 3203 1933 3257 vices
1974 3219 2101 3257 cum

109 3290 627 3360 insignisententiae
663 3288 988 3344 detrimento
1019 3290 1352 3345 misceantur
1391 3296 1444 3344 et
1484 3290 1791 3346 turbentur.
1843 3290 2101 3362 Exempla

105 3377 267 3432 huius
297 3377 653 3448 negligentiae
676 3378 728 3430 in
753 3378 1092 3432 Comicorum
1123 3377 1442 3450 fragmentis
1472 3379 1749 3451 complura
1779 3384 2096 3449 supersunt,

107 3466 249 3521 unde
302 3465 557 3520 nonnulla
605 3482 941 3538 expromam:
997 3465 1260 3537 quidquid
1313 3474 1495 3522 autem
1539 3468 1593 3521 in
1636 3468 1704 3522 iis
1744 3466 1873 3520 locis
1915 3481 2097 3536 pecca-

105 3561 223 3607 tum
260 3561 371 3618 est,
414 3553 576 3608 liuius
612 3553 689 3607 rei
724 3552 936 3625 culpam
977 3553 1074 3608 soli
1111 3553 1360 3610 Editores
1391 3563 1444 3611 et
1483 3556 1669 3610 Critici
1706 3554 1996 3608 sustinent:
2040 3553 2098 3607 in

106 3639 389 3696 Codicibus
411 3642 555 3698 enim
579 3642 759 3712 omnia
779 3656 883 3696 uno
905 3641 1197 3715 codemque
1220 3650 1402 3699 tenore
1422 3643 1828 3706 continuantur,
1844 3656 1981 3713 quae
2002 3656 2099 3696 suo

1767 3735 1788 3766 2
