2436 4068
1033 207 1139 257 545

106 359 445 426 προσῄειμεν,
500 354 734 420 προσηειν
773 351 869 417 μέν
912 357 965 404 ct
1003 349 1293 417 προσήιεινῗ
1375 348 1583 403 Similia
1633 355 1840 402 ccrlum
1885 357 1964 403 est
2008 367 2084 404 re-

108 452 320 518 pertum
366 442 435 495 iri
480 440 602 495 aliis
649 439 780 494 locis
814 445 868 493 et
905 438 958 491 in
995 437 1149 491 libris
1195 436 1351 499 aliis,
1406 435 1577 490 sicubi
1624 436 1828 491 similes
1884 435 2084 492 formae

106 534 393 604 leguntur,
448 528 646 600 quibus
691 525 940 580 omnibus
990 525 1204 579 reiectis
1245 523 1444 596 ubique
1498 524 1693 579 Atticis
1745 541 1842 578 sua
1894 542 2086 580 manus

103 617 439 675 restituenda
460 624 558 671 est.
600 616 782 687 Coepit
804 615 910 667 iam
935 614 1007 667 ita
1041 612 1215 666 facere
1238 612 1545 667 Dindorlius
1569 613 1619 667 in
1654 614 1840 685 paucis
1862 614 2087 668 idoneus

106 708 296 762 harum
322 721 502 759 rerum
536 703 718 766 iudex,
760 702 927 773 quiin
954 700 1326 754 Demosthenis
1355 699 1587 756 editione
1607 701 1869 773 Lipsiensi
1902 703 2089 771 ᾕεμεν,

104 797 223 865 ᾔετε
247 836 262 857 ,
300 794 457 862 ᾔεσαν
498 809 621 846 cum
669 790 981 862 compositis
1020 787 1271 842 omnibus
1309 787 1514 859 expulit
1551 797 1604 843 et
1642 788 1842 845 forinas
1878 791 2089 845 Atticas

106 883 162 937 in
197 881 372 935 lucem
416 882 687 952 vitamque
724 878 1025 939 revocavit,
1066 876 1398 940 rectissime,
1441 877 1544 930 nisi
1593 877 1732 948 quod
1775 879 2089 950 imprudens

106 987 226 1043 pag.
265 972 390 1022 ⁵316.
446 968 671 1022 retinuit
716 968 837 1034 πρὸς
891 964 964 1031 τα
1015 964 1171 1032 τείχη
1229 966 1592 1033 προσῄεσαν
1645 968 1688 1019 οἱ
1723 967 1993 1032 πολέμιοι,
2035 975 2088 1023 et

106 1064 295 1114 contra
352 1056 696 1111 festinantius
745 1071 866 1126 pag.
904 1056 1084 1116 1505,
1138 1051 1227 1105 ubi
1267 1051 1486 1107 Codices
1541 1053 1822 1108 exhibent:
1865 1059 1995 1119 εἰκὸς
2034 1056 2091 1119 ἦν

106 1147 195 1201 καὶ
234 1148 307 1207 εἱς
346 1148 442 1213 ὀψὲ
480 1144 802 1212 ψηφίζεσθαι
843 1142 903 1197 ἵν’
945 1141 1352 1207 ἀπηλλαγμένοι
1394 1140 1573 1204 εἴησαν
1616 1141 1738 1215 (SQ.
1781 1164 1987 1209 ειεσαν,
2029 1147 2087 1201 F.

108 1234 307 1308 ἥιεσαν)
348 1236 657 1299 ποιήσαντες
694 1233 767 1287 τα
820 1232 940 1297 ὑμῖν
992 1228 1369 1298 ἐψηφισμένα,
1426 1230 1478 1283 in
1530 1228 1816 1285 Oxoniensi
1858 1232 2091 1290 editione

106 1322 254 1379 dedit
296 1321 701 1387 ἀπηλλαγμένοι
742 1322 936 1389 ᾔεσαν,
977 1319 1029 1372 in
1082 1317 1348 1390 Lipsiensi
1387 1315 1535 1386 ἦσαν.
1615 1317 1798 1390 Neque
1849 1319 1949 1375 hoc
1999 1339 2092 1377 ne-

107 1429 212 1484 que
263 1409 396 1465 illud
436 1426 628 1463 sanum
669 1415 763 1463 aut
804 1407 1030 1480 probum
1081 1414 1179 1462 est.
1260 1405 1537 1461 Sententia
1597 1406 1700 1460 loci
1757 1408 1992 1480 postulat
2029 1410 2091 1466 ἵν’

105 1499 512 1565 ἀπηλλαγμένοι
552 1494 682 1559 ἦσαν
705 1539 718 1561 ,
760 1495 1216 1569 quemadmodum
1253 1493 1394 1566 apud
1433 1494 1766 1550 Dinarchum
1803 1499 1946 1552 κατα
1989 1508 2093 1563 Δη-

108 1589 376 1656 μοσθένους
413 1593 557 1642 recte
596 1586 796 1658 legitur
836 1584 875 1659 §
924 1590 1008 1640 10.
1050 1586 1206 1653 ἐχρῆν
1258 1584 1446 1644 αὐτοὺς
1488 1582 1657 1650 ζητεῖν
1696 1584 1778 1639 ἵνα
1810 1618 1883 1626 -
1920 1589 2093 1651 οὶπηλ·

113 1675 367 1743 λάγμεθα
419 1676 600 1730 τούτου
654 1679 744 1729 τοῦ
785 1675 1146 1740 δημαγωγοῦ,
1204 1671 1369 1743 idque
1422 1688 1562 1725 unus
1603 1673 1845 1728 omnium
1895 1677 2095 1748 optime

115 1766 230 1837 ipse
267 1763 577 1819 Dindorlius
635 1762 898 1833 intelliget
948 1761 1170 1833 requiri.
1251 1759 1310 1814 ln
1368 1759 1717 1831 Xenophonte
1772 1762 1958 1842 igitur⁶
1992 1783 2096 1838 quo

110 1853 388 1924 antiquior
425 1859 507 1906 est
546 1869 608 1907 eo
659 1851 862 1906 maiore
912 1851 1029 1906 iure
1069 1849 1135 1904 ab
1177 1848 1334 1920 longo
1385 1847 1544 1903 exilio
1591 1851 1921 1907 revocandae
1970 1863 2099 1910 sunt

113 1939 239 1995 illae
276 1939 512 2003 formae,
554 1939 750 2012 quibus
788 1957 911 1995 eum
955 1938 1081 1994 solis
1124 1938 1202 1992 uti
1245 1938 1483 2009 potuisse
1527 1945 1769 1993 constet:
1824 1941 1965 2011 quod
2002 1945 2095 2015 qui

114 2029 171 2083 in
225 2030 455 2084 caeteris
511 2026 866 2101 scriptoribus
919 2028 1170 2082 instituet
1219 2025 1429 2091 facere,
1488 2042 1718 2097 quorum
1778 2031 2097 2087 vetustiores

113 2116 335 2173 Codices
385 2124 712 2190 supersunt,
768 2117 982 2188 saepius
1038 2132 1225 2171 eorum
1278 2113 1600 2169 auctoritate
1651 2115 2098 2183 confirmabitur,

113 2205 168 2260 in
224 2205 573 2278 Xenophonte
624 2204 758 2259 nihil
798 2213 880 2259 est
928 2205 982 2258 in
1025 2202 1309 2258 Codicibus
1359 2201 1580 2267 auxilii,
1633 2204 1725 2274 qui
1775 2222 1960 2261 omnes
2018 2226 2098 2265 re-

114 2295 381 2349 centiores
419 2292 819 2366 deterioresque
858 2303 1014 2357 sunt,
1070 2290 1162 2347 sed
1199 2289 1347 2347 aliud
1387 2297 1470 2346 est
1510 2291 1842 2363 praesidium
1877 2302 1931 2350 et
1970 2298 2096 2352 sub-

120 2381 354 2446 sidium,
421 2380 562 2453 quod
612 2382 1105 2436 vetustissimarum
1161 2380 1600 2435 membranarum
1665 2382 1837 2437 vicem
1898 2386 2100 2457 optime

114 2469 399 2543 supplebit.
478 2470 679 2542 Nempe
725 2471 980 2543 antiquae
1019 2469 1275 2525 lectiones
1310 2468 1365 2523 in
1424 2470 1750 2541 pervetustis
1795 2474 2098 2546 scripturae

113 2558 262 2614 vitiis
297 2575 392 2631 per
430 2557 601 2613 multa
652 2558 864 2614 saecula
903 2558 1278 2614 delitescentes
1317 2574 1348 2612 a
1387 2557 1568 2612 sciolis
1607 2566 1661 2614 et
1702 2563 2096 2619 correctoribus

113 2646 364 2703 omnibus
396 2654 545 2704 tutae
578 2646 875 2720 pellucent,
916 2648 961 2702 si
997 2647 1120 2719 quis
1142 2647 1299 2719 paulo
1329 2648 1688 2719 perspicacior
1722 2649 1778 2703 in
1800 2667 1890 2705 eas
1923 2653 2094 2708 aciem

31 2731 51 2757 ³
114 2735 384 2791 intendit:
442 2752 532 2791 eos
581 2736 724 2791 locos
763 2735 916 2801 dic0,
970 2737 1024 2791 in
1068 2736 1267 2808 quibus
1318 2736 1560 2808 priscum
1606 2745 1831 2795 ΗΙΣΑΝ
1872 2741 1998 2797 olim
2040 2743 2094 2798 in

115 2821 246 2887 ἦσαν
284 2824 449 2888 abiit,
491 2823 583 2879 sed
634 2825 901 2880 sententia
949 2823 1148 2880 clamat
1185 2823 1333 2879 verbi
1380 2825 1508 2879 ἱέναι
1551 2825 1929 2898 iinperlectum
1969 2833 2095 2886 sub-

114 2928 248 2969 esse.
330 2912 651 2968 Huiusmodi
704 2913 853 2968 locus
901 2919 982 2968 est
1024 2913 1078 2967 in
1133 2911 1334 2968 Hellen.
1371 2912 1437 2968 11.
1479 2931 1512 2968 1.
1558 2917 1644 2969 19.
1704 2916 1997 2986 Λύσανδρος
2038 2921 2096 2986 ἐξ

113 3001 338 3067 ’Δβύδου
395 3002 762 3068 παρέπλει-
795 3002 881 3056 καὶ
938 3003 980 3056 οἱ
1032 3001 1300 3067 Ἀβυδηνοὶ
1364 3008 1674 3070 παρῆσαν
1733 3006 1882 3076 πεζῇ.
1964 3008 2096 3077 Quis

113 3091 431 3162 praesertim
472 3089 780 3145 admonitus
819 3097 1084 3163 punctum
1136 3091 1393 3163 temporis
1430 3090 1697 3148 dubitabit
1736 3104 1975 3165 παρῇσαν
2015 3114 2095 3152 rc-

114 3177 394 3233 scribere?
473 3178 531 3232 ln
576 3177 669 3232 tali
722 3194 779 3233 re
814 3178 1003 3234 classis
1041 3178 1243 3234 dicitur
1284 3180 1432 3234 lictus
1490 3180 1667 3253 leyens
1706 3191 2004 3251 παραπλεῖν
2042 3193 2096 3240 et

118 3273 400 3322 terrestres
438 3267 621 3339 copiae
662 3268 714 3321 in
753 3267 932 3322 littore
965 3267 1187 3323 classem
1233 3275 1519 3340 sequentes
1558 3270 1812 3337 παριέναι.
1894 3272 2092 3328 Eadem

118 3355 255 3407 ratio
294 3363 376 3410 cst
414 3355 696 3410 verborum
754 3357 1126 3424 παραπέμπειν
1176 3363 1229 3411 ct
1282 3358 1670 3426 παρακομίζειν.
1752 3359 2094 3431 Thucydides

121 3440 258 3495 vni.
306 3446 388 3496 16.
450 3445 535 3498 καὶ
578 3446 601 3498 ὁ
650 3444 802 3512 πεζὸς
844 3443 963 3511 ἅμα
1003 3448 1224 3515 παρῄει,
1281 3444 1435 3517 plane
1487 3446 1671 3501 cadent
1713 3447 1869 3501 verba
1912 3464 2091 3503 recur-

123 3536 252 3583 runt
295 3529 431 3584 Vlll.
474 3534 579 3596 2⁶2,
627 3541 680 3588 ct
723 3534 857 3588 Vlll.
903 3539 991 3589 52.
1053 3534 1326 3602 Πεδαριτος
1365 3538 1555 3603 παριὼν
1596 3535 1724 3603 πεζῇ
1765 3537 1821 3588 ἐκ
1861 3543 1952 3599 τῆς
1995 3545 2093 3592 Μι·

119 3619 276 3680 λήτου
309 3617 579 3683 γενόμενος
610 3623 661 3675 ἐν
701 3624 959 3690 Ἐρυθραῖς
993 3626 1380 3691 διαπεραιοῦται
1417 3625 1465 3685 ἐς
1508 3624 1654 3686 Χίον,
1695 3630 1746 3676 ct
1787 3622 1906 3678 aliis
1946 3623 2092 3681 locis.
