2436 4068
1095 221 1196 272 105

144 365 267 442 [ὅτι]
319 367 420 423 οὐδ’
471 367 542 428 εἷς
594 366 686 427 την
731 364 917 420 Ἀσίαν
967 363 1273 433 Ἀγησιλάῳ
1324 359 1712 431 συνεςράτευον,
1765 363 2000 436 pendent
2036 368 2127 422 οὐκ

136 456 280 518 εἴων,
320 453 557 522 ἔρριψαν,
595 452 959 523 συνεςράτευον
994 469 1060 507 ex
1092 456 1158 515 ὥς
1193 450 1571 525 praecedente,
1617 450 1779 524 idque
1809 453 2031 525 copulae
2067 475 2127 509 τε

135 543 268 598 ·καΙ
305 542 439 597 ·καΙ
474 543 763 605 evincunt,
807 547 868 596 ut
914 548 1217 611 arguantur
1267 539 1556 595 sciolorum
1605 539 1927 596 emblemata
1970 544 2036 603 ὡς
2076 548 2131 596 et

134 628 231 685 ὅτι.
297 630 559 686 Similiter
599 630 663 684 V.
699 647 756 684 11.
798 632 848 682 2.
890 627 1219 683 αἰσθάνεσθαι
1255 628 1362 696 γάρ
1402 626 1613 698 ἔφασαν
1653 630 1758 690 -ὦς
1793 628 1868 687 ἔςι
1906 631 2004 696 μὲν
2043 627 2130 685 ὅτε

132 719 244 774 οὐδὲ
276 718 658 785 συςρατεύοιεν,
697 716 853 771 ὁπότε
883 717 938 771 δὲ
967 715 1055 770 καὶ
1086 717 1404 770 ἀκολουθοῖεν
1433 715 1542 790 [ὥς]
1569 721 1739 780 κακῶς
1774 717 2135 786 συςρατεύοιεν

131 805 319 861 eadem
359 805 425 861 (le
460 820 622 860 causa
661 803 894 858 alterum
929 805 995 865 ὥς
1031 803 1329 858 insiticium
1367 820 1484 859 esse
1524 811 1763 878 apparet.
1831 805 2040 877 Arguta
2080 811 2136 860 et

131 892 348 964 elegans
385 892 558 947 oratio
609 889 892 946 Aeschinis
937 889 1173 944 multum
1224 906 1255 944 a
1292 891 1474 945 sciolis
1523 891 1767 949 lectitata
1819 893 2018 965 passim
2067 890 2135 948 ab

131 982 199 1036 iis
238 979 423 1036 eodem
471 978 629 1034 modo
664 979 855 1033 vitiata
896 984 995 1034 est.
1075 978 1138 1032 In
1174 977 1550 1049 Ctesiphontea
1592 980 1632 1054 S
1678 985 1766 1037 20.
1806 982 1898 1044 τὴν
1937 981 2135 1047 βουλὴν

129 1069 222 1131 τὴν
259 1070 314 1124 ἐν
351 1067 531 1136 Ἀρείῳ
568 1066 728 1136 πάγῳ
763 1065 1062 1135 ἐγγράφειν
1096 1065 1219 1134 πρὸς
1259 1066 1377 1128 τοὺς
1422 1067 1645 1132 λογιςοὶς
1679 1069 1702 1122 o‘
1741 1069 1891 1136 νόμος
1930 1070 2130 1125 κελεύει

127 1155 284 1223 λόγον
328 1156 416 1211 καὶ
471 1156 682 1217 εὐθύνας
742 1153 1009 1228 [διδόναι],
1064 1153 1319 1209 ultimum
1373 1154 1695 1210 vocabulum
1744 1157 2131 1229 interpolatum

129 1250 238 1309 est,
278 1250 339 1299 ut
378 1243 462 1298 bis
500 1243 903 1314 ςεφανουμένοις
943 1243 998 1297 in
1038 1241 1078 1316 S
1123 1246 1212 1297 45.
1249 1248 1356 1304 τοῖς
1396 1244 1492 1309 μὲν
1529 1244 1628 1299 ὑπὸ
1666 1251 1760 1309 τῆς
1807 1245 2004 1311 βουλῆς
2046 1266 2130 1303 ςε-

126 1331 463 1401 Φανουμένοις
502 1363 580 1371 -
616 1338 724 1394 τοῖς
761 1331 806 1386 δ’
844 1331 943 1386 ὑπὸ
983 1334 1075 1386 τοῦ
1123 1330 1285 1396 δήμου
1331 1330 1780 1406 [ςέφανουμένοις]
1824 1364 1900 1373 -
1938 1338 2045 1394 τοῖς
2084 1333 2128 1388 δ’

125 1420 224 1475 ὑπὸ
268 1425 367 1475 τῶν
416 1420 646 1486 δημοτῶν
697 1418 1146 1492 [ς-εφανουμένοις]
1203 1418 1291 1474 καὶ
1340 1421 1600 1489 φυλετῶν.
1682 1422 1744 1476 In
1786 1420 1825 1496 S
1873 1424 1977 1476 112
2017 1438 2127 1477 ma-

126 1507 296 1580 gister
346 1508 526 1562 nescio
576 1507 700 1579 quis
746 1524 985 1580 pannum
1036 1523 1102 1562 ex
1144 1507 1411 1562 Pausania
1459 1506 1523 1563 X.
1561 1512 1651 1563 57.
1694 1508 1733 1583 S
1778 1513 1830 1564 6.
1873 1509 2151 1565 Aeschini-

126 1596 325 1652 assuit:
367 1612 531 1668 quam
576 1590 757 1668 inepte
795 1596 842 1649 is
879 1594 1142 1660 iudicate,
1191 1594 1285 1667 qui
1339 1603 1636 1669 utrumque
1682 1597 1860 1653 locum
1914 1615 2125 1671 compe·

127 1683 314 1739 suerit.
394 1683 454 1738 In
490 1682 531 1757 S
575 1685 701 1739 152.
741 1684 997 1750 ἐσομένοις
1049 1684 1242 1739 vitiose
1289 1682 1535 1739 additum
1578 1691 1661 1740 est
1713 1684 1770 1739 in
1824 1685 2003 1740 verbis
2052 1688 2125 1748 εἷς

124 1770 572 1839 παραδοξολογίαν
604 1778 712 1833 τοῖς
758 1770 1059 1846 [ἐσομένοις]
1094 1774 1209 1839 μεθ’
1243 1773 1387 1838 ἡμᾶς
1423 1771 1643 1842 ἔφυμεν.
1702 1767 1871 1838 Satis,
1911 1774 2125 1845 opinor,

125 1866 239 1915 erat
288 1860 342 1914 in
384 1859 424 1934 S
474 1863 576 1914 145
621 1859 822 1916 dixisse
868 1857 1190 1927 μετήνεγκεν
1224 1862 1298 1922 εἷς
1346 1862 1438 1924 την
1477 1861 1774 1927 Καδμείαν,
1823 1867 1879 1916 at
1920 1861 2012 1916 isti
2051 1864 2124 1925 εἷς

122 1949 311 2014 Θήβας
362 1948 734 2012 inseruerunt,
788 1956 842 2004 et
880 1948 933 2003 in
975 1948 1015 2023 S
1067 1952 1171 2003 146
1223 1964 1392 2020 quum
1445 1949 1648 2020 optime
1686 1948 1910 2004 dixisset
1955 1950 1982 2014 ἢ
2025 1951 2125 2006 ὑπὸ

120 2042 220 2091 τῶν
253 2037 312 2091 ἐκ
347 2037 795 2105 τοῦ-ςρατηγεΙου
846 2051 992 2091 nunc
1046 2035 1329 2108 pueriliter
1376 2034 1577 2091 dixisse
1623 2034 1840 2092 videtur
1880 2038 1977 2092 ὑπὸ
2023 2044 2123 2092 τῶν

119 2130 395 2192 ςρατηγῶν
424 2125 483 2179 ἐκ
516 2129 606 2179 τοῦ
642 2124 970 2191 ςρατηγείου.
1053 2124 1198 2179 Scite
1238 2123 1447 2179 dixerat
1486 2123 1526 2199 S
1573 2126 1696 2180 195.
1735 2128 1780 2180 οἱ
1814 2127 1868 2180 δὲ
1908 2126 2117 2184 δικαςαὶ

121 2214 278 2268 ε’νίοτε
318 2211 384 2267 ὧν
421 2213 520 2279 μέν
550 2213 650 2267 εἶσι
685 2212 854 2279 κριταὶ
896 2210 1360 2277 ἐπιλανθάνονται,
1403 2209 1468 2266 ὧν
1503 2213 1547 2268 δ’
1587 2215 1676 2268 οὐκ
1715 2213 1811 2268 εἰσὶ
1853 2213 1965 2281 περὶ
2005 2213 2121 2268 τού-

117 2319 218 2355 των
252 2298 645 2369 ἀναγκάζονται
699 2302 793 2363 τὴν
845 2305 1026 2370 ψῆφον
1074 2299 1276 2370 φέρειν,
1329 2296 1564 2373 perdidit
1611 2302 1793 2356 omnia
1820 2301 1935 2373 -qui
1972 2300 2121 2356 dedit

118 2386 186 2443 ὧν
221 2389 265 2443 δ’
298 2390 391 2444 οὐκ
435 2387 534 2443 εἶσὶ
582 2386 841 2461 [δικαςαί]
890 2388 1005 2464 περὶ
1045 2389 1237 2445 τούτων
1284 2390 1394 2444 κτὲ.
1476 2388 1628 2457 Quod
1667 2388 1869 2462 optime
1908 2389 2122 2445 dixerat

118 2474 160 2551 S
198 2478 302 2532 201
346 2476 440 2530 ἐὰν
474 2477 528 2531 δὲ
566 2477 642 2542 μη
690 2484 1030 2545 προσποιῆται
1079 2478 1218 2543 ὑμῶν
1270 2475 1475 2532 άκούειν
1519 2478 1642 2544 μηδ’
1692 2479 1842 2543 ὑμεῖς
1896 2477 2116 2540 ἐκείνου,

116 2564 314 2619 misere
367 2565 613 2636 eorrupit
666 2564 1001 2637 magistellns
1054 2566 1148 2638 qui
1189 2564 1255 2621 de
1295 2581 1394 2620 suo
1433 2564 1637 2620 ἐθέλετε
1676 2566 1881 2621 ἀκούειν
1918 2565 2120 2621 adseri-

114 2652 246 2726 psit:
287 2651 513 2708 debebat
550 2659 698 2708 certe
732 2666 929 2726 pueros
959 2652 1249 2709 admonere
1278 2654 1483 2709 ἀκούειν
1517 2655 1873 2722 προσποιεῖσθε
1913 2654 2120 2710 audito-

54 2775 67 2821 ἦ
119 2738 271 2795 ribus
310 2739 607 2813 supplenda
643 2740 893 2813 relinqui.
950 2741 1124 2810 Quam
1162 2740 1421 2813 frigidum
1464 2749 1547 2797 est
1583 2742 1666 2798 vel
1708 2744 1891 2815 pueris
1924 2743 2120 2798 emble-

116 2842 207 2883 ma
246 2826 287 2902 S
332 2831 440 2883 208
482 2827 547 2883 ὦν
593 2828 849 2896 οὐδέτερόν
900 2829 977 2888 ἑςι
1028 2829 1342 2896 Δημοσθένει
1386 2828 1638 2899 ὑπάρχον.
1720 2830 1938 2903 corrige
1981 2831 2034 2884 in
2078 2830 2119 2904 S

117 2918 224 2971 224
259 2917 347 2971 καὶ
391 2920 515 2986 παρ’
553 2913 588 2986 ᾧ
621 2918 672 2971 ἐν
706 2918 880 2986 Ὠρεῷ
916 2918 1151 2983 κατήγου
1197 2916 1557 2993 (κακτηγάγου)
1603 2949 1621 2960 -
1644 2916 1804 2986 ἄνδρα
1839 2918 1996 2988 φίλον
2028 2918 2116 2973 καὶ

116 3002 252 3069 ξένον
304 3005 600 3072 ποιούμενος
644 3010 823 3060 τοῦτον
866 3005 1200 3067 άπέκτεινας.
1293 3004 1469 3061 Unum
1520 3011 1767 3079 superest
1816 3006 1872 3060 in
1922 3005 1962 3081 S
2007 3010 2116 3061 246

56 3086 62 3143 ’.
114 3092 429 3159 κηρύττεταί
472 3114 552 3155 τις
597 3093 650 3146 ἐν
691 3094 762 3161 τῷ
815 3092 1006 3163 θεάτρῳ
1050 3091 1147 3167 [ὅτι
1193 3094 1541 3168 ςεφανοῦται]
1595 3095 1783 3161 άρετῆς
1825 3092 1976 3149 ἕνεκα
2024 3094 2113 3149 καὶ

113 3179 498 3249 ἀνδραγαθίας,
536 3181 582 3235 si
618 3179 695 3236 ὅτι
730 3186 1053 3251 ςεφανοῦται
1088 3183 1412 3255 expunxeris
1451 3183 1626 3254 ipsum
1665 3180 1984 3236 Aeschinem
2022 3197 2115 3235 au·

114 3264 245 3323 (lies.
308 3268 411 3325 Sed
452 3268 612 3325 redeo
645 3268 712 3324 ad
752 3269 984 3326 alterum
1024 3270 1219 3325 vitium
1258 3269 1311 3325 in
1350 3269 1632 3327 Aeschinis
1668 3268 1811 3334 loce,
1853 3268 1996 3324 unde
2035 3268 2114 3324 di·

116 3370 335 3427 gressus
381 3374 526 3413 sum:
580 3358 774 3413 vitium
830 3374 1124 3432 concepere
1176 3357 1338 3414 verba
1382 3357 1436 3413 in
1481 3358 1519 3433 S
1562 3362 1625 3413 41
1673 3356 1828 3413 ἄλλοι
1874 3357 1927 3411 δέ
1977 3377 2111 3419 τινες

117 3442 549 3513 ὑποκηρυξάμενοι
583 3447 702 3508 τοὺς
736 3445 939 3509 οἰκέτας
980 3446 1213 3517 άφΙεσαν
1260 3447 1659 3516 ἀπελευθέρους,
1702 3445 1794 3501 ubi
1834 3461 1963 3500 sana
2004 3461 2111 3500 non

116 3538 244 3586 sunt
279 3531 438 3590 verba
465 3535 697 3605 ἀφίεσαν
726 3535 1129 3605 ἀπελευθέρους,
1166 3533 1430 3608 quomodo
1467 3550 1624 3591 nemo
1664 3549 1921 3606 umquam
1951 3534 2112 3590 Grae·

117 3634 178 3674 ce
220 3618 429 3678 loeutus
478 3629 582 3680 cst:
638 3641 733 3696 pro
781 3626 1088 3682 manumitto
1138 3623 1387 3682 dicebant
1441 3623 1637 3692 άφίημι
1689 3623 1943 3692 ἐλεύθερον
1988 3637 2112 3680 con-
