2436 4068
10 3117 15 3125 -
7 3071 19 3091 ι
7 2910 23 3045 *aa*
6 2668 22 2892 s-*m’*
8 2535 19 2644 ’.σιγὴ
9 2482 11 2486 -
8 2413 10 2419 ·

1017 174 1123 224 567

76 326 127 380 δὲ
168 322 444 391 ληψόμεθα
482 319 809 386 ἀνεῳγμένην
846 320 1230 384 ἀποκτενοῦμεν
1268 315 1516 378 ἅπαντας
1555 319 1672 379 τοὺς
1709 319 1759 371 ἐν
1792 328 1856 388 τῇ
1892 320 2028 389 οἰκία
2050 363 2063 385 ,

77 408 527 484 quemadmodum
570 409 623 461 in
664 405 897 461 Anabasi
929 406 1042 461 VII.
1084 424 1139 460 11.
1188 410 1272 460 15.
1327 404 1674 460 Aristarchus
1713 406 1880 469 dixit:
1920 409 1962 462 εἰ
2007 409 2061 463 δέ

74 522 191 555 τινα
227 500 366 564 ὑμῶν
397 499 638 564 λήψομαι
684 497 735 549 ἐν
777 504 842 564 τῇ
886 494 1159 562 θαλοὶττη,
1208 494 1513 558 καταδύσω,
1570 501 1624 549 et
1663 495 1833 550 multa
1873 495 1956 550 his
1990 498 2061 551 si-

76 589 226 643 milia
262 586 521 657 leguntur
558 584 778 655 passim.
859 582 1002 636 Haec
1042 583 1212 652 igitur
1251 599 1281 635 a
1317 582 1667 654 Xenophonte
1707 584 1787 638 sic
1820 583 2061 639 reserun-

77 684 196 730 tur:
235 671 375 729 εἷπον
414 674 509 735 την
543 672 694 740 θύραν
733 672 1029 725 κεκλεῖσθαι
1088 670 1166 743 (ut
1203 670 1361 723 {amca
1413 670 1617 726 occlusa
1663 672 1977 746 teneretur),
2019 676 2062 729 εἶ
2149 672 2152 676 ’

47 766 125 837 ,δὲ
162 766 420 831 λήψονται
474 759 803 830 ἀνεῳγμένην
854 759 1159 812 ἀποκτενεῖν
1209 755 1456 818 ἅπαντας
1500 760 1618 820 τοὺς
1665 761 1717 814 ἐν
1764 770 1830 830 τῇ
1888 763 2061 833 οἰκία,

69 851 261 907 deinde
306 849 520 904 infersit
569 848 752 903 nescio
800 846 923 918 quis
962 846 1250 908 ἠπείλησαν
1291 846 1551 899 orationis
1598 846 1899 904 fulciendae
1938 867 2060 922 gra-

72 941 183 1004 tia,
240 955 378 1010 quae
429 937 653 991 minime
712 951 773 990 eo
827 933 1050 989 tibicine
1091 933 1396 1004 indigebat,
1447 940 1565 987 tum
1610 952 1806 990 novum
1861 939 2058 996 vitium

67 1031 373 1083 ἀποκτεῖναι
425 1034 613 1080 natum
663 1030 764 1079 est.
844 1022 906 1076 In
958 1022 1061 1085 iis,
1121 1038 1259 1092 quae
1314 1022 1497 1075 statim
1555 1023 1917 1093 praecedunt:
1972 1030 2060 1084 τὸν

68 1119 164 1183 μὲν
216 1115 787 1175 ἀποκτείναντες,
838 1111 932 1173 τὴν
974 1111 1025 1164 δὲ
1063 1117 1295 1175 γυναῖκα
1343 1109 1682 1178 φοβήσαντες
1736 1116 2058 1179 κατεσιώπη-

69 1227 201 1268 σαν,
242 1204 407 1258 nimis
439 1200 675 1274 lepidum
718 1206 800 1254 est
838 1198 1240 1259 ἀποκτείναντες
1287 1199 1688 1261 κατεσιώπησαν
1729 1206 1784 1254 et
1820 1202 2058 1259 nondum

70 1293 308 1366 poenitet
355 1292 442 1346 τὸν
496 1291 592 1356 μὲν
644 1288 1068 1343 ἀπέκτειναν
1133 1287 1446 1341 correxisse.
1530 1286 1735 1342 Vitium
1785 1289 1929 1344 ultro
1978 1291 2060 1346 in-

73 1382 215 1436 vexit
254 1378 562 1435 Dindorfins
603 1377 665 1433 V.
702 1394 770 1431 lv.
805 1381 890 1431 17.
944 1373 1132 1439 ἄνεμος
1169 1373 1391 1438 ἐξαίσιος
1427 1376 1722 1441 ἐπεγένετο.
1764 1408 1840 1417 —
1878 1380 2059 1434 πολλοὶ

66 1471 161 1537 μὲν
195 1471 301 1536 γαρ
350 1469 438 1523 καὶ
491 1466 639 1522 ἄλλα
691 1466 849 1531 βίαια
893 1464 1127 1525 ἐποίησεν
1174 1463 1313 1532 ἀτὰρ
1354 1463 1444 1518 καὶ
1496 1465 1721 1526 πολλοὺς
1771 1466 1866 1532 μὲν
1922 1467 2057 1531 ὅνους

68 1561 470 1626 κατεκρήμνισεν
509 1559 685 1616 αὐτοῖς
724 1554 966 1616 σκεύεσι,
1007 1551 1311 1618 πάμπολλα
1351 1554 1403 1607 δὲ
1444 1550 1587 1608 ὅπλα
1634 1555 2059 1622 ἀφαρπασθέντα
2123 1544 2125 1547 ’

70 1646 482 1711 ἐξέπνευσεν
524 1645 596 1705 εἰς
636 1644 728 1706 την
764 1642 1054 1697 θάλατταν.
1135 1640 1197 1694 In
1250 1640 1337 1695 his
1377 1639 1679 1705 ἐξέπνευσεν
1715 1659 1746 1696 a
1786 1643 2062 1701 Dindorfio

71 1743 190 1801 est,
242 1735 397 1806 quasi
449 1733 495 1787 si
537 1732 738 1787 Graece
787 1731 893 1784 dici
936 1735 1115 1801 posset
1155 1730 1177 1782 ὁ
1214 1728 1403 1795 ἄνεμος
1439 1730 1511 1784 τα
1547 1727 1691 1784 ὅπλα
1728 1731 1800 1792 εἷς
1835 1734 1928 1795 τὴν
1968 1733 2059 1788 θά-

68 1838 276 1878 λατταν
325 1821 643 1885 ἐξέπνευσεν.
737 1818 956 1874 Rel'ntat
1006 1821 1137 1871 satis
1205 1817 1342 1871 hanc
1389 1818 1654 1872 rationem
1712 1820 2060 1893 participium

68 1910 521 1981 ἀφαρπασθέντα,
562 1925 657 1980 pro
698 1924 804 1978 quo
839 1907 916 1960 sic
955 1905 1287 1975 ἀφαρπάσας
1337 1904 1624 1960 dicendum
1667 1905 1876 1964 suisset.
1956 1910 2065 1966 Ita·

72 2017 176 2072 que
208 1998 451 2063 ἐξέπεσεν
491 2014 555 2052 ex
593 1996 747 2050 libris
794 1994 1154 2050 revocandum
1194 2001 1291 2048 est.
1373 1992 1506 2047 lhid.
1542 1993 1605 2047 V.
1638 2011 1706 2049 ιν.
1751 2000 1839 2050 50.
1883 1995 2059 2068 legen-

71 2088 199 2142 dum
242 2087 483 2140 videtur:
537 2086 711 2152 ἀνδρὸς
755 2086 829 2150 μη
881 2082 1325 2148 καταγιγνώσκων
1377 2083 1607 2146 ἀδικεῖν,
1663 2081 1716 2144 ὃς
1768 2085 2058 2153 ἐχρηματί-

70 2197 199 2232 σατο
238 2177 324 2229 ἐπὶ
365 2175 506 2241 κακῷ
546 2179 639 2235 τῆς
682 2172 958 2240 πατρίδος,
1001 2170 1054 2225 id
1095 2178 1176 2226 est
1220 2170 1303 2244 (ut
1343 2169 1698 2225 Athenienses
1739 2171 1804 2227 de
1838 2174 1951 2228 suis
1987 2176 2060 2228 ci-

69 2265 227 2319 vibus
258 2279 414 2334 saepe
455 2260 691 2335 dicunt):
733 2258 783 2321 ὃς
815 2260 1142 2329 ἐδωροδόκησε
1176 2258 1321 2314 κατὰ
1341 2266 1435 2322 τῆς
1477 2260 1737 2327 πατρίδος.
1793 2261 2062 2333 Vulgatur

68 2354 228 2421 ἄνδρα
265 2359 319 2406 et
355 2348 427 2411 οἷς
461 2350 875 2419 ἐχρηματίσατο.
955 2347 1088 2402 lbid.
1134 2348 1193 2402 V.
1237 2364 1305 2401 ιν.
1350 2351 1440 2401 59.
1501 2347 1586 2402 δια
1625 2354 1724 2403 τῶν
1756 2352 2061 2418 ὡδοποιημέ-

68 2464 162 2499 νων
219 2439 430 2505 ἐξόδων,
489 2454 594 2493 non
650 2443 725 2491 est
782 2436 1169 2491 contemnenda
1225 2435 1382 2491 lectio
1422 2434 1630 2490 Codicis
1670 2437 1726 2491 B.
1785 2441 2060 2496 ὡδοπεποι-

70 2531 298 2597 ημένων,
357 2542 588 2597 namque
642 2532 698 2580 et
747 2525 799 2578 in
867 2524 1101 2580 Anabasi
1148 2526 1206 2578 V.
1250 2541 1322 2577 111.
1387 2530 1432 2577 1.
1492 2525 1546 2578 in
1602 2526 1803 2597 optimo
1867 2527 2060 2584 Codice

69 2616 514 2682 ὡδοπεποιημὲνων
555 2616 823 2686 scriptum
864 2621 975 2678 est,
1015 2620 1069 2668 et
1103 2613 1156 2667 in
1200 2611 1534 2684 Philippidae
1575 2612 1878 2685 fragmento
1918 2617 2060 2690 apud

74 2707 341 2763 Poilucem
378 2703 465 2758 lx.
509 2706 599 2758 58.

373 2795 516 2860 ὀρθῶς
557 2811 625 2857 γε
663 2793 756 2854 τὴν
795 2791 956 2859 ῥύμην
995 2791 1404 2858 ὦδοιπορήκαμεν
1427 2831 1439 2854 ,

71 2882 288 2939 difficile
328 2889 409 2937 est
444 2896 546 2934 non
585 2878 877 2933 concedere
919 2879 1184 2934 Meinekio
1223 2879 1690 2946 ὁδοιπεπορήκαμεν
1731 2896 1848 2936 esse
1880 2898 2058 2939 emen·

71 2971 328 3027 dandum.
408 2968 485 3024 Ad
530 2968 661 3023 haec
707 2967 968 3038 exigenda
1014 2974 1141 3021 sunt
1185 2966 1635 3037 ἱπποτετρόφηκεν
1674 2968 1815 3041 apud
1858 2970 2059 3045 Lycur-

73 3076 200 3130 gum
243 3061 295 3113 in
352 3058 591 3113 Leocrat.
635 3055 674 3129 §
717 3059 855 3119 159,
895 3063 947 3110 et
988 3055 1454 3124 προωδοπεποίηκεν
1496 3055 1704 3111 duobus
1744 3056 1875 3113 locis
1918 3061 2065 3133 apud

12 3166 18 3174 ⁵
74 3146 413 3203 Aristotelem
459 3145 675 3200 Rhetor.
718 3144 786 3203 ΙΙ.
834 3148 920 3199 15.
961 3152 1013 3199 et
1052 3143 1257 3198 Pontio.
1295 3143 1361 3198 11.
1407 3147 1492 3199 16.

152 3235 210 3289 ln
253 3234 453 3290 Hellen.
488 3234 574 3289 Vl.
613 3251 644 3287 1.
694 3241 739 3288 1.
796 3233 978 3298 ἔλεγον
1018 3229 1094 3287 ὅτι
1124 3235 1179 3287 οὐ
1221 3233 1504 3295 δυνήσοιντο
1544 3235 1618 3298 μὴ
1657 3235 1920 3290 πείθεσθαι
1954 3243 2066 3298 τοῖς.

76 3324 324 3388 Θηβαίοις
380 3322 591 3378 dicendi
649 3338 780 3377 usus
833 3320 1069 3393 postulat
1124 3328 1183 3375 ut
1235 3319 1509 3375 scribatur
1547 3322 1620 3387 μη
1674 3324 1727 3376 οὐ
1778 3324 2057 3379 πείθεσθαι.

77 3411 208 3465 ibid.
248 3410 333 3464 Vl.
375 3427 409 3464 1.
454 3416 540 3465 11.
596 3413 638 3467 εἰ
680 3412 731 3465 δὲ
772 3411 949 3465 εἰκότα
990 3409 1268 3478 λογίζομαι
1323 3409 1503 3464 σκόπει
1554 3410 1640 3464 καὶ
1684 3411 1846 3474 τάδε,
1899 3412 2064 3468 Grae·

73 3499 179 3555 culi
221 3499 459 3553 Atticum
494 3498 707 3554 dicendi
749 3515 919 3570 genus
959 3498 1098 3570 quod
1152 3514 1252 3551 non
1295 3498 1426 3551 satis
1482 3498 1763 3569 capiebant
1804 3498 2058 3556 obscura-

77 3597 219 3643 runt.
302 3585 487 3640 Scribe
526 3585 619 3640 ὅτι
665 3588 714 3640 δὲ
754 3587 927 3642 εἰκότα
969 3587 1263 3654 λογίζομαι.
1344 3587 1603 3656 Compara
1637 3586 1699 3639 11.
1745 3604 1816 3641 ιιι.
1863 3591 1949 3643 55.
1990 3592 2059 3651 ὡς
