2436 4068
1044 266 1113 316 85

89 414 234 470 nulla
278 415 330 468 in
373 411 455 465 liis
495 411 634 464 inest
672 416 724 465 et
767 415 915 463 πλεῖν
947 411 996 462 ἐν
1027 410 1222 468 κώπαις
1265 406 1557 462 absurdum
1587 414 1683 461 est.
1750 406 1883 462 Vera
1926 407 2082 461 lectio

90 510 199 558 est:

392 586 455 641 ἂν
486 585 734 654 ἀποτύχῃ
772 605 850 645 τις
891 584 1048 652 οὐρίου
1089 584 1309 638 κώπαισι
1349 589 1500 638 πλεῖν
1525 625 1536 637 .
1828 627 1833 632 .

88 692 224 748 quae
265 683 375 731 tam
418 675 699 747 perspicua
739 678 820 727 est
859 677 1021 742 atque
1061 671 1212 724 scita.
1295 670 1539 726 Servavit
1580 687 1609 725 e
1659 670 1954 726 Pausaniae
1990 671 2079 725 Le-

89 766 208 819 xico
244 763 563 818 Eustathius
604 777 722 832 pag.
751 763 924 822 1455,
960 761 1043 812 18.
1126 757 1185 810 ln
1218 758 1494 814 Menandri
1533 758 1833 830 fragmento
1868 759 2082 815 XXXII.

94 857 143 908 7.
184 857 497 924 supererat:
1579 844 1585 847 ’

999 930 1034 988 ὦ
1072 933 1269 999 μεγίςη
1309 939 1406 988 τῶν
1441 937 1558 990 θεῶν

392 1031 476 1081 νῦν
514 1022 619 1080 οὖσ’
654 1023 888 1084 ἀναίδει’,
932 1023 974 1076 εἰ
1017 1022 1122 1076 θεὸν
1162 1027 1343 1075 καλεῖν
1379 1042 1436 1075 σε
1478 1023 1570 1076 δεῖ.

394 1115 475 1169 δεῖ
508 1112 577 1167 δέ.
620 1112 678 1165 τὸ
718 1113 933 1177 κρατοῦν
973 1109 1079 1177 γὰρ
1123 1110 1148 1133 *
1194 1110 1219 1134 ¹*
1264 1109 1290 1134 ¹*
1331 1109 1358 1133 ¹*

90 1204 323 1276 explevit
362 1201 520 1256 homo
562 1198 716 1254 nihili
772 1203 856 1252 νῦν
906 1197 1165 1266 νομίζεται
1222 1197 1366 1259 θεός,
1411 1212 1548 1270 quae
1597 1197 1759 1253 verba
1799 1215 1961 1254 sensu
2004 1217 2086 1254 va-

90 1311 192 1350 cua
235 1300 379 1349 sunt.
460 1290 518 1344 In
562 1289 739 1361 priore
778 1292 932 1359 parte
973 1284 1249 1340 Menandri
1294 1301 1516 1340 manum
1566 1302 1631 1340 ex
1680 1285 1888 1342 duobus
1938 1287 2088 1342 Arte-

88 1381 284 1438 midori
325 1380 455 1435 locis
490 1376 862 1433 revocavimus
903 1374 1072 1428 lianc:

394 1470 475 1523 δεῖ
508 1466 581 1521 δέ.
623 1466 682 1519 τὸ
721 1467 938 1532 κρατοῦν
977 1462 1083 1529 γαρ
1125 1465 1231 1516 πᾶν
1272 1461 1486 1527 δύναμιν
1526 1460 1640 1530 ἔχει
1682 1465 1808 1518 θεοῦ.

92 1558 383 1631 Supererat
425 1557 479 1609 in
524 1551 806 1608 Menandri>
834 1549 1098 1606 versiculo
1130 1550 1222 1604 IX.
1266 1553 1356 1605 20.

395 1645 454 1699 τὸ
492 1642 648 1710 μηδὲν
681 1641 875 1695 ἀδικεῖν
914 1638 1001 1693 καὶ
1046 1638 1073 1664 *
1118 1638 1142 1663 *
1185 1638 1211 1663 *
1250 1645 1398 1693 ποιεῖ.

88 1736 220 1792 levis
259 1739 568 1793 corrector,
625 1730 718 1801 qui
759 1728 1146 1798 φιλανθρώπους
1189 1725 1384 1781 stolide
1416 1726 1713 1798 supplevit,
1769 1726 2090 1799 perdidisset

93 1825 308 1884 omnia,
348 1822 455 1876 nisi
492 1820 686 1875 Sextus
715 1816 1025 1889 Empiricus
1059 1814 1296 1888 lepidum
1339 1814 1516 1868 locum
1557 1814 1765 1870 duobus
1810 1818 2092 1872 versiculis

91 1913 388 1967 auctiorem
429 1910 802 1979 incorruptum
861 1910 1126 1958 servasset
1181 1904 1232 1956 in
1282 1902 1544 1976 Pyrrhon.
1608 1903 1955 1978 Hypotyp.·1.
2003 1912 2089 1962 14.

95 2000 135 2074 §
170 2002 293 2055 108.
351 1996 570 2063 ἀνόμοια
622 1994 871 2063 φαίνεται
920 1991 991 2046 τοὶ
1033 1990 1370 2059 πράγματα,
1434 1992 1640 2063 inquit,
1698 1992 1784 2046 καὶ
1842 1994 1985 2061 παρα
2034 1997 2092 2048 τὸ

92 2094 270 2156 φιλεῖν
309 2086 338 2149 ἢ
378 2093 567 2152 μισεῖν.
610 2081 715 2136 ὅθεν
755 2082 842 2136 καὶ
878 2081 901 2135 ὖ
942 2079 1230 2147 Μένανδρος
1272 2078 1374 2148 ἔφη
1397 2098 1411 2112 ·

400 2170 495 2234 οἶος
534 2173 587 2226 δὲ
629 2171 715 2224 καὶ
754 2171 846 2232 τὴν
876 2168 991 2236 ὄψιν
1031 2165 1160 2221 εἶναι
1199 2167 1451 2236 φαίνεται

393 2262 496 2329 ἀφ’
535 2256 593 2313 οὗ
631 2261 851 2318 τοιοῦτος
891 2256 1124 2322 γέγονεν.
1168 2251 1262 2309 οἷον
1299 2254 1471 2322 θηρίον.

392 2349 450 2403 τὸ
491 2347 647 2414 μηδὲν
681 2347 876 2400 ἀδικεῖν
916 2344 1003 2398 καὶ
1047 2343 1238 2404 καλοὺς
1284 2345 1427 2410 ἡμᾶς
1465 2352 1633 2406 ποιεῖ,

93 2455 229 2513 quae
279 2437 480 2510 optime
529 2433 798 2489 Bentleius
846 2434 1234 2504 interpretatus
1274 2439 1370 2486 est.
1452 2431 1624 2498 Quam
1665 2448 1791 2493 vera
1832 2434 1903 2487 sit
1964 2434 2091 2490 baec

1 2550 7 2556 ·
93 2526 358 2583 sententia
390 2524 531 2577 vitae
567 2521 911 2594 quotidianae
946 2537 1079 2575 usus
1111 2536 1380 2592 quemque
1410 2519 1579 2575 docet.
1642 2521 1907 2593 Compone
1949 2540 2092 2578 nunc

95 2633 219 2673 cum
259 2614 344 2668 his
398 2611 608 2667 Stobaei
666 2611 994 2682 scripturam
1036 2625 1209 2681 neque
1255 2607 1582 2680 repugnabis
1622 2609 1667 2663 si
1704 2609 2029 2665 contendero
2066 2629 2095 2666 a

98 2703 383 2765 temerario
444 2705 748 2755 correctore
813 2700 1204 2767 φιλανθρώπους
1270 2713 1387 2751 esse
1444 2696 1846 2769 interpolatum.
1947 2698 2094 2755 Idem

97 2791 394 2848 Meinekius
439 2787 646 2843 viderat
685 2794 739 2842 et
779 2803 935 2842 nemo
977 2785 1131 2840 facile
1172 2784 1475 2850 dubitabit,
1518 2786 1650 2857 quin
1690 2787 1748 2841 τὸ
1797 2788 1954 2852 μηδὲν
1986 2790 2094 2844 ἄδι-

97 2886 203 2935 κεῖν
242 2878 329 2933 καὶ
369 2877 755 2947 Φιλανθρώπους
795 2882 933 2929 ποιεῖ
967 2873 1199 2930 absurde
1252 2873 1460 2929 (lictum
1502 2874 1592 2931 Sit.
1674 2874 1874 2931 Eodem
1927 2876 2095 2949 igitur

100 2966 256 3023 modo
289 2982 457 3039 quum
499 2962 787 3036 Euripides
827 2962 1079 3017 dixisset:

400 3051 616 3121 αἰσχρόν
652 3055 707 3118 γ’
742 3049 867 3107 ὅταν
904 3072 984 3113 τις
1033 3049 1243 3124 [αξίωμῖ
1284 3051 1417 3120 ἔχων
1451 3050 1623 3142 μέγα]

395 3144 611 3210 γλώσσῃ
646 3141 903 3207 ματαίους
944 3137 1243 3210 ἐξακοντίσῃ
1282 3139 1494 3206 λόγους.

100 3199 217 3308 post
255 3232 504 3288 lacunam
549 3246 692 3284 nunc
732 3228 933 3300 legitur
987 3227 1168 3282 Floril·
1205 3227 1439 3283 XXXVI.
1481 3231 1567 3283 12.
1623 3229 1838 3298 αἰσχρόν
1873 3235 1929 3295 γ’
1969 3228 2091 3285 ὅταν

101 3342 178 3383 τις
217 3321 301 3375 ἐπι
343 3319 557 3388 γλώσσῃ
592 3317 762 3387 φυειᾝς
847 3315 1110 3371 Similiter
1149 3322 1335 3370 natum
1376 3322 1458 3370 est
1496 3318 1570 3382 μη
1616 3323 1764 3373 τοῦτο
1802 3319 2009 3387 βλέψῃς
2050 3321 2092 3373 εἶ
2148 3308 2151 3314 “

101 3411 330 3475 νεώτερος
372 3408 510 3471 λέγω
553 3408 661 3460 κτὲ.
708 3422 803 3477 pro
840 3406 915 3471 μὴ
956 3409 1104 3459 τοῦτο
1143 3404 1433 3473 μέμφησθ’,
1474 3404 1538 3459 (16
1579 3405 1773 3477 quibus
1813 3423 1975 3477 supra
2018 3406 2095 3461 di-

103 3498 299 3552 ximus.
382 3496 569 3566 ltaque
610 3494 687 3549 sic
723 3493 835 3549 fieri
872 3493 1069 3566 potuit,
1111 3499 1173 3548 ut
1211 3491 1398 3548 ἔνδοθεν
1432 3510 1463 3548 a
1500 3493 1794 3548 Menandro
1830 3494 2098 3565 scriptum·

104 3586 173 3639 sit
210 3592 261 3639 et
305 3600 448 3637 nunc
481 3584 533 3637 in
570 3582 721 3638 libris
756 3581 1099 3654 interpolatis
1130 3579 1340 3646 εἵσωδή
1377 3581 1602 3653 legatur.
1685 3579 1912 3635 Omnino
1949 3580 2096 3637 locus

107 3674 204 3728 iste
249 3671 523 3726 Plutarchi
572 3670 712 3743 apud
767 3670 1054 3726 Stobaeum
1102 3655 1406 3726 miserrime
1443 3668 1765 3746 depravatus
1806 3674 1920 3724 est:
1963 3687 2099 3742 quae
