2436 4068
1318 244 1420 305 sle

384 403 437 455 in
482 401 738 456 Vossiano
779 398 923 454 nulla
961 404 1041 452 cst
1082 403 1133 451 et
1171 401 1254 450 sat
1283 395 1480 460 multa,
1517 396 1562 450 si
1603 397 1879 452 oculorum
1921 400 2090 455 aciem
2130 402 2366 457 intende-

382 489 483 552 riS,
524 495 782 559 apparent
818 503 954 557 quae
989 484 1066 537 illi
1100 482 1414 538 festinantes
1448 484 1696 538 omittere
1735 484 2041 541 maluerunt
2080 505 2241 559 quam
2275 489 2369 543 diu

383 592 659 646 quaerere.
739 574 883 629 Dabo
935 571 1256 643 exemplum.
1336 571 1461 642 Pag.
1507 574 1632 626 214.
1674 571 1728 626 C.
1770 571 1994 643 legitur:
2035 575 2370 647 Ἀλέξανδρον

383 664 434 726 δὲ
483 662 569 726 καὶ
620 660 755 726 ἥκειν
802 657 1021 731 ε’κέλευεζ
1053 662 1176 726 παρ’
1210 658 1390 712 ἑαυτὸν
1441 658 1483 731 (ὅ
1526 658 1828 732 Διογένης),
1878 660 1920 714 εἰ
1961 658 2087 715 οὕτω
2133 663 2156 716 o‘
2204 664 2367 729 Δίων,

383 751 500 805 sine
536 766 714 803 sensu.
774 747 948 803 Codex
986 746 1035 800 εἴ
1064 768 1134 815 τῳ
1169 746 1316 808 πιςὸς
1350 747 1372 799 o‘
1409 746 1570 809 Δίων,
1614 753 1667 801 et
1699 754 1819 819 post
1856 762 2052 819 pauca:
2092 747 2130 803 ἃ
2163 751 2214 804 δὲ
2247 754 2368 819 πρὸς

384 837 716 904 Ἀλέξανδρον
755 835 1030 904 γέγραφεν
1066 836 1120 888 οὐ
1153 834 1430 900 βασιλικαὶ
1470 833 1796 902 παραινέσεις
1833 835 1982 897 εἷσίν;
2023 853 2089 891 ne
2123 839 2244 908 quis
2277 856 2370 910 pu-

384 931 460 980 tet
513 923 765 993 Diogenis
805 921 872 977 ad
911 920 1274 976 Alexandrum
1325 921 1576 993 epistolas
1623 921 1830 977 Iuliano
1878 922 2044 978 lectas
2093 925 2374 981 sciendum

382 1018 465 1075 est
505 1012 561 1066 in
601 1009 793 1074 Codice
832 1009 953 1076 πρὸς
993 1010 1284 1077 αρχίδαμον
1324 1010 1589 1081 scriptum
1629 1026 1744 1065 esse
1784 1010 1876 1065 sed
1915 1008 2157 1066 obscuris
2197 1019 2251 1068 et
2292 1014 2371 1069 su-

382 1098 656 1170 gientibus
693 1097 921 1162 litteris,
961 1097 1310 1168 quamobrem
1350 1096 1660 1151 maluerunt
1705 1113 1903 1169 ponere
1937 1114 2131 1153 nomen
2169 1101 2371 1171 quodli-

381 1188 473 1242 bet
509 1203 672 1258 quam
706 1185 801 1240 diu
834 1190 887 1239 et
921 1184 1154 1238 multum
1185 1183 1316 1255 quid
1356 1191 1497 1245 essct
1525 1185 1791 1256 scriptum
1832 1185 2061 1255 rimari
2100 1187 2180 1241 Ad
2216 1188 2374 1244 Iulia-

324 1294 328 1296 ·
383 1291 515 1340 num
554 1272 849 1346 aliquando,
875 1271 1084 1336 redib0,
1125 1288 1271 1326 nunc
1305 1271 1371 1326 ad
1408 1272 1650 1328 Comicos
1689 1271 1993 1328 revertendi
2027 1279 2242 1346 tempus
2275 1283 2372 1331 est.

458 1351 678 1417 Faciam
722 1375 919 1422 novum
971 1359 1190 1421 initium
1244 1358 1310 1413 ab
1358 1359 1592 1432 Ephippi
1638 1358 1941 1432 fragmento
1990 1360 2131 1432 apud
2179 1362 2371 1419 Athen.

386 1454 513 1513 559.
556 1451 646 1515 Β.,
686 1450 742 1503 in
781 1464 888 1520 quo
926 1463 1110 1502 veram
1158 1447 1487 1519 scripturam
1539 1446 1675 1502 mihi
1727 1447 1955 1520 contigit
1998 1450 2250 1520 reperire.
2311 1451 2372 1506 In

382 1537 572 1605 Codice
610 1537 836 1615 legitur:

1586 1624 1880 1691 ἐγχελύδια

686 1712 923 1778 ,Θήβηθεν
963 1711 1109 1766 ἐνίοτ’
1149 1709 1389 1779 ἔρχεται,
1432 1711 1492 1765 ἐκ
1527 1710 1718 1767 τούτων
1749 1711 1923 1780 λαβέ.

683 1798 1037 1868 ἀλεκτρυόνιον
1045 1840 1062 1864 ,
1101 1799 1326 1868 φάττιον
1336 1841 1352 1864 ,
1391 1798 1639 1866 περδίκιον
1650 1841 1665 1864 ,

684 1891 934 1955 τοιαῦτα.
977 1887 1236 1949 δασύπους
1276 1886 1366 1942 εὀἒν
1405 1908 1484 1947 τις
1524 1887 1713 1957 ἐπέλθῃ
1751 1887 1896 1957 φέρε.

379 1977 437 2043 in
479 1973 715 2032 secundo
762 1991 925 2031 versu
975 1992 1166 2038 verum
1203 1974 1342 2030 vidit
1380 1973 1690 2040 Jacobsius,
1729 1976 1824 2051 qui
1858 1977 1916 2031 ἐκ
1957 1975 2168 2030 delevit.
2247 1978 2371 2033 Mei-

376 2064 571 2123 nekius
617 2062 803 2132 ἔρχεθ’,
842 2060 893 2118 ἓν
941 2063 1133 2120 τούτων
1178 2062 1321 2129 λαβέ
1362 2062 1666 2118 rescribens
1713 2062 1944 2135 lepidam
1985 2063 2086 2119 loci
2121 2066 2371 2133 εἰρωνείαν

377 2139 701 2215 obscuravit.
783 2152 844 2206 In
895 2150 999 2206 fine
1038 2151 1226 2205 critici
1268 2149 1333 2206 ἂν
1373 2149 1676 2220 ἐπέλθῃ-τις
1716 2150 1800 2206 vel
1838 2153 1896 2217 ἥν
1936 2173 2014 2213 τις
2055 2153 2253 2225 amoq
2293 2154 2369 2218 in-

377 2238 607 2294 feliciter
646 2237 935 2302 admodum
976 2244 1267 2310 reponunt:
1309 2255 1484 2310 neque
1522 2238 1814 2307 ε’,πέρχομαι
1854 2256 2030 2312 neque
2066 2242 2368 2310 εἰσέρχομαι

375 2328 434 2386 in
483 2344 546 2382 ea
596 2343 655 2380 re
708 2324 870 2385 habet
914 2325 1109 2380 locum.
1189 2326 1508 2398 Requiritur
1558 2326 1812 2398 simplex,
1860 2329 2160 2399 requiritur
2200 2329 2368 2401 perse·

377 2422 556 2470 ctum:
599 2430 723 2469 ecce
755 2414 976 2470 emicat:
1022 2413 1282 2474 δασύπους
1313 2412 1378 2467 ἄν
1411 2435 1489 2475 τις
1523 2414 1768 2484 ἕληλύθῃ,
1807 2414 1950 2484 φέρε.
2030 2416 2206 2471 Verba
2243 2423 2371 2472 sunt

376 2503 495 2565 heri
529 2502 595 2568 ad
629 2500 904 2569 servulum
945 2502 1303 2570 ὀψωνήσοντα,
1344 2502 1525 2574 itaque
1566 2503 1734 2557 miror
1767 2502 1823 2565 in
1864 2503 2330 2575 praecedentibus:

1246 2590 1374 2645 ἀλλ’
1404 2589 1660 2659 ἀγόρασον
1697 2592 1952 2654 εὐτελῶς,

758 2677 910 2738 ἅπαν,
944 2678 1049 2745 γὰρ
1089 2677 1260 2733 ἱκανόν
1301 2679 1395 2735 ἔςι.
1436 2688 1493 2732 Β.
1534 2677 1704 2753 φράζε
1745 2678 1798 2734 δέ
1837 2699 1982 2740 ποτε.

380 2766 653 2832 neminem
687 2765 817 2821 dum
854 2766 1119 2837 reperisse
1151 2765 1347 2820 Poetae
1382 2782 1632 2829 manum,
1677 2783 1802 2821 nam
1837 2766 1967 2838 quid
2000 2773 2106 2832 est,
2146 2783 2371 2838 quaese,

380 2854 549 2922 φράζε
591 2856 650 2919 δή
692 2873 848 2918 ποτε,
889 2853 1030 2925 quod
1071 2853 1251 2914 nescio
1291 2854 1421 2925 quis
1463 2853 1654 2917 leviter
1705 2855 2017 2979 supposuit?
2062 2862 2125 2910 tu
2163 2854 2366 2912 scribet

381 2942 582 3009 φραζε,
629 2941 875 2996 δέσποτα.

458 3029 519 3082 In
558 3029 956 3113 Aristophontis
998 3028 1296 3101 fragmento
1334 2983 1527 3087 Athen.
1569 3032 1695 3089 559.
1735 3029 1797 3084 D.

762 3118 917 3178 κακὸς
955 3123 1122 3179 κακῶς
1163 3118 1343 3183 γένοιθ’
1382 3117 1405 3171 ὃ
1442 3117 1624 3185 γήμας
1665 3118 1923 3184 δεύτερος,

380 3205 574 3259 vitium
628 3205 767 3259 inest
819 3203 1166 3265 manifestum
1215 3211 1274 3259 et
1325 3221 1431 3259 una
1483 3211 1696 3260 tantum
1749 3211 1832 3260 est
1884 3203 2201 3260 emendandi
2259 3207 2384 3270 via:

382 3310 574 3365 nempe
613 3292 813 3354 Graece
848 3291 1164 3347 dicendum:

519 3369 523 3373 ’
763 3381 917 3440 κακὸς
960 3385 1127 3440 κακῶς
1169 3380 1399 3434 ἀπόλοιθ’
1436 3382 1459 3433 o‘
1496 3382 1677 3445 γήμας
1719 3380 1963 3448 δεύτερος.
2007 3406 2009 3408 ·

382 3468 520 3538 quod
563 3475 842 3539 supererat
886 3467 910 3490 *
937 3468 960 3489 *
1005 3475 1126 3519 ΟΙΘ
1169 3467 1461 3521 Graeculus
1500 3468 1678 3538 inepte
1719 3467 1963 3537 explevit.

454 3557 513 3609 In
555 3556 770 3610 Cratino
809 3555 1014 3608 iuniore
1060 3555 1274 3627 (sequar
1312 3556 1454 3609 enim
1491 3554 1815 3608 Meinekium
1857 3555 1911 3607 in
1949 3556 2006 3609 F.
2045 3555 2097 3611 C.
2135 3556 2196 3612 G.
2241 3556 2366 3611 edit-

377 3644 531 3712 inin.)
577 3643 717 3714 apud
764 3642 952 3698 Athen.
996 3646 1119 3697 661.
1163 3642 1223 3696 E.
1269 3643 1322 3695 in
1364 3641 1551 3718 Codice
1589 3657 1703 3696 esse
1744 3642 1964 3697 dicitur:
