2436 4068
1056 220 1161 271 205

419 364 615 417 τοιαῦτ’
657 361 924 427 Ἀτρεΐδαί
959 365 1019 428 μ’
1059 364 1089 428 ἦ
1126 365 1175 418 τ’
1212 361 1500 424 Ὀδυσσέως
1541 362 1675 428 βία,

0 435 6 487 ³
417 448 453 504 ὦ
493 455 627 510 παῖ,
669 449 961 516 δεδράκασ’.
1004 447 1074 513 οἷς
1115 450 1402 517 Ὀλύμπιοι
1442 450 1543 505 θεοί

1 508 6 563 ³
415 537 541 591 δοῑέν
581 541 697 591 ποτ’
734 538 910 598 αὐτοῖς
952 538 1201 593 ἀντίποιν’
1242 541 1366 605 ἐμοῦ
1407 539 1608 594 παθεῖν.

0 630 5 741 ι
111 624 201 681 cui
239 624 616 696 Neoptolemus
658 623 967 695 respondet:

415 714 517 778 ἐγὼ
557 713 610 766 δὲ
647 714 838 772 καύτὸς
877 712 1047 766 τοῖσδε
1086 711 1288 779 μάρτυς
1329 714 1379 767 ἐν
1418 713 1596 780 λόγοις

0 821 5 857 ι
410 802 475 860 ὥς
511 800 608 854 εἴσ’
648 801 858 861 ἀληθεῖς
897 795 1014 854 οἶδα
1054 803 1321 867 συντυχὼν
1361 806 1531 855 κακῶν

0 871 5 922 3
411 888 597 954 ἀνδρῶν
636 888 905 955 Ἀτρειδῶν
945 893 1038 950 τῆς
1076 890 1126 941 τ’
1167 888 1458 949 Ὀδυσσέως
1500 890 1661 955 βίας,

0 1010 5 1063 3
108 940 199 1030 nbi
261 973 551 1046 Sophoclea
610 974 836 1030 audacia
902 975 1169 1044 συντυχών
1241 976 1476 1046 positum
1544 993 1660 1032 esse
1730 976 1944 1034 videtur
2002 994 2099 1086 pro

106 1064 284 1129 ὅμοίως
323 1062 399 1117 σοὶ
433 1063 645 1131 τυχών,
686 1070 747 1118 ut
782 1079 972 1118 sensus
1012 1063 1083 1117 sit
1130 1063 1218 1117 καὶ
1264 1063 1375 1131 περὶ
1418 1064 1512 1128 ἐμὲ
1552 1066 1595 1118 οἱ
1631 1066 1892 1134 Ἀτρεῖδαι
1941 1066 2029 1122 καὶ
2070 1066 2095 1121 ὅ

40 1175 44 1201 ;
102 1150 384 1212 Ὀδυσσεὺς
426 1149 600 1219 ἄνδρες
636 1151 782 1206 κακοὶ
822 1151 1072 1217 ἐγένοντο.
1155 1150 1394 1223 Simplex
1441 1150 1694 1219 τυχόντες
1737 1154 1926 1209 vitiose
1961 1153 2093 1226 legi·
2159 1141 2163 1147 ¹

35 1228 54 1314 ξ
107 1245 199 1294 tur
241 1239 297 1292 in
338 1237 511 1310 Iphig.
550 1238 713 1294 Taur.
753 1241 880 1295 252.

36 1319 44 1390 J
406 1331 512 1387 πῶς
545 1327 588 1381 δ’
628 1325 784 1382 εἴδετ’
821 1327 1009 1388 αὐτοὺς
1048 1327 1136 1381 καὶ
1179 1325 1434 1394 τυχόντες
1484 1325 1683 1391 εἵλετες,

0 1392 6 1553 ι
37 1451 47 1478 ⁸
105 1430 292 1470 verum
335 1419 603 1469 monstrat
642 1430 832 1469 versus
869 1416 924 1469 in
963 1413 1165 1469 Helena
1204 1418 1367 1469 1217.

407 1502 599 1556 ναῦταί
636 1503 732 1570 σφ’
770 1504 972 1558 ἀνεῖλον
1013 1502 1320 1569 ἐντυχόντες
1341 1545 1356 1566 ,
1401 1506 1465 1564 ὥς
1504 1503 1672 1569 λέγει.

101 1607 207 1663 quo
245 1589 444 1645 indicio
484 1588 710 1661 legerim
749 1590 1102 1658 κάντυχόντες
1143 1588 1350 1654 εἵλετες
1394 1590 1487 1646 sed
1542 1593 1596 1645 in
1648 1589 1878 1646 Helenae
1933 1607 2094 1646 versu

23 1693 56 1734 -ι
98 1694 206 1734 non
245 1677 361 1733 leve
393 1677 652 1733 mendum
693 1685 938 1750 superest
995 1680 1050 1733 in
1104 1681 1323 1738 ἀνεῖλον.
1405 1679 1664 1734 Dicebant
1704 1695 1890 1734 omnes
1939 1679 1994 1733 in
2031 1694 2093 1734 ea

40 1754 55 1821 ’ἶ
101 1782 160 1822 re
198 1767 489 1829 ἀνείλοντο,
526 1764 670 1838 quod
709 1766 1052 1821 notissimum
1089 1772 1173 1820 est
1209 1767 1291 1822 vel
1331 1784 1396 1822 ex
1431 1766 1616 1822 decem
1652 1767 1971 1822 Praetorum
2011 1767 2091 1821 iu-

41 1869 51 1905 τ
98 1852 272 1919 dicio,
315 1855 410 1926 qui
448 1854 644 1926 capitis
679 1853 922 1909 damnati
963 1859 1119 1918 sunt,
1161 1853 1237 1910 ὅτι
1280 1859 1369 1911 οὐκ
1408 1856 1667 1910 ἀνείλοντο
1721 1855 1838 1916 τοὺς
1886 1855 2088 1922 ἀρίςους

99 1944 223 2011 ὑπὲρ
256 1950 351 2006 τῆς
386 1943 628 2010 πατρίδος
669 1942 973 2008 γενομένους
1032 1942 1175 2013 apud
1230 1942 1636 2014 Xenophontem
1698 1943 1752 1997 in
1808 1942 2009 1999 Hellen.
2047 1942 2088 1997 I.

0 2274 3 2303 l

40 2063 65 2084 .-
99 2048 188 2086 vn.
234 2036 322 2085 11.
366 2037 421 2085 et
467 2030 685 2102 passim.
769 2029 845 2084 Ne
880 2028 1069 2084 credas
1111 2030 1356 2102 Tragicis
1396 2030 1496 2085 alia
1538 2031 1748 2103 placere
1789 2047 1951 2102 quam
1999 2047 2087 2103 po-

100 2119 224 2192 pulo
261 2119 466 2192 inspice
504 2116 687 2173 Helen.
730 2134 807 2171 vs,
849 2121 1010 2171 1615.

400 2208 490 2271 ἤδη
531 2206 584 2260 δὲ
618 2203 857 2271 κάμνονθ’
897 2205 1077 2272 ὁρμιὰν
1117 2206 1291 2260 τείνων
1330 2205 1401 2270 μέ
1443 2227 1529 2267 τις

398 2294 655 2357 ἀνείλετ’,
699 2294 751 2353 ἐς
786 2294 839 2348 δὲ
875 2300 1043 2357 γαῖαν
1077 2292 1297 2359 ἐξέβησέ
1339 2313 1413 2348 σοι

43 2391 62 2463 J
398 2386 553 2436 ταῦτ’
593 2382 953 2446 ἀγγελοῦντα.

170 2471 232 2526 ln
279 2486 356 2525 vs,
402 2472 564 2524 1564.

395 2557 675 2612 ἐκάλεσεν·
716 2554 751 2611 ὦ
793 2556 1077 2624 πέρσαντες
1116 2557 1270 2612 Ἰλίου
1309 2556 1478 2612 πόλιν.

46 2678 65 2709 r
92 2663 197 2706 non
233 2652 407 2720 potest
438 2644 688 2700 ἐκάλεσεν
739 2644 903 2699 scribi
944 2661 1040 2717 pro
1089 2645 1330 2711 ἐβόησεν,
1379 2651 1439 2699 ut
1491 2646 1695 2716 opinor.
1749 2646 2085 2704 Coi-rexerim

44 2717 53 2733 ὁ
92 2736 395 2797 ἐκέλευσεν,
453 2727 761 2804 comparato
810 2748 884 2786 vs.
932 2735 1090 2787 1569.
1145 2735 1188 2788 οἱ
1235 2733 1278 2787 δ’
1332 2734 1404 2795 εἷς
1455 2732 1703 2801 κέλευσμ’
1757 2735 1988 2799 ἐλθόντες
2030 2743 2084 2793 et

15 2833 38 2904 3
87 2827 242 2883 -acoo
280 2830 336 2879 et
380 2824 539 2877 1606.

164 2911 313 2982 Quae
367 2907 539 2964 forma
599 2914 746 2963 recte
804 2925 880 2963 vs,
928 2910 1088 2963 1567.
1150 2908 1350 2980 legitur
1403 2910 1476 2971 εἷς
1533 2912 1730 2980 πρῷραν
1784 2911 2082 2978 ἐμβαλεῖτε

87 3006 148 3057 οἱ
187 3002 350 3055 1586.
390 2999 464 3058 εἰς
499 2998 698 3065 πρῷραν
738 2994 943 3065 εἶρπεν,
985 2997 1038 3051 in
1093 3013 1211 3052 eam
1252 2995 1490 3069 undique
1542 2997 1908 3070 expellendam
1949 3001 2080 3055 scri-

86 3086 190 3144 bae
240 3101 427 3142 omnes
467 3084 576 3141 fere
635 3086 1050 3158 conspirarunt,
1112 3084 1310 3156 quibus
1370 3084 1606 3141 solemne
1658 3093 1740 3142 est
1799 3088 1970 3156 πρώρα
2026 3094 2082 3142 et

28 3169 234 3250 τγιιιιιιί
286 3173 614 3230 Herodotum
672 3174 836 3241 πρώρη
891 3172 1158 3236 scribere,
1213 3172 1380 3227 veluti
1415 3173 1457 3230 Ι.
1506 3178 1632 3229 194.
1682 3176 1874 3244 πρώρην
1922 3175 2080 3231 σννά-

91 3282 301 3331 γοντες,
344 3261 485 3335 quod
522 3278 625 3315 non
662 3262 844 3316 minus
882 3267 964 3316 est
999 3261 1253 3316 vitiosum
1291 3278 1451 3333 quam
1488 3263 1609 3329 μίη,
1649 3263 1770 3329 μίην
1794 3303 1806 3327 ,
1852 3264 2078 3332 σφαίρῃ,

91 3352 237 3421 σείρη
280 3353 401 3406 sim.
482 3350 541 3404 ln
592 3348 788 3421 quibus
828 3348 1160 3422 paenultima
1212 3348 1607 3422 diphthongum
1656 3350 1848 3414 habet,
1906 3351 1959 3404 in
2011 3351 2077 3404 iis

90 3458 130 3495 a
167 3440 496 3512 corripitur,
538 3444 599 3493 ut
639 3438 693 3492 in
731 3442 968 3507 σφαῖρα,
1014 3445 1199 3507 πεῖρα,
1242 3445 1431 3506 μοῖρα,
1476 3437 1677 3507 ἄρουρα.
1759 3438 1904 3504 Αὔρα
1948 3436 2077 3492 olim

92 3526 354 3583 Aeolicam
394 3526 630 3583 litteram
667 3526 881 3582 videtur
921 3525 1186 3582 habuisse.
1250 3526 1429 3594 Quum
1468 3533 1676 3582 constet
1719 3527 1771 3580 in
1805 3533 2077 3581 ΠΡΩΙΡΑ

88 3612 212 3671 olim
265 3638 278 3670 ι
331 3613 494 3671 fuisse
557 3631 623 3670 ex
673 3615 911 3690 Etymol.
966 3615 1037 3673 M.
1098 3632 1150 3687 p.
1190 3618 1328 3680 692,
1371 3618 1460 3670 25.
1520 3614 1767 3684 sequitur
1828 3613 2076 3670 ultimam

1605 3702 1696 3737 lo*
