2436 4068
1042 168 1148 220 825

117 320 258 382 ἐνδύς
293 351 367 359 -
402 318 612 378 ἐνδυθείς
658 319 782 371 786.
1022 375 1026 378 ,

119 409 381 463 ἐνδύσαιτο
421 406 614 459 vitiosa
653 403 824 458 forma
866 404 990 456 789.

115 495 348 557 ἔνδυτον,
390 492 575 548 ἄδυτον
614 498 742 547 ceu.
783 488 1079 562 penultima
1121 487 1268 542 brevi
1313 489 1438 541 790.

116 583 280 638 ἐνέδυε
312 613 388 623 --
422 580 558 636 ἐνέδυ
601 582 727 633 786.

115 671 296 725 ἐνεῖναι
334 667 504 737 φόβον
536 699 613 708 —
644 666 852 719 ἐνθεῖναι
896 667 1023 718 491.

115 759 296 812 ἐνεῖναι
332 787 409 797 -
441 752 568 810 εἶναι
610 756 738 807 226.

116 847 167 900 ἐν
207 847 472 910 ἐμαυτοῦ,
510 845 561 897 ἐν
599 843 783 896 ἑαυτοῦ
815 871 891 880 -—
923 842 972 894 ἐν
1014 838 1222 906 ἐμαυτῷ
1244 880 1258 902 ,
1300 839 1349 891 ἐν
1390 839 1553 907 ἐαυτῷ
1595 844 1647 894 et
1687 838 1807 893 sim.
1851 842 1975 894 415.
2065 879 2070 886 .

114 933 316 1000 ἐνέμενε
348 964 424 974 -
457 930 676 998 ἐπέμενε
714 933 841 984 517.

114 1022 246 1082 ἐνεός
281 1053 358 1062 -
393 1019 528 1087 ὠμός
573 1023 696 1074 147.

114 1110 247 1171 ἐνεός
278 1129 358 1163 =
385 1110 557 1177 κωφὸς
597 1106 654 1172 ἐξ
691 1109 860 1176 ἀρχῆς
906 1110 1031 1160 147.

113 1198 539 1254 ἐνεπιδείκνυσθαι
573 1230 648 1237 -
680 1196 1050 1252 ἐπιδείκνυσθαι
1095 1197 1217 1247 775.

110 1286 387 1350 ἐνέπληντο
423 1319 497 1326 -
535 1285 883 1347 ἐνεπέπληντο
925 1285 1053 1336 226.

114 1374 299 1444 ἐνεργὰ
338 1371 467 1429 εἶναι
508 1372 770 1427 dicuntur
807 1369 1024 1425 metalla
1065 1385 1199 1441 quae
1240 1375 1543 1423 exercentur
1586 1370 1709 1423 770.

111 1464 163 1516 ἐν
202 1463 409 1533 Ἐφέσῳ
440 1492 517 1502 -
553 1462 603 1514 ἐν
643 1459 863 1528 ὑπαίθρῳ
910 1461 1032 1513 185.

110 1550 287 1619 ἐνέχεε
320 1583 396 1592 -
430 1549 598 1616 ἐνέχει
642 1551 768 1603 560.

112 1641 291 1704 ἐνῆγον
323 1670 399 1679 -—
431 1642 649 1702 συνῆγον
691 1639 817 1691 570.

111 1730 292 1793 ἐνῆγον
328 1758 404 1768 —-
434 1729 628 1791 ἐπῆγον
669 1728 796 1779 570.

111 1816 257 1878 ἐνῆκε
291 1846 367 1855 -
399 1813 596 1877 ἐνέθηκε
638 1816 766 1868 491.

109 1905 354 1968 ἐνήλλετο
388 1934 464 1943 -
494 1903 778 1965 συνήλλετο
821 1903 947 1954 514.

110 1994 318 2059 ἐνθυμεῖ
344 2023 421 2033 -
453 1989 651 2055 ἐνθύμει
698 1992 821 2043 119.

109 2081 289 2135 ἐνιέναι
329 2084 430 2147 πῦρ
466 2079 643 2151 {quem
677 2077 890 2132 iniicere
930 2078 1055 2129 226.

110 2171 161 2224 ἐν
200 2169 393 2237 ἱματίῳ
424 2186 500 2219 =
538 2165 746 2233 ἱμάτιον
784 2163 919 2233 ἔχων
960 2169 1014 2217 et
1054 2162 1176 2217 sim.
1219 2163 1344 2216 457.

108 2259 160 2311 ἐν
198 2259 351 2326 καιρῷ
392 2253 550 2320 εἶναι,
587 2253 866 2320 γίγνεσθαί
900 2271 996 2305 τινι
1040 2253 1166 2304 587.

107 2346 158 2399 ἐν
196 2346 349 2414 καιρῷ
386 2352 544 2400 ποιεῖν
566 2384 581 2407 ,
621 2341 703 2397 ἐπὶ
741 2344 912 2408 καιροῦ
955 2341 1080 2394 588.

108 2435 158 2488 ἐν
197 2433 305 2502 Κέῳ
343 2434 424 2494 τίς
458 2464 535 2473 -
569 2433 841 2496 ἐγκαιῶτις
889 2431 1011 2483 180.

106 2523 157 2576 ἐν
194 2522 423 2590 μισθωτῆ
463 2520 598 2590 οἰκίᾳ
637 2522 766 2575 616.

103 2608 267 2671 ἔννους
305 2610 559 2675 γίγνομαι
600 2613 651 2664 7.

105 2700 357 2762 ἐνοικῆσαι
393 2686 474 2738 -’
498 2697 698 2760 οἰκῆσαι
741 2701 794 2749 et
834 2694 955 2749 sim.
999 2696 1107 2747 476
1133 2733 1145 2755 ,
1192 2692 1316 2745 487.

107 2785 465 2853 ἐνοικισάμενοι
506 2817 580 2827 —
620 2781 1033 2847 συνοικησάμενοι
1077 2783 1203 2835 288.

105 2874 176 2930 ἕν’
215 2874 339 2930 ὄντα
377 2905 453 2915 -
490 2873 695 2928 ἐνδόντα
736 2874 862 2927 205.

107 2964 295 3032 ἔνορκον
328 2994 404 3003 -
434 2962 631 3029 εὔορκον
669 2963 798 3015 585.

108 3054 159 3107 ἐν
199 3052 348 3107 πόλει
384 3082 460 3092 -
496 3051 546 3104 ἐν
584 3056 650 3118 τῆ
691 3048 839 3103 πόλει
883 3049 1008 3100 487.

108 3141 159 3195 ἐν
197 3138 406 3209 ῥάβδῳ,
462 3139 511 3191 ἐν
548 3136 786 3206 ῥομφαία
828 3135 989 3189 ἐλθεῖν
1044 3132 1233 3188 vitiosa
1276 3149 1370 3205 pro
1409 3132 1594 3203 ῥάβδον
1634 3132 1769 3203 ἔχων
1812 3140 1912 3189 cet.
1956 3138 2081 3191 457.

109 3228 160 3281 ἐν
199 3232 254 3281 et
292 3225 384 3282 σύν
422 3223 643 3281 confusa
686 3226 811 3279 457.

110 3316 160 3370 ἐν
199 3313 340 3369 τέλει
378 3343 454 3353 -
493 3314 716 3375 ἐντελεῖς
759 3315 846 3366 57.

109 3400 283 3470 ἕντέξῃ
321 3398 607 3455 barbarum
648 3416 744 3474 pro
783 3395 970 3467 ἐνςάξῃ
1011 3400 1135 3453 525.

109 3492 160 3544 ἐν
197 3489 403 3557 τοιούτῳ
437 3520 512 3530 -
547 3488 779 3544 τοιούτων
821 3490 947 3543 556.

110 3580 159 3633 ἐν
198 3577 403 3644 τοιούτῳ
442 3573 568 3631 εἶναι
610 3574 675 3632 de
714 3576 862 3648 gravi
905 3573 1142 3647 periculo
1185 3575 1308 3628 414.
