2436 4068
1298 226 1404 277 496

363 393 486 437 nam
529 376 660 430 satis
700 378 910 428 constat
947 369 1089 437 ξυρόν
1129 369 1270 441 apud
1314 386 1499 424 omnes
1548 370 1777 427 Graecos
1815 374 2168 444 penultimam
2225 393 2340 447 per-

363 472 524 538 petuo
563 463 850 533 corripere.
931 457 1080 525 Quod
1132 464 1310 512 autem
1355 457 1597 513 dicebam
1654 476 1777 514 eum
1829 462 2053 517 eandem
2100 462 2344 517 observa·

364 546 986 620 tionemcompluribus
1045 545 1302 616 exemplis
1373 546 1606 612 iterare,
1666 565 1830 619 quum
1891 557 2093 604 certam
2163 567 2346 622 perpe·

366 648 625 709 tuamque
672 637 725 689 in
788 634 1037 689 omnibus
1089 634 1388 704 analogiam
1449 634 1819 690 demonstrare
1876 637 2182 703 debuisset,
2237 655 2346 692 uno

367 726 606 798 exemplo
647 723 926 794 defungar.
1006 722 1358 776 Athenienses
1399 741 1504 776 non
1547 730 1778 778 utuntur
1810 723 2011 780 futuris
2051 727 2107 779 in
2140 758 2214 766 —-
2250 726 2345 780 έσω

366 814 687 870 exeuntibus
720 818 1093 883 praeterquam
1132 812 1184 864 in
1209 810 1486 883 disyllabis
1519 810 1648 874 ξέσω
1672 819 1724 865 et
1755 813 1957 878 σβέσω,
1998 813 2345 879 κατασβέσω,

366 910 461 957 aut
513 904 557 956 si
610 900 817 974 ‚syllaba
866 898 1020 970 longa
1078 898 1349 970 praecedit
1399 899 1633 966 ἀρκέσω,
1693 901 1910 964 αἰνέσω,
1970 902 2240 968 αἰδέσομαι
2295 909 2349 956 et

365 990 698 1058 αχθέσομαι,
743 990 796 1042 in
840 987 1065 1041 caeteris
1125 985 1373 1040 omnibus
1412 986 1541 1040 elisa
1581 987 1829 1042 sibilante
1881 987 2081 1042 formas
2139 995 2348 1044 contra-

366 1078 503 1132 hunt
540 1083 684 1132 καλῶ
710 1117 722 1139 ,
762 1076 926 1138 τελῶ,
966 1077 1110 1138 ἀλῶ,
1165 1080 1356 1140 γαμῶ,
1395 1077 1524 1136 ὀλῶ,
1568 1081 1724 1142 κορῶ,
1764 1081 2066 1145 μαχοῦμαι.
2145 1077 2347 1132 Eadem

367 1167 576 1221 ratione
629 1164 878 1219 dicebant
930 1162 1116 1217 σφι-ώσω
1165 1169 1218 1216 et
1272 1161 1423 1216 πασω
1477 1169 1530 1216 et
1575 1163 1840 1229 βας-οέσω,
1898 1165 2202 1232 ἁρπάσομαι
2256 1165 2349 1220 scd

367 1257 464 1310 ε’λῶ
489 1297 502 1318 ,
542 1255 713 1320 βιβῶ,
751 1252 949 1320 κρεμῶ,
992 1256 1166 1316 πετῶ,
1205 1253 1478 1314 dumeta,
1520 1256 1673 1318 κερῶ,
1715 1252 1994 1317 διασκεδῶ,
2035 1253 2155 1308 alia.
2234 1253 2350 1307 Non

371 1342 872 1396 animadverterunt
926 1339 1145 1394 Veteres
1195 1339 1442 1408 magistri
1501 1337 1638 1392 hanc
1691 1339 1988 1411 analogiam
2031 1348 2084 1396 et
2141 1340 2352 1412 singula

370 1429 611 1501 exempla
669 1427 930 1483 afferunt:
987 1427 1106 1481 vide
1145 1426 1432 1481 Moeridem
1482 1443 1530 1479 v.
1589 1429 1801 1492 Ἀλεῖς,
1855 1431 2140 1496 Διαβιβῶ,
2180 1434 2353 1493 Ἐλῶ,

372 1519 548 1574 Καλῶ.
766 1519 769 1521 ’

448 1606 618 1673 Quam
669 1602 868 1657 faceret
907 1619 1098 1674 operae
1134 1603 1368 1675 pretium
1409 1604 1453 1656 si
1502 1603 1624 1674 quis
1664 1603 1950 1658 Moeridem
1995 1603 2061 1659 ad
2102 1622 2350 1660 severum

373 1694 600 1748 Critices
632 1691 871 1745 tribunal
905 1699 1151 1746 vocatum
1190 1693 1263 1744 ita
1299 1699 1515 1761 cogeret
1548 1690 1887 1761 singularum
1922 1692 2353 1748 observationum

373 1782 609 1836 rationes
642 1779 895 1844 reddere,
936 1787 996 1833 ut
1034 1796 1218 1833 omnes
1249 1779 1437 1850 optimi
1472 1779 1762 1849 scriptores
1796 1779 1891 1833 soli
1931 1782 2240 1836 testimonia
2275 1781 2358 1835 di-

376 1876 583 1932 cerent,
625 1869 888 1922 recusatis
922 1875 1016 1922 aut
1054 1869 1107 1921 in
1146 1867 1292 1921 aliud
1330 1874 1542 1938 tempus
1577 1869 1794 1922 reiectis
1817 1869 2154 1940 sequioribus
2189 1871 2358 1924 omni·

377 1959 476 2013 bus
512 1956 768 2020 testibuS‚
809 1957 903 2027 qui
943 1957 1148 2010 Atticos
1184 1956 1387 2009 imitari
1420 1962 1758 2026 sategerunt,
1799 1958 1855 2010 in
1892 1974 1996 2028 quo
2028 1974 2223 2028 genere
2257 1958 2358 2013 etsi

378 2046 515 2100 alius
546 2045 648 2099 alio
688 2043 899 2099 felicius
938 2051 1185 2098 versatus
1226 2049 1336 2109 est,
1376 2050 1555 2098 tamen
1596 2045 1687 2099 isti
1727 2062 1912 2100 omnes
1947 2046 2250 2117 aequalium
2306 2053 2360 2101 et
2433 2091 2436 2100 ἦ

379 2133 718 2205 popularium
762 2132 944 2187 sordes
996 2139 1049 2186 et
1098 2148 1309 2186 errores
1348 2149 1471 2185 cum
1520 2132 1698 2187 Attica
1740 2135 1979 2188 oratione
2027 2134 2362 2205 negligenter

378 2217 834 2292 permiscuerunt.
931 2220 1018 2274 Sic
1056 2220 1198 2273 enim
1242 2220 1295 2272 in
1348 2237 1559 2291 quaque
1602 2222 1946 2276 annotatione
1986 2224 2221 2294 primum
2273 2222 2362 2278 de·
2430 2217 2436 2281 Ξ

382 2308 526 2367 finiri
569 2310 762 2380 poterit
812 2325 1007 2363 verane
1046 2325 1114 2362 an
1155 2306 1286 2361 falsa
1327 2309 1427 2372 sit,
1483 2316 1699 2388 certane
1735 2316 1788 2363 et
1838 2310 1988 2364 utilis
2026 2327 2094 2364 an
2136 2310 2267 2365 levis
2307 2316 2361 2364 et
2428 2317 2436 2366 ἒ

380 2395 582 2460 sutilis,
625 2398 764 2451 sitne
797 2395 1047 2467 loquendi
1088 2412 1218 2449 usus
1253 2395 1461 2450 stabilis
1502 2403 1555 2450 et
1595 2404 1886 2468 perpetuus
1926 2415 1992 2452 an
2034 2397 2190 2469 lapsu
2227 2405 2362 2453 tem-

381 2485 526 2557 poris
566 2491 809 2539 mutatus
850 2491 1197 2555 novatusque.
1279 2483 1664 2539 Describentur
1702 2495 1880 2540 certae
1921 2485 2181 2557 quaedam
2222 2492 2363 2541 aeta·
2423 2495 2426 2497 ’

385 2581 463 2628 tes
497 2580 549 2628 et
588 2574 720 2627 certi
760 2572 988 2644 denique
1023 2572 1154 2626 fines
1195 2573 1627 2637 constituentur,
1669 2573 1865 2644 quibus
1898 2573 2142 2628 vocabuli
2184 2575 2362 2628 cuius·
2418 2638 2427 2646 Ἰ

383 2679 486 2734 que
546 2662 716 2716 forma
781 2667 835 2715 et
894 2661 1218 2731 significatio
1273 2667 1326 2714 et
1386 2677 1518 2714 usus
1576 2663 1973 2716 contineantur.
2073 2661 2365 2734 Apparebit
2419 2646 2436 2720 ἶῗ

384 2748 837 2821 quemadmodum
887 2750 1085 2803 sensim
1127 2747 1379 2820 loquendi
1420 2750 1559 2802 ratio
1600 2750 1873 2821 antiquior
1912 2757 1966 2804 et
2005 2751 2267 2805 sincerior
2306 2751 2362 2804 in
2416 2726 2436 2805 ’3

386 2838 829 2909 negligentiorem
870 2844 919 2892 et
960 2836 1349 2891 mendosiorem
1395 2837 1705 2907 sequiorum
1747 2840 2007 2902 συνήθειαν
2050 2838 2270 2903 abierit,
2311 2844 2365 2893 et
2415 2798 2436 2875 Ῐ

382 2925 566 2980 eadem
600 2942 759 2997 opera
792 2932 1173 2996 cognoscetur,
1212 2925 1304 2996 qui
1339 2923 1541 2978 factum
1575 2926 1645 2980 sit
1680 2933 1739 2979 ut
1773 2926 2026 2980 Veterum
2055 2926 2360 2980 litterarum
2411 2918 2436 3001 ’ἐξ

383 3020 731 3067 monumenta
771 3013 1028 3084 paulatim
1073 3011 1269 3066 infecta
1312 3013 1383 3066 sit
1430 3013 1638 3066 mendis
1677 3013 2057 3085 erroribusque
2095 3031 2123 3067 e
2161 3013 2370 3068 novitia*
2410 2994 2436 3142 ξ

387 3101 709 3156 Graecorum
751 3101 937 3171 lingua
982 3103 1262 3172 susceptis,
1342 3101 1404 3154 In
1447 3118 1562 3155 eam
1626 3118 1738 3155 rem
1794 3101 2130 3173 praeclarum
2172 3107 2254 3154 est
2308 3101 2369 3154 in·
2412 3147 2435 3181 3

384 3189 633 3242 Moeridis
668 3191 938 3257 Ἀττικιςῇ
979 3188 1303 3260 praesidium
1347 3196 1400 3242 et
1442 3188 1844 3252 adiumentum,
1887 3189 1976 3242 ubi
2016 3189 2364 3260 incorruptus
2412 3184 2427 3238 ‘³3

388 3278 644 3332 Veterum
685 3293 860 3330 sermo
907 3294 1029 3330 cum
1072 3277 1263 3329 vitiosa
1303 3276 1686 3331 Graeculorum
1724 3277 1957 3346 συνηθείᾳ
1999 3277 2359 3348 componitur.
2416 3290 2426 3353 ,⁷

389 3364 773 3429 Ἀπηλοέθη,
814 3365 1019 3435 inquit,
1070 3367 1352 3428 Ἀττικῶς,
1407 3364 1775 3426 ἀπηλασθη
1824 3369 2153 3425 Ἑλληνικῶς.
2234 3363 2364 3430 Quis
2416 3366 2423 3402 '=

388 3452 657 3506 nesciebat
703 3455 970 3518 ἐλήλαμαι
1021 3451 1303 3515 θῑλήλαθην
1346 3453 1524 3506 Attica
1572 3469 1716 3516 esse,
1770 3452 1930 3523 idque
1975 3459 2028 3506 et
2068 3452 2274 3505 ratione
2310 3455 2365 3503 et
2416 3439 2417 3442 ¹

389 3539 631 3611 analogia
672 3547 725 3594 et
766 3557 867 3594 usu
904 3539 1249 3594 confirmari?
1334 3538 1434 3593 Sed
1475 3539 1721 3594 Graeculi
1761 3539 2068 3602 ἀπηλάσθην
2111 3537 2359 3592 dicebant

389 3628 630 3687 fallacem
675 3629 971 3700 analogiam
1016 3628 1226 3683 indocte
1269 3629 1440 3682 secuti
1486 3628 1538 3681 in
1582 3627 1873 3691 ἑπλασθην,
1914 3628 2158 3696 ἠράσθην,
2200 3623 2360 3683 ἐσπα-
