<?xml version="1.0" encoding="UTF-8"?>
<!DOCTYPE html PUBLIC "-//W3C//DTD XHTML 1.0 Transitional//EN"
    "http://www.w3.org/TR/xhtml1/DTD/xhtml1-transitional.dtd">
<html xmlns="http://www.w3.org/1999/xhtml" xml:lang="en" lang="en">
 <head>
  <title>
</title>
<meta http-equiv="Content-Type" content="text/html;charset=utf-8" />
  <meta name='ocr-system' content='tesseract 3.04.00' />
  <meta name='ocr-capabilities' content='ocr_page ocr_carea ocr_par ocr_line ocrx_word'/>
</head>
<body>
  <div class='ocr_page' id='page_1' title='image "./novaelectionesqu00cobeuoft/novaelectionesqu00cobeuoft_0769.png"; bbox 0 0 2436 4068; ppageno 0'>
   <div class='ocr_carea' id='block_1_1' title="bbox 1006 203 1108 253">
    <p class='ocr_par' dir='ltr' id='par_1_1' title="bbox 1006 203 1108 253">
     <span class='ocr_line' id='line_1_1' title="bbox 1006 203 1108 253; baseline 0 -1"><span class='ocrx_word' id='word_1_1' title='bbox 1006 203 1108 253; x_wconf 78' lang='lat'><strong><em>755</em></strong></span> 
     </span>
    </p>
   </div>
   <div class='ocr_carea' id='block_1_2' title="bbox 81 345 2048 770">
    <p class='ocr_par' dir='ltr' id='par_1_2' title="bbox 83 345 2048 594">
     <span class='ocr_line' id='line_1_2' title="bbox 84 345 2048 417; baseline 0.002 -16"><span class='ocrx_word' id='word_1_2' title='bbox 84 349 245 404; x_wconf 86' lang='lat' dir='ltr'><strong>redde</strong></span> <span class='ocrx_word' id='word_1_3' title='bbox 286 349 574 405; x_wconf 88' lang='lat' dir='ltr'>articulum</span> <span class='ocrx_word' id='word_1_4' title='bbox 621 345 835 403; x_wconf 81' lang='lat' dir='ltr'>Nicolao</span> <span class='ocrx_word' id='word_1_5' title='bbox 871 346 1197 400; x_wconf 88' lang='lat' dir='ltr'>Damasceno</span> <span class='ocrx_word' id='word_1_6' title='bbox 1247 345 1387 417; x_wconf 86' lang='lat' dir='ltr'>apud</span> <span class='ocrx_word' id='word_1_7' title='bbox 1441 345 1585 400; x_wconf 85' lang='lat' dir='ltr'>Stob.</span> <span class='ocrx_word' id='word_1_8' title='bbox 1627 345 1767 400; x_wconf 85' lang='lat' dir='ltr'>Flor.</span> <span class='ocrx_word' id='word_1_9' title='bbox 1802 352 1904 411; x_wconf 84' lang='lat'><strong><em>44,</em></strong></span> <span class='ocrx_word' id='word_1_10' title='bbox 1947 355 2048 415; x_wconf 70' lang='lat'><strong><em>402</em></strong></span> 
     </span>
     <span class='ocr_line' id='line_1_3' title="bbox 84 433 2047 506; baseline 0 -13"><span class='ocrx_word' id='word_1_11' title='bbox 84 444 184 506; x_wconf 81' lang='grc' dir='ltr'><strong><em>πῦρ</em></strong></span> <span class='ocrx_word' id='word_1_12' title='bbox 233 440 336 493; x_wconf 78' lang='grc' dir='ltr'><strong><em>άπὸ</em></strong></span> <span class='ocrx_word' id='word_1_13' title='bbox 389 444 478 493; x_wconf 81' lang='grc' dir='ltr'><strong><em>τοῦ</em></strong></span> <span class='ocrx_word' id='word_1_14' title='bbox 523 439 687 504; x_wconf 80' lang='grc' dir='ltr'><strong><em>βωροῦ</em></strong></span> <span class='ocrx_word' id='word_1_15' title='bbox 726 468 802 476; x_wconf 91' lang='lat'><strong><em>—-</em></strong></span> <span class='ocrx_word' id='word_1_16' title='bbox 839 433 1184 499; x_wconf 72' lang='grc' dir='ltr'><em>ἐναυσάμενος</em></span> <span class='ocrx_word' id='word_1_17' title='bbox 1229 433 1295 506; x_wconf 82' lang='grc' dir='ltr'><strong><em>(ὁ)</em></strong></span> <span class='ocrx_word' id='word_1_18' title='bbox 1335 434 1585 504; x_wconf 80' lang='grc' dir='ltr'><strong><em>πυρφόρος</em></strong></span> <span class='ocrx_word' id='word_1_19' title='bbox 1618 435 1899 502; x_wconf 86' lang='grc' dir='ltr'><strong><em>λεγόμενος</em></strong></span> <span class='ocrx_word' id='word_1_20' title='bbox 1932 440 2047 493; x_wconf 82' lang='grc' dir='ltr'><strong><em>σύν-</em></strong></span> 
     </span>
     <span class='ocr_line' id='line_1_4' title="bbox 83 524 1171 594; baseline -0.006 -14"><span class='ocrx_word' id='word_1_21' title='bbox 83 548 161 584; x_wconf 76' lang='grc' dir='ltr'><strong><em>εςι</em></strong></span> <span class='ocrx_word' id='word_1_22' title='bbox 200 529 271 594; x_wconf 79' lang='grc' dir='ltr'><strong><em>τῷ</em></strong></span> <span class='ocrx_word' id='word_1_23' title='bbox 309 528 532 592; x_wconf 83' lang='grc' dir='ltr'><strong><em>βασιλεῖ</em></strong></span> <span class='ocrx_word' id='word_1_24' title='bbox 566 524 793 589; x_wconf 77' lang='grc' dir='ltr'><strong><em>άσβεςον</em></strong></span> <span class='ocrx_word' id='word_1_25' title='bbox 833 525 960 577; x_wconf 76' lang='grc' dir='ltr'><strong><em>αὐτὸ</em></strong></span> <span class='ocrx_word' id='word_1_26' title='bbox 998 528 1171 588; x_wconf 83' lang='grc' dir='ltr'><strong><em>τηρῶν.</em></strong></span> 
     </span>
    </p>

    <p class='ocr_par' dir='ltr' id='par_1_3' title="bbox 81 610 2048 770">
     <span class='ocr_line' id='line_1_5' title="bbox 176 610 2048 684; baseline 0.001 -16"><span class='ocrx_word' id='word_1_27' title='bbox 176 614 351 668; x_wconf 85' lang='lat' dir='ltr'><strong>Foeda</strong></span> <span class='ocrx_word' id='word_1_28' title='bbox 399 613 700 684; x_wconf 81' lang='lat' dir='ltr'>corruptela</span> <span class='ocrx_word' id='word_1_29' title='bbox 751 611 1080 681; x_wconf 75' lang='lat' dir='ltr'>conspicitur</span> <span class='ocrx_word' id='word_1_30' title='bbox 1130 611 1183 662; x_wconf 91' lang='lat' dir='ltr'><strong><em>in</em></strong></span> <span class='ocrx_word' id='word_1_31' title='bbox 1243 613 1272 680; x_wconf 81' lang='lat'>§</span> <span class='ocrx_word' id='word_1_32' title='bbox 1318 615 1371 664; x_wconf 90' lang='lat'><strong><em>4.</em></strong></span> <span class='ocrx_word' id='word_1_33' title='bbox 1427 610 1630 679; x_wconf 82' lang='grc' dir='ltr'><strong><em>πάρεισι</em></strong></span> <span class='ocrx_word' id='word_1_34' title='bbox 1686 613 1738 666; x_wconf 81' lang='grc' dir='ltr'><strong><em>δὲ</em></strong></span> <span class='ocrx_word' id='word_1_35' title='bbox 1796 614 1907 682; x_wconf 80' lang='grc' dir='ltr'><strong><em>περὶ</em></strong></span> <span class='ocrx_word' id='word_1_36' title='bbox 1957 616 2048 677; x_wconf 74' lang='grc' dir='ltr'><strong><em>την</em></strong></span> 
     </span>
     <span class='ocr_line' id='line_1_6' title="bbox 81 698 2048 770; baseline 0 -14"><span class='ocrx_word' id='word_1_37' title='bbox 81 704 257 757; x_wconf 80' lang='grc' dir='ltr'><strong><em>θυσίαν</em></strong></span> <span class='ocrx_word' id='word_1_38' title='bbox 286 702 641 769; x_wconf 72' lang='grc' dir='ltr'><strong><em>πολέμαρχοι,</em></strong></span> <span class='ocrx_word' id='word_1_39' title='bbox 670 701 929 767; x_wconf 83' lang='grc' dir='ltr'><strong><em>λοχαγοί,</em></strong></span> <span class='ocrx_word' id='word_1_40' title='bbox 969 706 1368 762; x_wconf 79' lang='grc' dir='ltr'><strong><em>πεντηκοςῆρες,</em></strong></span> <span class='ocrx_word' id='word_1_41' title='bbox 1408 698 1596 761; x_wconf 72' lang='grc' dir='ltr'><strong><em>ξένων</em></strong></span> <span class='ocrx_word' id='word_1_42' title='bbox 1637 721 1703 767; x_wconf 81' lang='grc' dir='ltr'><strong><em>ςρ</em></strong></span> <span class='ocrx_word' id='word_1_43' title='bbox 1718 701 1903 770; x_wconf 88' lang='grc' dir='ltr'><strong><em>ατίαρ</em></strong></span> <span class='ocrx_word' id='word_1_44' title='bbox 1912 723 2048 770; x_wconf 86' lang='grc' dir='ltr'><strong><em>χοι,</em></strong></span> 
     </span>
    </p>
   </div>
   <div class='ocr_carea' id='block_1_3' title="bbox 15 786 2048 858">
    <p class='ocr_par' dir='ltr' id='par_1_4' title="bbox 15 786 2048 858">
     <span class='ocr_line' id='line_1_7' title="bbox 15 786 2048 858; baseline -0 -14"><span class='ocrx_word' id='word_1_45' title='bbox 15 811 19 814; x_wconf 89' lang='grc'><em>·</em></span> <span class='ocrx_word' id='word_1_46' title='bbox 81 794 271 858; x_wconf 80' lang='grc' dir='ltr'><strong><em>ςρατοῦ</em></strong></span> <span class='ocrx_word' id='word_1_47' title='bbox 310 793 664 856; x_wconf 74' lang='grc' dir='ltr'><strong><em>σκευοφορικοῦ</em></strong></span> <span class='ocrx_word' id='word_1_48' title='bbox 715 787 962 854; x_wconf 79' lang='grc' dir='ltr'><strong><em>ἄρχοντες</em></strong></span> <span class='ocrx_word' id='word_1_49' title='bbox 1002 786 1088 840; x_wconf 80' lang='grc' dir='ltr'><strong><em>καὶ</em></strong></span> <span class='ocrx_word' id='word_1_50' title='bbox 1128 788 1225 839; x_wconf 71' lang='grc' dir='ltr'><strong><em>τῶν</em></strong></span> <span class='ocrx_word' id='word_1_51' title='bbox 1261 786 1365 839; x_wconf 85' lang='grc' dir='ltr'><strong><em>άπὸ</em></strong></span> <span class='ocrx_word' id='word_1_52' title='bbox 1404 793 1499 839; x_wconf 82' lang='grc' dir='ltr'><strong><em>τῶν</em></strong></span> <span class='ocrx_word' id='word_1_53' title='bbox 1540 788 1736 843; x_wconf 83' lang='grc' dir='ltr'><strong><em>πόλεων</em></strong></span> <span class='ocrx_word' id='word_1_54' title='bbox 1771 790 1823 843; x_wconf 82' lang='grc' dir='ltr'><strong><em>δὲ</em></strong></span> <span class='ocrx_word' id='word_1_55' title='bbox 1862 811 2048 858; x_wconf 83' lang='grc' dir='ltr'><strong><em>ςρατη-</em></strong></span> 
     </span>
    </p>
   </div>
   <div class='ocr_carea' id='block_1_4' title="bbox 0 1006 22 1057">
    <p class='ocr_par' dir='ltr' id='par_1_5' title="bbox 0 1006 22 1057">
     <span class='ocr_line' id='line_1_8' title="bbox 0 1006 22 1057; baseline 0 -7"><span class='ocrx_word' id='word_1_56' title='bbox 0 1006 2 1057; x_wconf 72' lang='grc' dir='ltr'>Ι</span> <span class='ocrx_word' id='word_1_57' title='bbox 15 1021 22 1050; x_wconf 73' lang='grc' dir='ltr'><strong><em>ι</em></strong></span> 
     </span>
    </p>
   </div>
   <div class='ocr_carea' id='block_1_5' title="bbox 76 874 2052 947">
    <p class='ocr_par' dir='ltr' id='par_1_6' title="bbox 76 874 2052 947">
     <span class='ocr_line' id='line_1_9' title="bbox 76 874 2052 947; baseline -0.001 -14"><span class='ocrx_word' id='word_1_58' title='bbox 76 884 184 944; x_wconf 79' lang='grc' dir='ltr'><strong><em>γῶν</em></strong></span> <span class='ocrx_word' id='word_1_59' title='bbox 226 880 248 932; x_wconf 83' lang='grc' dir='ltr'>ὅ</span> <span class='ocrx_word' id='word_1_60' title='bbox 286 879 628 944; x_wconf 84' lang='grc' dir='ltr'><strong><em>βουλόμενος,</em></strong></span> <span class='ocrx_word' id='word_1_61' title='bbox 682 875 809 947; x_wconf 89' lang='lat' dir='ltr'>quid</span> <span class='ocrx_word' id='word_1_62' title='bbox 859 876 1001 928; x_wconf 91' lang='lat' dir='ltr'>enim</span> <span class='ocrx_word' id='word_1_63' title='bbox 1055 874 1241 927; x_wconf 82' lang='lat' dir='ltr'>multis</span> <span class='ocrx_word' id='word_1_64' title='bbox 1300 874 1475 928; x_wconf 90' lang='lat' dir='ltr'>verbis</span> <span class='ocrx_word' id='word_1_65' title='bbox 1526 893 1659 946; x_wconf 91' lang='lat' dir='ltr'>opus</span> <span class='ocrx_word' id='word_1_66' title='bbox 1713 885 1792 931; x_wconf 88' lang='lat' dir='ltr'>est</span> <span class='ocrx_word' id='word_1_67' title='bbox 1847 878 1913 932; x_wconf 84' lang='lat' dir='ltr'><strong><em>ad</em></strong></span> <span class='ocrx_word' id='word_1_68' title='bbox 1962 878 2052 933; x_wconf 85' lang='lat' dir='ltr'>de·-</span> 
     </span>
    </p>
   </div>
   <div class='ocr_carea' id='block_1_6' title="bbox 14 960 2047 1035">
    <p class='ocr_par' dir='ltr' id='par_1_7' title="bbox 14 960 2047 1035">
     <span class='ocr_line' id='line_1_10' title="bbox 14 960 2047 1035; baseline -0.005 -16"><span class='ocrx_word' id='word_1_69' title='bbox 14 998 25 1019; x_wconf 66' lang='grc'><strong><em>.</em></strong></span> <span class='ocrx_word' id='word_1_70' title='bbox 78 967 487 1022; x_wconf 88' lang='lat' dir='ltr'>monstrandum</span> <span class='ocrx_word' id='word_1_71' title='bbox 527 965 677 1028; x_wconf 80' lang='grc' dir='ltr'><strong><em>ξένων</em></strong></span> <span class='ocrx_word' id='word_1_72' title='bbox 714 963 1017 1031; x_wconf 80' lang='grc' dir='ltr'><strong><em>ςρατιάρχοι</em></strong></span> <span class='ocrx_word' id='word_1_73' title='bbox 1061 960 1135 1014; x_wconf 93' lang='lat' dir='ltr'><strong><em>nil</em></strong></span> <span class='ocrx_word' id='word_1_74' title='bbox 1172 961 1277 1014; x_wconf 91' lang='lat' dir='ltr'>nisi</span> <span class='ocrx_word' id='word_1_75' title='bbox 1315 962 1612 1016; x_wconf 83' lang='lat' dir='ltr'>scribarum</span> <span class='ocrx_word' id='word_1_76' title='bbox 1662 963 1928 1035; x_wconf 85' lang='lat' dir='ltr'>flagitium</span> <span class='ocrx_word' id='word_1_77' title='bbox 1969 984 2047 1022; x_wconf 88' lang='lat' dir='ltr'><strong><em>es-</em></strong></span> 
     </span>
    </p>
   </div>
   <div class='ocr_carea' id='block_1_7' title="bbox 0 1047 2048 1213">
    <p class='ocr_par' dir='ltr' id='par_1_8' title="bbox 0 1047 2048 1213">
     <span class='ocr_line' id='line_1_11' title="bbox 0 1047 2048 1126; baseline -0.002 -17"><span class='ocrx_word' id='word_1_78' title='bbox 0 1077 19 1126; x_wconf 53' lang='grc' dir='ltr'><strong><em>ς·</em></strong></span> <span class='ocrx_word' id='word_1_79' title='bbox 79 1073 168 1110; x_wconf 89' lang='lat' dir='ltr'>se:</span> <span class='ocrx_word' id='word_1_80' title='bbox 206 1062 259 1109; x_wconf 90' lang='lat' dir='ltr'>et</span> <span class='ocrx_word' id='word_1_81' title='bbox 299 1072 386 1110; x_wconf 89' lang='lat' dir='ltr'><strong><em>res</em></strong></span> <span class='ocrx_word' id='word_1_82' title='bbox 425 1061 478 1109; x_wconf 91' lang='lat' dir='ltr'>et</span> <span class='ocrx_word' id='word_1_83' title='bbox 518 1069 710 1107; x_wconf 90' lang='lat' dir='ltr'>nomen</span> <span class='ocrx_word' id='word_1_84' title='bbox 762 1052 1075 1119; x_wconf 78' lang='grc' dir='ltr'><strong><em>ςρατίαρχος</em></strong></span> <span class='ocrx_word' id='word_1_85' title='bbox 1115 1047 1358 1102; x_wconf 82' lang='lat' dir='ltr'>fraudem</span> <span class='ocrx_word' id='word_1_86' title='bbox 1403 1050 1535 1102; x_wconf 84' lang='lat' dir='ltr'>satis</span> <span class='ocrx_word' id='word_1_87' title='bbox 1587 1059 1838 1120; x_wconf 81' lang='lat' dir='ltr'>arguunt.</span> <span class='ocrx_word' id='word_1_88' title='bbox 1917 1055 2048 1110; x_wconf 82' lang='lat' dir='ltr'>Mihi</span> 
     </span>
     <span class='ocr_line' id='line_1_12' title="bbox 22 1135 2047 1213; baseline 0 -15"><span class='ocrx_word' id='word_1_89' title='bbox 22 1135 25 1137; x_wconf 52' lang='grc'><strong>’</strong></span> <span class='ocrx_word' id='word_1_90' title='bbox 78 1143 214 1198; x_wconf 85' lang='lat' dir='ltr'>nihil</span> <span class='ocrx_word' id='word_1_91' title='bbox 253 1142 399 1197; x_wconf 89' lang='lat' dir='ltr'>aliud</span> <span class='ocrx_word' id='word_1_92' title='bbox 436 1143 490 1195; x_wconf 92' lang='lat' dir='ltr'><strong><em>in</em></strong></span> <span class='ocrx_word' id='word_1_93' title='bbox 529 1142 614 1196; x_wconf 89' lang='lat' dir='ltr'><strong><em>his</em></strong></span> <span class='ocrx_word' id='word_1_94' title='bbox 653 1140 817 1195; x_wconf 88' lang='lat' dir='ltr'>latere</span> <span class='ocrx_word' id='word_1_95' title='bbox 855 1138 1068 1193; x_wconf 89' lang='lat' dir='ltr'>videtur</span> <span class='ocrx_word' id='word_1_96' title='bbox 1100 1152 1262 1208; x_wconf 86' lang='lat' dir='ltr'>quam</span> <span class='ocrx_word' id='word_1_97' title='bbox 1293 1144 1866 1205; x_wconf 85' lang='grc' dir='ltr'>ΕΝΩΜΟΤΑΡΧΑΙ,</span> <span class='ocrx_word' id='word_1_98' title='bbox 1906 1143 2047 1213; x_wconf 88' lang='lat' dir='ltr'>quod</span> 
     </span>
    </p>
   </div>
   <div class='ocr_carea' id='block_1_8' title="bbox 77 1225 2049 1304">
    <p class='ocr_par' dir='ltr' id='par_1_9' title="bbox 77 1225 2049 1304">
     <span class='ocr_line' id='line_1_13' title="bbox 77 1225 2049 1304; baseline -0.001 -17"><span class='ocrx_word' id='word_1_99' title='bbox 77 1249 245 1304; x_wconf 88' lang='lat' dir='ltr'>quum</span> <span class='ocrx_word' id='word_1_100' title='bbox 284 1233 336 1285; x_wconf 92' lang='lat' dir='ltr'><strong><em>in</em></strong></span> <span class='ocrx_word' id='word_1_101' title='bbox 377 1231 512 1285; x_wconf 91' lang='lat' dir='ltr'>libro</span> <span class='ocrx_word' id='word_1_102' title='bbox 546 1235 757 1285; x_wconf 86' lang='lat' dir='ltr'>vetusto</span> <span class='ocrx_word' id='word_1_103' title='bbox 795 1244 902 1281; x_wconf 88' lang='lat' dir='ltr'><strong><em>non</em></strong></span> <span class='ocrx_word' id='word_1_104' title='bbox 938 1226 1069 1280; x_wconf 85' lang='lat' dir='ltr'>satis</span> <span class='ocrx_word' id='word_1_105' title='bbox 1107 1225 1387 1296; x_wconf 86' lang='lat' dir='ltr'>perspicue</span> <span class='ocrx_word' id='word_1_106' title='bbox 1424 1234 1704 1296; x_wconf 80' lang='lat' dir='ltr'>appareret</span> <span class='ocrx_word' id='word_1_107' title='bbox 1739 1227 1888 1291; x_wconf 81' lang='grc' dir='ltr'><em>ξένων</em></span> <span class='ocrx_word' id='word_1_108' title='bbox 1928 1252 2049 1298; x_wconf 80' lang='grc' dir='ltr'><strong><em>ςρα-</em></strong></span> 
     </span>
    </p>
   </div>
   <div class='ocr_carea' id='block_1_9' title="bbox 9 1314 2048 1389">
    <p class='ocr_par' dir='ltr' id='par_1_10' title="bbox 9 1314 2048 1389">
     <span class='ocr_line' id='line_1_14' title="bbox 9 1314 2048 1389; baseline -0.003 -13"><span class='ocrx_word' id='word_1_109' title='bbox 9 1372 13 1378; x_wconf 74' lang='grc'>,</span> <span class='ocrx_word' id='word_1_110' title='bbox 73 1322 279 1389; x_wconf 83' lang='grc' dir='ltr'><strong><em>τΙαρχοι</em></strong></span> <span class='ocrx_word' id='word_1_111' title='bbox 330 1321 443 1375; x_wconf 88' lang='lat' dir='ltr'>nati</span> <span class='ocrx_word' id='word_1_112' title='bbox 495 1325 639 1373; x_wconf 90' lang='lat' dir='ltr'>sunt.</span> <span class='ocrx_word' id='word_1_113' title='bbox 718 1315 920 1371; x_wconf 87' lang='lat' dir='ltr'>Deinde</span> <span class='ocrx_word' id='word_1_114' title='bbox 977 1314 1160 1382; x_wconf 80' lang='grc' dir='ltr'><strong><em>ςρατὸς</em></strong></span> <span class='ocrx_word' id='word_1_115' title='bbox 1214 1314 1568 1380; x_wconf 82' lang='grc' dir='ltr'><strong><em>σκευοφορικός</em></strong></span> <span class='ocrx_word' id='word_1_116' title='bbox 1621 1316 1884 1386; x_wconf 87' lang='lat' dir='ltr'>quomodo</span> <span class='ocrx_word' id='word_1_117' title='bbox 1940 1319 2048 1375; x_wconf 82' lang='lat' dir='ltr'>dici</span> 
     </span>
    </p>
   </div>
   <div class='ocr_carea' id='block_1_10' title="bbox 76 1402 2043 1481">
    <p class='ocr_par' dir='ltr' id='par_1_11' title="bbox 76 1402 2043 1481">
     <span class='ocr_line' id='line_1_15' title="bbox 76 1402 2043 1481; baseline -0.001 -17"><span class='ocrx_word' id='word_1_118' title='bbox 76 1410 245 1481; x_wconf 88' lang='lat' dir='ltr'>possit</span> <span class='ocrx_word' id='word_1_119' title='bbox 294 1426 395 1463; x_wconf 92' lang='lat' dir='ltr'><strong><em>non</em></strong></span> <span class='ocrx_word' id='word_1_120' title='bbox 457 1413 687 1478; x_wconf 85' lang='lat' dir='ltr'>exput0,</span> <span class='ocrx_word' id='word_1_121' title='bbox 738 1406 796 1459; x_wconf 86' lang='grc' dir='ltr'><strong><em>τὸ</em></strong></span> <span class='ocrx_word' id='word_1_122' title='bbox 851 1402 1204 1471; x_wconf 82' lang='grc' dir='ltr'><strong><em>σκευοφορικόν</em></strong></span> <span class='ocrx_word' id='word_1_123' title='bbox 1253 1402 1555 1457; x_wconf 82' lang='lat' dir='ltr'>rectissime</span> <span class='ocrx_word' id='word_1_124' title='bbox 1605 1402 1712 1457; x_wconf 88' lang='lat' dir='ltr'>dici</span> <span class='ocrx_word' id='word_1_125' title='bbox 1768 1406 2043 1478; x_wconf 83' lang='lat' dir='ltr'>intellige,</span> 
     </span>
    </p>
   </div>
   <div class='ocr_carea' id='block_1_11' title="bbox 13 1490 2047 1654">
    <p class='ocr_par' dir='ltr' id='par_1_12' title="bbox 8 1479 2047 1654">
     <span class='ocr_line' id='line_1_16' title="bbox 76 1490 2047 1569; baseline -0.002 -16.133"><span class='ocrx_word' id='word_1_126' title='bbox 76 1496 424 1569; x_wconf 86' lang='lat' dir='ltr'>quamobrem</span> <span class='ocrx_word' id='word_1_127' title='bbox 468 1496 559 1549; x_wconf 83' lang='lat' dir='ltr'><strong><em>sic</em></strong></span> <span class='ocrx_word' id='word_1_128' title='bbox 611 1493 786 1548; x_wconf 90' lang='lat' dir='ltr'>locum</span> <span class='ocrx_word' id='word_1_129' title='bbox 829 1491 1236 1547; x_wconf 88' lang='lat' dir='ltr'>constituerim:</span> <span class='ocrx_word' id='word_1_130' title='bbox 1277 1490 1480 1557; x_wconf 87' lang='grc' dir='ltr'><strong><em>πάρεισι</em></strong></span> <span class='ocrx_word' id='word_1_131' title='bbox 1532 1491 1585 1545; x_wconf 79' lang='grc' dir='ltr'><strong><em>δὲ</em></strong></span> <span class='ocrx_word' id='word_1_132' title='bbox 1623 1524 1699 1533; x_wconf 86' lang='lat'>—</span> <span class='ocrx_word' id='word_1_133' title='bbox 1737 1502 2047 1558; x_wconf 80' lang='grc' dir='ltr'><strong><em>πεντηκοςῆ-</em></strong></span> 
     </span>
     <span class='ocr_line' id='line_1_17' title="bbox 13 1578 1798 1654; baseline -0.003 -13"><span class='ocrx_word' id='word_1_134' title='bbox 13 1591 17 1593; x_wconf 37' lang='lat'>*</span> <span class='ocrx_word' id='word_1_135' title='bbox 75 1607 190 1654; x_wconf 86' lang='grc' dir='ltr'><strong><em>ρες,</em></strong></span> <span class='ocrx_word' id='word_1_136' title='bbox 229 1584 706 1652; x_wconf 85' lang='grc' dir='ltr'><strong><em>ἕνωμοτάρχαι,</em></strong></span> <span class='ocrx_word' id='word_1_137' title='bbox 750 1584 799 1636; x_wconf 85' lang='grc' dir='ltr'><strong><em>οἱ</em></strong></span> <span class='ocrx_word' id='word_1_138' title='bbox 841 1586 946 1635; x_wconf 83' lang='grc' dir='ltr'><strong><em>τοῦ</em></strong></span> <span class='ocrx_word' id='word_1_139' title='bbox 991 1583 1348 1647; x_wconf 80' lang='grc' dir='ltr'><strong><em>σκευοφορικοῦ</em></strong></span> <span class='ocrx_word' id='word_1_140' title='bbox 1397 1578 1646 1647; x_wconf 73' lang='grc' dir='ltr'><strong><em>ἄρχοντες</em></strong></span> <span class='ocrx_word' id='word_1_141' title='bbox 1691 1583 1798 1635; x_wconf 78' lang='grc' dir='ltr'><strong><em>κτὲ.</em></strong></span> 
     </span>
    </p>
   </div>
   <div class='ocr_carea' id='block_1_12' title="bbox 64 1667 2045 3597">
    <p class='ocr_par' dir='ltr' id='par_1_13' title="bbox 64 1667 2045 3597">
     <span class='ocr_line' id='line_1_18' title="bbox 151 1667 2045 1741; baseline 0.001 -14"><span class='ocrx_word' id='word_1_142' title='bbox 151 1674 321 1741; x_wconf 87' lang='lat' dir='ltr'>Quam</span> <span class='ocrx_word' id='word_1_143' title='bbox 358 1674 466 1726; x_wconf 88' lang='lat' dir='ltr'>sint</span> <span class='ocrx_word' id='word_1_144' title='bbox 506 1672 637 1726; x_wconf 88' lang='lat' dir='ltr'>haec</span> <span class='ocrx_word' id='word_1_145' title='bbox 678 1670 868 1725; x_wconf 89' lang='lat' dir='ltr'>mutila</span> <span class='ocrx_word' id='word_1_146' title='bbox 907 1676 961 1723; x_wconf 92' lang='lat' dir='ltr'>et</span> <span class='ocrx_word' id='word_1_147' title='bbox 1000 1668 1173 1723; x_wconf 88' lang='lat' dir='ltr'>lacera</span> <span class='ocrx_word' id='word_1_148' title='bbox 1213 1667 1438 1737; x_wconf 82' lang='lat' dir='ltr'>intelligi</span> <span class='ocrx_word' id='word_1_149' title='bbox 1486 1675 1658 1738; x_wconf 90' lang='lat' dir='ltr'>potest</span> <span class='ocrx_word' id='word_1_150' title='bbox 1698 1686 1762 1723; x_wconf 83' lang='lat' dir='ltr'>ex</span> <span class='ocrx_word' id='word_1_151' title='bbox 1803 1670 1946 1728; x_wconf 87' lang='lat' dir='ltr'><strong>XIII.</strong></span> <span class='ocrx_word' id='word_1_152' title='bbox 1993 1678 2045 1729; x_wconf 78' lang='lat'><strong><em>5.</em></strong></span> 
     </span>
     <span class='ocr_line' id='line_1_19' title="bbox 73 1755 2042 1829; baseline -0.002 -12"><span class='ocrx_word' id='word_1_153' title='bbox 73 1765 98 1817; x_wconf 82' lang='grc' dir='ltr'><em>ὂ</em></span> <span class='ocrx_word' id='word_1_154' title='bbox 147 1762 403 1829; x_wconf 84' lang='grc' dir='ltr'><strong><em>βασιλεὺς</em></strong></span> <span class='ocrx_word' id='word_1_155' title='bbox 455 1760 816 1828; x_wconf 69' lang='grc' dir='ltr'><strong><em>προσκαλέσας</em></strong></span> <span class='ocrx_word' id='word_1_156' title='bbox 872 1757 1076 1817; x_wconf 88' lang='grc' dir='ltr'><strong><em>πάντας</em></strong></span> <span class='ocrx_word' id='word_1_157' title='bbox 1117 1755 1487 1823; x_wconf 74' lang='grc' dir='ltr'><strong><em>παραγγέλλει</em></strong></span> <span class='ocrx_word' id='word_1_158' title='bbox 1539 1757 1610 1810; x_wconf 74' lang='grc' dir='ltr'><strong><em>τά</em></strong></span> <span class='ocrx_word' id='word_1_159' title='bbox 1660 1759 1891 1821; x_wconf 78' lang='grc' dir='ltr'><strong><em>ποιητέα.</em></strong></span> <span class='ocrx_word' id='word_1_160' title='bbox 1923 1757 2042 1820; x_wconf 58' lang='grc' dir='ltr'><strong><em>’ὤς-ε</em></strong></span> 
     </span>
     <span class='ocr_line' id='line_1_20' title="bbox 74 1843 2042 1919; baseline -0.001 -13"><span class='ocrx_word' id='word_1_161' title='bbox 74 1856 190 1919; x_wconf 78' lang='grc' dir='ltr'><strong><em>ὁρῶν</em></strong></span> <span class='ocrx_word' id='word_1_162' title='bbox 229 1855 406 1905; x_wconf 82' lang='grc' dir='ltr'><strong><em>ταῦτα</em></strong></span> <span class='ocrx_word' id='word_1_163' title='bbox 460 1850 678 1913; x_wconf 73' lang='grc' dir='ltr'><strong><em>ἡγήσαιο</em></strong></span> <span class='ocrx_word' id='word_1_164' title='bbox 719 1846 782 1901; x_wconf 76' lang='grc' dir='ltr'><strong><em>ἂν</em></strong></span> <span class='ocrx_word' id='word_1_165' title='bbox 820 1878 894 1887; x_wconf 87' lang='grc'><strong>-</strong></span> <span class='ocrx_word' id='word_1_166' title='bbox 931 1845 1365 1909; x_wconf 79' lang='grc' dir='ltr'><strong><em>Λακεδαιμονίους</em></strong></span> <span class='ocrx_word' id='word_1_167' title='bbox 1420 1844 1599 1909; x_wconf 80' lang='grc' dir='ltr'><strong><em>μόνους</em></strong></span> <span class='ocrx_word' id='word_1_168' title='bbox 1638 1843 1765 1901; x_wconf 79' lang='grc' dir='ltr'><strong><em>εἶναι</em></strong></span> <span class='ocrx_word' id='word_1_169' title='bbox 1818 1850 1888 1916; x_wconf 78' lang='grc' dir='ltr'><strong><em>τῷ</em></strong></span> <span class='ocrx_word' id='word_1_170' title='bbox 1940 1849 2042 1905; x_wconf 75' lang='grc' dir='ltr'><strong><em>ὄντι</em></strong></span> 
     </span>
     <span class='ocr_line' id='line_1_21' title="bbox 73 1933 2044 2009; baseline -0.001 -15"><span class='ocrx_word' id='word_1_171' title='bbox 73 1940 326 2009; x_wconf 80' lang='grc' dir='ltr'><strong><em>τεχνίτας</em></strong></span> <span class='ocrx_word' id='word_1_172' title='bbox 365 1943 463 1992; x_wconf 82' lang='grc' dir='ltr'><strong><em>τῶν</em></strong></span> <span class='ocrx_word' id='word_1_173' title='bbox 503 1942 809 2003; x_wconf 79' lang='grc' dir='ltr'><strong><em>πολεμικῶν.</em></strong></span> <span class='ocrx_word' id='word_1_174' title='bbox 889 1933 1028 2002; x_wconf 87' lang='lat' dir='ltr'>Quid</span> <span class='ocrx_word' id='word_1_175' title='bbox 1070 1941 1187 1997; x_wconf 85' lang='lat' dir='ltr'>est,</span> <span class='ocrx_word' id='word_1_176' title='bbox 1216 1949 1460 2003; x_wconf 80' lang='lat' dir='ltr'>quaeso,</span> <span class='ocrx_word' id='word_1_177' title='bbox 1503 1933 1643 2004; x_wconf 86' lang='lat' dir='ltr'>quod</span> <span class='ocrx_word' id='word_1_178' title='bbox 1699 1942 1901 1991; x_wconf 86' lang='lat' dir='ltr'>tantam</span> <span class='ocrx_word' id='word_1_179' title='bbox 1945 1938 2044 1993; x_wconf 87' lang='lat' dir='ltr'>Xe·</span> 
     </span>
     <span class='ocr_line' id='line_1_22' title="bbox 73 2019 2043 2099; baseline -0.001 -18"><span class='ocrx_word' id='word_1_180' title='bbox 73 2026 332 2099; x_wconf 89' lang='lat' dir='ltr'>nophonti</span> <span class='ocrx_word' id='word_1_181' title='bbox 372 2026 601 2079; x_wconf 85' lang='lat' dir='ltr'>moverit</span> <span class='ocrx_word' id='word_1_182' title='bbox 641 2021 1092 2078; x_wconf 72' lang='lat' dir='ltr'>admirationem?</span> <span class='ocrx_word' id='word_1_183' title='bbox 1174 2021 1288 2088; x_wconf 91' lang='lat' dir='ltr'>Quo</span> <span class='ocrx_word' id='word_1_184' title='bbox 1328 2019 1562 2075; x_wconf 79' lang='lat' dir='ltr'>refertur</span> <span class='ocrx_word' id='word_1_185' title='bbox 1604 2023 1719 2089; x_wconf 81' lang='grc' dir='ltr'><strong><em>ὁρῶν</em></strong></span> <span class='ocrx_word' id='word_1_186' title='bbox 1776 2025 2043 2080; x_wconf 70' lang='grc' dir='ltr'><strong><em>ταῦταῖ</em></strong></span> 
     </span>
     <span class='ocr_line' id='line_1_23' title="bbox 72 2108 2042 2187; baseline -0.001 -17"><span class='ocrx_word' id='word_1_187' title='bbox 72 2114 276 2187; x_wconf 85' lang='lat' dir='ltr'>Nempe</span> <span class='ocrx_word' id='word_1_188' title='bbox 307 2113 373 2168; x_wconf 89' lang='lat' dir='ltr'><strong><em>ad</em></strong></span> <span class='ocrx_word' id='word_1_189' title='bbox 407 2131 504 2178; x_wconf 89' lang='lat' dir='ltr'>ea,</span> <span class='ocrx_word' id='word_1_190' title='bbox 547 2129 682 2185; x_wconf 84' lang='lat' dir='ltr'>quae</span> <span class='ocrx_word' id='word_1_191' title='bbox 721 2111 847 2165; x_wconf 88' lang='lat' dir='ltr'>olim</span> <span class='ocrx_word' id='word_1_192' title='bbox 889 2109 1311 2170; x_wconf 85' lang='lat' dir='ltr'>interciderunt,</span> <span class='ocrx_word' id='word_1_193' title='bbox 1354 2109 1455 2162; x_wconf 91' lang='lat' dir='ltr'>nisi</span> <span class='ocrx_word' id='word_1_194' title='bbox 1496 2108 1631 2164; x_wconf 82' lang='lat' dir='ltr'>sorte</span> <span class='ocrx_word' id='word_1_195' title='bbox 1669 2119 1827 2182; x_wconf 83' lang='lat' dir='ltr'>putas</span> <span class='ocrx_word' id='word_1_196' title='bbox 1870 2114 2042 2168; x_wconf 87' lang='lat' dir='ltr'>Xeno·</span> 
     </span>
     <span class='ocr_line' id='line_1_24' title="bbox 72 2194 2042 2276; baseline 0 -19"><span class='ocrx_word' id='word_1_197' title='bbox 72 2202 323 2276; x_wconf 86' lang='lat' dir='ltr'>phontem</span> <span class='ocrx_word' id='word_1_198' title='bbox 381 2203 434 2255; x_wconf 92' lang='lat' dir='ltr'><strong><em>in</em></strong></span> <span class='ocrx_word' id='word_1_199' title='bbox 477 2201 886 2256; x_wconf 85' lang='lat' dir='ltr'>admirationem</span> <span class='ocrx_word' id='word_1_200' title='bbox 938 2205 1155 2269; x_wconf 86' lang='lat' dir='ltr'>raptum</span> <span class='ocrx_word' id='word_1_201' title='bbox 1206 2194 1336 2251; x_wconf 76' lang='grc' dir='ltr'><strong><em>ὅτιὸ</em></strong></span> <span class='ocrx_word' id='word_1_202' title='bbox 1377 2197 1631 2262; x_wconf 81' lang='grc' dir='ltr'><strong><em>βασιλεὺς</em></strong></span> <span class='ocrx_word' id='word_1_203' title='bbox 1680 2202 2042 2267; x_wconf 78' lang='grc' dir='ltr'><strong><em>προσκαλέσας</em></strong></span> 
     </span>
     <span class='ocr_line' id='line_1_25' title="bbox 68 2284 2039 2358; baseline -0.001 -12"><span class='ocrx_word' id='word_1_204' title='bbox 68 2291 278 2351; x_wconf 84' lang='grc' dir='ltr'><strong><em>πάντας</em></strong></span> <span class='ocrx_word' id='word_1_205' title='bbox 316 2290 686 2358; x_wconf 83' lang='grc' dir='ltr'><strong><em>παραγγέλλει</em></strong></span> <span class='ocrx_word' id='word_1_206' title='bbox 726 2289 797 2342; x_wconf 76' lang='grc' dir='ltr'><strong><em>τα</em></strong></span> <span class='ocrx_word' id='word_1_207' title='bbox 833 2286 1064 2348; x_wconf 76' lang='grc' dir='ltr'><strong><em>ποιητέα.</em></strong></span> <span class='ocrx_word' id='word_1_208' title='bbox 1146 2284 1296 2352; x_wconf 83' lang='lat' dir='ltr'>Quod</span> <span class='ocrx_word' id='word_1_209' title='bbox 1337 2300 1413 2338; x_wconf 84' lang='lat' dir='ltr'>ex·</span> <span class='ocrx_word' id='word_1_210' title='bbox 1440 2284 1593 2340; x_wconf 85' lang='lat' dir='ltr'>libris</span> <span class='ocrx_word' id='word_1_211' title='bbox 1638 2287 1913 2344; x_wconf 83' lang='lat' dir='ltr'>intercidit</span> <span class='ocrx_word' id='word_1_212' title='bbox 1954 2308 2039 2346; x_wconf 83' lang='lat' dir='ltr'><strong><em>sa-</em></strong></span> 
     </span>
     <span class='ocr_line' id='line_1_26' title="bbox 72 2372 2037 2449; baseline 0.001 -14"><span class='ocrx_word' id='word_1_213' title='bbox 72 2380 143 2435; x_wconf 82' lang='lat' dir='ltr'><strong><em>tis</em></strong></span> <span class='ocrx_word' id='word_1_214' title='bbox 181 2377 468 2434; x_wconf 83' lang='lat' dir='ltr'>commode</span> <span class='ocrx_word' id='word_1_215' title='bbox 499 2375 735 2449; x_wconf 89' lang='lat' dir='ltr'>suppleri</span> <span class='ocrx_word' id='word_1_216' title='bbox 785 2381 960 2447; x_wconf 88' lang='lat' dir='ltr'>potest</span> <span class='ocrx_word' id='word_1_217' title='bbox 1009 2390 1074 2428; x_wconf 89' lang='lat' dir='ltr'>ex</span> <span class='ocrx_word' id='word_1_218' title='bbox 1127 2372 1461 2446; x_wconf 79' lang='lat' dir='ltr'>Thucydidis</span> <span class='ocrx_word' id='word_1_219' title='bbox 1515 2384 1639 2429; x_wconf 88' lang='lat' dir='ltr'>noto</span> <span class='ocrx_word' id='word_1_220' title='bbox 1689 2375 1802 2430; x_wconf 90' lang='lat' dir='ltr'>loco</span> <span class='ocrx_word' id='word_1_221' title='bbox 1843 2377 1904 2432; x_wconf 93' lang='lat' dir='ltr'><strong><em>V.</em></strong></span> <span class='ocrx_word' id='word_1_222' title='bbox 1949 2384 2037 2436; x_wconf 84' lang='lat'><strong><em>66.</em></strong></span> 
     </span>
     <span class='ocr_line' id='line_1_27' title="bbox 69 2462 2035 2535; baseline -0.003 -12"><span class='ocrx_word' id='word_1_223' title='bbox 69 2466 214 2524; x_wconf 82' lang='lat' dir='ltr'>unde</span> <span class='ocrx_word' id='word_1_224' title='bbox 251 2466 424 2522; x_wconf 73' lang='lat' dir='ltr'>obiter</span> <span class='ocrx_word' id='word_1_225' title='bbox 460 2467 652 2520; x_wconf 73' lang='lat' dir='ltr'>vitium</span> <span class='ocrx_word' id='word_1_226' title='bbox 695 2464 896 2519; x_wconf 81' lang='lat' dir='ltr'>exime:</span> <span class='ocrx_word' id='word_1_227' title='bbox 938 2463 1024 2517; x_wconf 74' lang='grc' dir='ltr'><strong><em>καὶ</em></strong></span> <span class='ocrx_word' id='word_1_228' title='bbox 1066 2465 1121 2517; x_wconf 82' lang='grc' dir='ltr'><strong><em>αἱ</em></strong></span> <span class='ocrx_word' id='word_1_229' title='bbox 1162 2462 1596 2529; x_wconf 86' lang='grc' dir='ltr'><strong><em>παραγγέλσεις,</em></strong></span> <span class='ocrx_word' id='word_1_230' title='bbox 1638 2463 1849 2535; x_wconf 85' lang='lat' dir='ltr'>inquit,</span> <span class='ocrx_word' id='word_1_231' title='bbox 1890 2471 1946 2532; x_wconf 81' lang='grc' dir='ltr'><strong><em>ἥν</em></strong></span> <span class='ocrx_word' id='word_1_232' title='bbox 1985 2491 2035 2524; x_wconf 83' lang='grc' dir='ltr'><strong><em>τι</em></strong></span> 
     </span>
     <span class='ocr_line' id='line_1_28' title="bbox 65 2551 2036 2623; baseline -0.001 -11"><span class='ocrx_word' id='word_1_233' title='bbox 65 2558 359 2623; x_wconf 84' lang='grc' dir='ltr'><strong><em>βούλωνται</em></strong></span> <span class='ocrx_word' id='word_1_234' title='bbox 399 2554 541 2610; x_wconf 73' lang='grc' dir='ltr'><strong><em>κατὰ</em></strong></span> <span class='ocrx_word' id='word_1_235' title='bbox 579 2554 652 2608; x_wconf 76' lang='grc' dir='ltr'><strong><em>τοὶ</em></strong></span> <span class='ocrx_word' id='word_1_236' title='bbox 690 2552 831 2606; x_wconf 72' lang='grc' dir='ltr'><strong><em>αὐτοὶ</em></strong></span> <span class='ocrx_word' id='word_1_237' title='bbox 870 2555 1089 2619; x_wconf 81' lang='grc' dir='ltr'><strong><em>χωροῦσι</em></strong></span> <span class='ocrx_word' id='word_1_238' title='bbox 1145 2551 1230 2604; x_wconf 78' lang='grc' dir='ltr'><strong><em>καὶ</em></strong></span> <span class='ocrx_word' id='word_1_239' title='bbox 1280 2557 1498 2617; x_wconf 82' lang='grc' dir='ltr'><strong><em>ταχεῖαι</em></strong></span> <span class='ocrx_word' id='word_1_240' title='bbox 1549 2552 1873 2620; x_wconf 82' lang='grc' dir='ltr'><strong><em>ἐπέρχονται.</em></strong></span> <span class='ocrx_word' id='word_1_241' title='bbox 1951 2557 2036 2612; x_wconf 88' lang='lat' dir='ltr'><strong><em>In·</em></strong></span> 
     </span>
     <span class='ocr_line' id='line_1_29' title="bbox 69 2637 2035 2716; baseline 0 -16"><span class='ocrx_word' id='word_1_242' title='bbox 69 2644 335 2716; x_wconf 81' lang='lat' dir='ltr'>telligisne</span> <span class='ocrx_word' id='word_1_243' title='bbox 374 2642 503 2716; x_wconf 89' lang='lat' dir='ltr'>quid</span> <span class='ocrx_word' id='word_1_244' title='bbox 546 2643 613 2696; x_wconf 86' lang='lat' dir='ltr'><strong><em>sit</em></strong></span> <span class='ocrx_word' id='word_1_245' title='bbox 658 2641 711 2694; x_wconf 90' lang='lat' dir='ltr'><strong><em>in</em></strong></span> <span class='ocrx_word' id='word_1_246' title='bbox 753 2640 844 2695; x_wconf 89' lang='lat' dir='ltr'>tali</span> <span class='ocrx_word' id='word_1_247' title='bbox 900 2656 957 2694; x_wconf 89' lang='lat' dir='ltr'><strong><em>re</em></strong></span> <span class='ocrx_word' id='word_1_248' title='bbox 1002 2638 1239 2693; x_wconf 72' lang='grc' dir='ltr'><strong><em>ἕπιέναιῖ</em></strong></span> <span class='ocrx_word' id='word_1_249' title='bbox 1301 2637 1414 2691; x_wconf 93' lang='lat' dir='ltr'><strong><em>Non</em></strong></span> <span class='ocrx_word' id='word_1_250' title='bbox 1468 2640 1670 2710; x_wconf 87' lang='lat' dir='ltr'>opinor.</span> <span class='ocrx_word' id='word_1_251' title='bbox 1749 2642 2035 2715; x_wconf 85' lang='lat' dir='ltr'>Corrigen-</span> 
     </span>
     <span class='ocr_line' id='line_1_30' title="bbox 66 2727 2033 2800; baseline -0.001 -11"><span class='ocrx_word' id='word_1_252' title='bbox 66 2732 195 2789; x_wconf 88' lang='lat' dir='ltr'><strong><em>dnm</em></strong></span> <span class='ocrx_word' id='word_1_253' title='bbox 237 2739 317 2787; x_wconf 89' lang='lat' dir='ltr'>est</span> <span class='ocrx_word' id='word_1_254' title='bbox 356 2739 575 2800; x_wconf 82' lang='grc' dir='ltr'><strong><em>ταχεῖαι</em></strong></span> <span class='ocrx_word' id='word_1_255' title='bbox 616 2729 1128 2797; x_wconf 81' lang='grc' dir='ltr'><strong><em>περιέρχονται.</em></strong></span> <span class='ocrx_word' id='word_1_256' title='bbox 1212 2727 1335 2780; x_wconf 84' lang='lat' dir='ltr'>Post</span> <span class='ocrx_word' id='word_1_257' title='bbox 1388 2743 1555 2797; x_wconf 89' lang='lat' dir='ltr'>pauca</span> <span class='ocrx_word' id='word_1_258' title='bbox 1597 2729 1650 2782; x_wconf 90' lang='lat' dir='ltr'><strong><em>in</em></strong></span> <span class='ocrx_word' id='word_1_259' title='bbox 1694 2731 1722 2799; x_wconf 81' lang='lat'>§</span> <span class='ocrx_word' id='word_1_260' title='bbox 1759 2733 1812 2786; x_wconf 89' lang='lat'><strong><em>8.</em></strong></span> <span class='ocrx_word' id='word_1_261' title='bbox 1857 2733 2033 2789; x_wconf 86' lang='lat' dir='ltr'>simile</span> 
     </span>
     <span class='ocr_line' id='line_1_31' title="bbox 68 2814 2032 2893; baseline -0.001 -17"><span class='ocrx_word' id='word_1_262' title='bbox 68 2820 355 2877; x_wconf 82' lang='lat' dir='ltr'>verborum</span> <span class='ocrx_word' id='word_1_263' title='bbox 394 2827 447 2893; x_wconf 79' lang='lat' dir='ltr'>et</span> <span class='ocrx_word' id='word_1_264' title='bbox 487 2818 786 2873; x_wconf 88' lang='lat' dir='ltr'>sententiae</span> <span class='ocrx_word' id='word_1_265' title='bbox 822 2817 1048 2871; x_wconf 86' lang='lat' dir='ltr'>exitium</span> <span class='ocrx_word' id='word_1_266' title='bbox 1091 2822 1340 2887; x_wconf 86' lang='lat' dir='ltr'>apparet:</span> <span class='ocrx_word' id='word_1_267' title='bbox 1402 2814 1525 2869; x_wconf 79' lang='lat' dir='ltr'>»ubi</span> <span class='ocrx_word' id='word_1_268' title='bbox 1561 2816 1615 2869; x_wconf 81' lang='lat' dir='ltr'><strong><em>in</em></strong></span> <span class='ocrx_word' id='word_1_269' title='bbox 1656 2816 1878 2873; x_wconf 73' lang='lat' dir='ltr'>hostium</span> <span class='ocrx_word' id='word_1_270' title='bbox 1918 2839 2032 2875; x_wconf 80' lang='lat' dir='ltr'>con-</span> 
     </span>
     <span class='ocr_line' id='line_1_32' title="bbox 64 2903 2032 2983; baseline 0 -19"><span class='ocrx_word' id='word_1_271' title='bbox 64 2918 295 2983; x_wconf 74' lang='lat' dir='ltr'>spectum</span> <span class='ocrx_word' id='word_1_272' title='bbox 347 2915 554 2962; x_wconf 78' lang='lat' dir='ltr'>ventum</span> <span class='ocrx_word' id='word_1_273' title='bbox 620 2914 725 2970; x_wconf 75' lang='lat' dir='ltr'>est,</span> <span class='ocrx_word' id='word_1_274' title='bbox 779 2906 984 2977; x_wconf 90' lang='lat' dir='ltr'>inquit,</span> <span class='ocrx_word' id='word_1_275' title='bbox 1039 2906 1269 2973; x_wconf 76' lang='grc' dir='ltr'><strong><em>χίμαιρα</em></strong></span> <span class='ocrx_word' id='word_1_276' title='bbox 1320 2903 1684 2973; x_wconf 72' lang='grc' dir='ltr'><strong><em>σφαγιάζεται</em></strong></span> <span class='ocrx_word' id='word_1_277' title='bbox 1740 2909 1919 2962; x_wconf 78' lang='grc' dir='ltr'><strong><em>αὐλεῖν</em></strong></span> <span class='ocrx_word' id='word_1_278' title='bbox 1972 2932 2032 2964; x_wconf 89' lang='grc' dir='ltr'><strong><em>τε</em></strong></span> 
     </span>
     <span class='ocr_line' id='line_1_33' title="bbox 65 2992 2035 3063; baseline 0 -9"><span class='ocrx_word' id='word_1_279' title='bbox 65 2998 273 3059; x_wconf 85' lang='grc' dir='ltr'><strong><em>πάντας</em></strong></span> <span class='ocrx_word' id='word_1_280' title='bbox 313 2998 429 3057; x_wconf 85' lang='grc' dir='ltr'><strong><em>τοὺς</em></strong></span> <span class='ocrx_word' id='word_1_281' title='bbox 469 2995 727 3063; x_wconf 81' lang='grc' dir='ltr'><strong><em>παρόντας</em></strong></span> <span class='ocrx_word' id='word_1_282' title='bbox 776 2994 1012 3056; x_wconf 73' lang='grc' dir='ltr'><strong><em>αὐλητάς</em></strong></span> <span class='ocrx_word' id='word_1_283' title='bbox 1049 2993 1196 3056; x_wconf 81' lang='grc' dir='ltr'><strong><em>νόμος</em></strong></span> <span class='ocrx_word' id='word_1_284' title='bbox 1238 2992 1323 3046; x_wconf 77' lang='grc' dir='ltr'><strong><em>καὶ</em></strong></span> <span class='ocrx_word' id='word_1_285' title='bbox 1364 2992 1559 3059; x_wconf 77' lang='grc' dir='ltr'><strong><em>μηδένα</em></strong></span> <span class='ocrx_word' id='word_1_286' title='bbox 1617 2995 2035 3062; x_wconf 79' lang='grc' dir='ltr'><strong><em>Λακεδαιμονίων</em></strong></span> 
     </span>
     <span class='ocr_line' id='line_1_34' title="bbox 66 3080 2031 3156; baseline -0.001 -13"><span class='ocrx_word' id='word_1_287' title='bbox 66 3086 402 3156; x_wconf 71' lang='grc' dir='ltr'><strong><em>άςεφάνωτον</em></strong></span> <span class='ocrx_word' id='word_1_288' title='bbox 431 3082 586 3139; x_wconf 83' lang='grc' dir='ltr'><strong><em>εἶναι·</em></strong></span> <span class='ocrx_word' id='word_1_289' title='bbox 629 3084 716 3138; x_wconf 79' lang='grc' dir='ltr'><strong><em>καὶ</em></strong></span> <span class='ocrx_word' id='word_1_290' title='bbox 751 3081 892 3137; x_wconf 73' lang='grc' dir='ltr'><strong><em>ὅπλα</em></strong></span> <span class='ocrx_word' id='word_1_291' title='bbox 925 3083 976 3137; x_wconf 75' lang='grc' dir='ltr'><strong><em>δὲ</em></strong></span> <span class='ocrx_word' id='word_1_292' title='bbox 1009 3080 1397 3148; x_wconf 78' lang='grc' dir='ltr'><strong><em>λαμπρύνεσθαι</em></strong></span> <span class='ocrx_word' id='word_1_293' title='bbox 1429 3083 1848 3149; x_wconf 83' lang='grc' dir='ltr'><strong><em>προαγορεύεται.</em></strong></span> <span class='ocrx_word' id='word_1_294' title='bbox 1891 3086 2031 3142; x_wconf 82' lang='lat' dir='ltr'>Haec</span> 
     </span>
     <span class='ocr_line' id='line_1_35' title="bbox 67 3168 2031 3243; baseline 0 -13"><span class='ocrx_word' id='word_1_295' title='bbox 67 3176 247 3230; x_wconf 87' lang='lat' dir='ltr'>omnia</span> <span class='ocrx_word' id='word_1_296' title='bbox 306 3180 450 3229; x_wconf 87' lang='lat' dir='ltr'>recte</span> <span class='ocrx_word' id='word_1_297' title='bbox 504 3179 558 3227; x_wconf 90' lang='lat' dir='ltr'>et</span> <span class='ocrx_word' id='word_1_298' title='bbox 617 3171 802 3226; x_wconf 88' lang='lat' dir='ltr'>ordine</span> <span class='ocrx_word' id='word_1_299' title='bbox 860 3169 1191 3243; x_wconf 87' lang='lat' dir='ltr'>procedunt,</span> <span class='ocrx_word' id='word_1_300' title='bbox 1251 3168 1342 3223; x_wconf 84' lang='lat' dir='ltr'>sed</span> <span class='ocrx_word' id='word_1_301' title='bbox 1383 3169 1503 3223; x_wconf 89' lang='lat' dir='ltr'>vide</span> <span class='ocrx_word' id='word_1_302' title='bbox 1559 3169 1686 3240; x_wconf 88' lang='lat' dir='ltr'>quid</span> <span class='ocrx_word' id='word_1_303' title='bbox 1741 3180 2031 3243; x_wconf 86' lang='lat' dir='ltr'>sequatur:</span> 
     </span>
     <span class='ocr_line' id='line_1_36' title="bbox 68 3256 2030 3330; baseline -0.002 -12"><span class='ocrx_word' id='word_1_304' title='bbox 68 3260 202 3327; x_wconf 66' lang='grc' dir='ltr'><strong><em>ἕξεσι</em></strong></span> <span class='ocrx_word' id='word_1_305' title='bbox 241 3262 293 3317; x_wconf 70' lang='grc' dir='ltr'><strong><em>δὲ</em></strong></span> <span class='ocrx_word' id='word_1_306' title='bbox 332 3264 401 3330; x_wconf 74' lang='grc' dir='ltr'><strong><em>τῷ</em></strong></span> <span class='ocrx_word' id='word_1_307' title='bbox 454 3261 543 3330; x_wconf 84' lang='grc' dir='ltr'><strong><em>νέῳ</em></strong></span> <span class='ocrx_word' id='word_1_308' title='bbox 583 3261 669 3316; x_wconf 74' lang='grc' dir='ltr'><strong><em>καὶ</em></strong></span> <span class='ocrx_word' id='word_1_309' title='bbox 726 3259 996 3327; x_wconf 85' lang='grc' dir='ltr'><strong><em>κεκριμένῳ</em></strong></span> <span class='ocrx_word' id='word_1_310' title='bbox 1050 3260 1120 3320; x_wconf 81' lang='grc' dir='ltr'><strong><em>εἷς</em></strong></span> <span class='ocrx_word' id='word_1_311' title='bbox 1165 3256 1351 3326; x_wconf 86' lang='grc' dir='ltr'><strong><em>μάχην</em></strong></span> <span class='ocrx_word' id='word_1_312' title='bbox 1407 3257 1624 3312; x_wconf 85' lang='grc' dir='ltr'><strong><em>συνιέναι</em></strong></span> <span class='ocrx_word' id='word_1_313' title='bbox 1679 3258 1764 3312; x_wconf 84' lang='grc' dir='ltr'><strong><em>καὶ</em></strong></span> <span class='ocrx_word' id='word_1_314' title='bbox 1817 3264 2030 3330; x_wconf 82' lang='grc' dir='ltr'><strong><em>φαιδρὸν</em></strong></span> 
     </span>
     <span class='ocr_line' id='line_1_37' title="bbox 69 3345 2028 3416; baseline -0.004 -9"><span class='ocrx_word' id='word_1_315' title='bbox 69 3347 195 3408; x_wconf 68' lang='grc' dir='ltr'><strong><em>εἶναι</em></strong></span> <span class='ocrx_word' id='word_1_316' title='bbox 254 3349 340 3404; x_wconf 82' lang='grc' dir='ltr'><strong><em>κα)</em></strong></span> <span class='ocrx_word' id='word_1_317' title='bbox 399 3350 677 3415; x_wconf 74' lang='grc' dir='ltr'><strong><em>εὐδόκιμον.</em></strong></span> <span class='ocrx_word' id='word_1_318' title='bbox 770 3346 906 3416; x_wconf 87' lang='lat' dir='ltr'>Quid</span> <span class='ocrx_word' id='word_1_319' title='bbox 949 3346 1048 3401; x_wconf 87' lang='lat' dir='ltr'>sibi</span> <span class='ocrx_word' id='word_1_320' title='bbox 1106 3345 1215 3400; x_wconf 83' lang='lat' dir='ltr'>vult</span> <span class='ocrx_word' id='word_1_321' title='bbox 1258 3347 1280 3400; x_wconf 83' lang='grc' dir='ltr'>ὁ</span> <span class='ocrx_word' id='word_1_322' title='bbox 1322 3345 1423 3405; x_wconf 85' lang='grc' dir='ltr'><strong><em>νέος</em></strong></span> <span class='ocrx_word' id='word_1_323' title='bbox 1472 3346 1558 3399; x_wconf 78' lang='grc' dir='ltr'><strong><em>καὶ</em></strong></span> <span class='ocrx_word' id='word_1_324' title='bbox 1616 3347 1901 3413; x_wconf 83' lang='grc' dir='ltr'><strong><em>κεκριμένος</em></strong></span> <span class='ocrx_word' id='word_1_325' title='bbox 1957 3353 2028 3412; x_wconf 79' lang='grc' dir='ltr'><strong><em>εἷς</em></strong></span> 
     </span>
     <span class='ocr_line' id='line_1_38' title="bbox 67 3433 2030 3508; baseline -0.001 -14"><span class='ocrx_word' id='word_1_326' title='bbox 67 3438 254 3508; x_wconf 80' lang='grc' dir='ltr'><strong><em>μάχην</em></strong></span> <span class='ocrx_word' id='word_1_327' title='bbox 298 3437 557 3492; x_wconf 68' lang='grc' dir='ltr'><strong><em>συνιέναιῖ</em></strong></span> <span class='ocrx_word' id='word_1_328' title='bbox 638 3435 896 3492; x_wconf 87' lang='lat' dir='ltr'>Omnibus</span> <span class='ocrx_word' id='word_1_329' title='bbox 935 3435 1077 3489; x_wconf 90' lang='lat' dir='ltr'>enim</span> <span class='ocrx_word' id='word_1_330' title='bbox 1129 3433 1474 3506; x_wconf 81' lang='lat' dir='ltr'>pugnandum</span> <span class='ocrx_word' id='word_1_331' title='bbox 1532 3438 1626 3486; x_wconf 89' lang='lat' dir='ltr'>est.</span> <span class='ocrx_word' id='word_1_332' title='bbox 1707 3434 1845 3502; x_wconf 88' lang='lat' dir='ltr'>Quid</span> <span class='ocrx_word' id='word_1_333' title='bbox 1894 3436 2030 3501; x_wconf 77' lang='grc' dir='ltr'><strong><em>ἔξεςι</em></strong></span> 
     </span>
     <span class='ocr_line' id='line_1_39' title="bbox 65 3522 2024 3597; baseline -0.001 -13"><span class='ocrx_word' id='word_1_334' title='bbox 65 3529 275 3597; x_wconf 75' lang='grc' dir='ltr'><strong><em>Φαιδρὸν</em></strong></span> <span class='ocrx_word' id='word_1_335' title='bbox 315 3524 485 3580; x_wconf 69' lang='grc' dir='ltr'><strong><em>εἶναιῗ</em></strong></span> <span class='ocrx_word' id='word_1_336' title='bbox 528 3524 664 3581; x_wconf 86' lang='lat' dir='ltr'>Num</span> <span class='ocrx_word' id='word_1_337' title='bbox 705 3542 794 3581; x_wconf 83' lang='lat' dir='ltr'>eos</span> <span class='ocrx_word' id='word_1_338' title='bbox 825 3524 956 3580; x_wconf 87' lang='lat' dir='ltr'>alias</span> <span class='ocrx_word' id='word_1_339' title='bbox 989 3522 1363 3591; x_wconf 81' lang='grc' dir='ltr'><strong><em>σκυθρωπάζειν</em></strong></span> <span class='ocrx_word' id='word_1_340' title='bbox 1398 3528 1608 3576; x_wconf 86' lang='lat' dir='ltr'>coactos</span> <span class='ocrx_word' id='word_1_341' title='bbox 1651 3524 1844 3593; x_wconf 83' lang='lat' dir='ltr'>putas?</span> <span class='ocrx_word' id='word_1_342' title='bbox 1886 3525 2024 3594; x_wconf 88' lang='lat' dir='ltr'>Quid</span> 
     </span>
    </p>
   </div>
  </div>
 </body>
</html>
