2436 4068
24 467 51 494 b

1078 210 1182 260 515

149 352 442 424 Spartanos
475 353 554 406 sic
589 354 732 407 cives
770 369 896 407 suos
933 353 1389 408 criminabantur:
1430 353 1520 416 ἕως
1542 356 1636 420 μὲν
1661 359 1807 421 ἡμεῖς
1837 358 1956 415 οἴκοι
1994 356 2123 422 ἦμεν

148 444 179 502 ἦ
218 440 369 501 πόλις
420 440 635 507 ἐδέχετό
674 463 734 495 τε
771 442 889 501 τοὺς
922 442 1358 507 Λακεδαιμονίους
1398 442 1486 497 καὶ
1526 444 1965 522 συνεςρατεύοντο.
2007 447 2119 500 ἐπεὶ

142 529 197 581 δὲ
237 532 378 594 ἡμᾶς
415 526 668 593 ἐξέβαλον
707 527 920 583 ἕπεσθαι
972 530 1068 595 μὲν
1107 532 1327 596 οὐδαμοῖ
1372 532 1623 587 ἐθέλουσιν
1661 533 1770 586 κτέ.
1850 533 1990 587 Haec
2030 549 2123 587 au-

144 623 254 670 tem
315 633 460 670 nunc
498 632 527 670 e
567 616 932 688 Xenophontis
972 633 1197 687 persona
1235 617 1544 673 reseruntur
1599 620 1655 674 in
1695 620 1840 674 hunc
1875 619 2119 675 modum:

141 704 404 759 ἐδίδασκον
442 706 507 765 ὦς
542 702 634 764 ἕως
665 706 761 769 μὲν
793 709 950 772 σφεῖς
984 705 1106 758 οἴκοι
1142 701 1271 765 ἦσαν
1305 707 1518 774 ἐδέχετό
1555 729 1614 761 τε
1651 711 1680 772 ἡ
1712 708 1862 770 πόλις
1901 710 2011 763 κτὲ.
2046 739 2122 749 -—

145 791 257 845 ἐπεὶ
305 794 357 847 δὲ
396 794 541 860 σφᾶς
591 793 832 863 [αὐτοὺς]
886 790 1139 858 ἐξέβαλον
1195 792 1310 864 [ὥς]
1354 792 1566 850 ἕπεσθαι
1614 797 1710 861 μὲν
1760 799 1979 863 οὐδαμοῖ
2020 797 2121 851 ε’θέ-

140 892 295 934 λοιεν.
375 879 623 935 Sentisne
662 879 792 934 baec
833 896 937 933 non
979 881 1162 933 minus
1201 897 1318 934 esse
1355 881 1585 936 absurda
1627 901 1688 938 ac
1730 886 1774 938 si
1817 886 1918 956 ipsi
1960 884 2121 940 dixis-

144 975 266 1022 sent
305 969 478 1030 ἐπειδὴ
514 969 567 1023 δὲ
610 971 749 1034 ἡμᾶς
786 968 974 1029 αὐτοὺς
1012 967 1303 1034 ἐξέβαλονῗ
1384 969 1703 1025 Rectissime
1740 971 1806 1027 de
1839 972 2022 1027 eadem
2062 990 2123 1027 re

141 1056 408 1127 scriptum
445 1062 526 1110 est
569 1055 628 1108 V.
670 1073 745 1109 ιιι.
796 1059 882 1110 12.
935 1055 1075 1124 οἵπερ
1115 1060 1262 1126 σφᾶς
1299 1077 1358 1110 τε
1391 1055 1643 1123 ἐξέβαλον
1681 1066 1734 1114 et
1771 1063 1815 1114 οἱ
1854 1061 2120 1128 πριάμενοι

139 1144 213 1197 τὰ
251 1146 481 1212 σφέτερα
508 1186 523 1209 ,
566 1142 660 1197 sed
700 1144 886 1198 statim
936 1144 1079 1199 idem
1121 1145 1314 1198 vitium
1354 1147 1587 1199 recurrit
1625 1147 1678 1200 in
1719 1147 2120 1216 διαπεπραγμέ·

141 1251 210 1285 νοι
262 1234 358 1286 εἶσὶ
400 1233 708 1301 ζημιωθῆναι
749 1235 896 1300 σφᾶς
949 1234 1207 1304 [αὐτούς]
1286 1233 1485 1288 Eadem
1536 1234 1805 1291 medicina
1861 1235 2122 1291 utendum

141 1318 253 1374 Vll.
295 1338 344 1374 v.
387 1325 440 1375 4.
493 1320 739 1385 λέγοντες
775 1318 852 1374 ὅτι
892 1323 1132 1384 συνθῆκαι
1167 1322 1345 1390 σφίσιν
1386 1323 1614 1393 [αὐτοῖς]
1654 1319 1780 1388 εἷεν,
1811 1331 1864 1379 et
1905 1324 2031 1378 alibi
2069 1332 2124 1378 et

138 1407 281 1479 apud
316 1408 463 1463 alioS.
543 1407 929 1479 Reponendum
966 1418 1046 1464 est
1081 1415 1225 1479 σφῶν
1267 1410 1344 1464 sic
1374 1411 1611 1481 positum
1632 1411 1745 1466 VII.
1770 1429 1818 1465 v.
1865 1416 1951 1466 14.
1992 1412 2122 1467 ἐκεί-

138 1514 236 1557 νοις
275 1497 371 1562 μὲν
423 1498 513 1551 οὐκ
551 1496 798 1563 ἐβούλετο
845 1497 1118 1566 μάχεσθαι
1171 1497 1348 1559 ἄλλως
1388 1519 1447 1552 τε
1495 1499 1582 1553 καὶ
1630 1499 1944 1567 εὐτυχηκόσι
1995 1506 2149 1555 τῶν

135 1585 189 1639 δὲ
224 1584 722 1651 ἀποτετυχηκότων,
764 1585 872 1639 imo
909 1603 1034 1641 vero
1067 1591 1211 1656 σφῶν
1244 1587 1315 1642 δέ.
1398 1588 1690 1642 Verissime
1723 1588 1996 1643 Dobraeus
2029 1588 2117 1643 Vl.

135 1689 185 1726 v.
228 1677 318 1727 55.
357 1670 433 1727 ὅτι
467 1673 616 1736 ἡνίκα
649 1675 1090 1740 κατεπολέμησαν
1129 1677 1318 1738 αὐτοὺς
1359 1676 1605 1742 Θηβαίων
1634 1677 1959 1743 βουλομένων
1993 1679 2120 1733 02⁹oe-

135 1759 328 1820 ςάτους
367 1768 576 1824 ποιῆσαι
611 1763 711 1824 τὰς
750 1763 971 1827 Ἀθήνας
1011 1765 1254 1834 σφίσιν
1288 1765 1516 1830 ἐμποδὼν
1557 1765 1780 1830 γένοιντο
1814 1764 2120 1820 emendavit

137 1854 324 1917 σφεῖς
363 1850 593 1915 ἐμποδὼν
631 1851 872 1916 γένοιντο.
951 1852 1211 1908 Dicebant
1263 1853 1409 1908 enim
1450 1853 1701 1925 Spartani
1748 1856 1946 1919 ἡμεῖς
1994 1855 2118 1919 ἐγε-

134 1938 324 2004 νόμεθα
364 1939 631 2003 ἐμποδών,
669 1946 723 1993 et
763 1956 980 1995 necesse
1019 1948 1182 1996 estut
1218 1957 1540 2012 pronomen,
1578 1942 1632 1995 in
1673 1958 1779 2014 quo
1817 1943 2117 1998 sententiae

135 2027 218 2080 vis
257 2033 369 2088 est,
409 2027 467 2080 in
506 2027 748 2082 oratione
794 2028 1056 2083 indirecta
1096 2029 1412 2083 retineatur.
1491 2030 1655 2085 Recte
1693 2035 1839 2100 σφῶν
1879 2032 1932 2084 in
1965 2030 2118 2086 libris

132 2121 409 2168 servatum
449 2121 531 2169 est
572 2114 698 2169 ibid.
737 2116 824 2171 Vl.
868 2134 915 2171 v.
960 2120 1048 2172 56.
1090 2116 1183 2171 sed
1223 2116 1361 2171 male
1402 2116 1734 2172 intellectum
1775 2120 1984 2191 peperit
2019 2137 2115 2192 pu·

135 2201 310 2256 tidum
350 2202 780 2258 additamentum
824 2205 878 2258 in
920 2204 1130 2261 verbis:
1171 2207 1226 2260 οὐ
1266 2205 1373 2272 γάρ
1424 2205 1776 2268 ἀδικησάντων
1816 2212 1962 2277 σφῶν
2001 2209 2114 2264 ε’πι-

129 2290 422 2358 ςρατεύοιεν
460 2292 506 2346 οἱ
556 2291 806 2359 Ἀρκάδες
863 2296 993 2365 [τοῖς
1044 2294 1498 2364 Λακεδαιμονίοις]
1557 2295 1706 2351 ἄλλα
1752 2295 2114 2362 βοηθησάντων

127 2387 236 2440 τοῖς
261 2379 603 2445 Τεγεάταις,
642 2397 835 2453 nempe
870 2380 1119 2436 dicebant
1156 2381 1286 2437 haec
1320 2381 1465 2436 αὐτοὶ
1504 2384 1548 2437 οἱ
1583 2383 2017 2451 Λακεδαιμόνιοι·
2056 2388 2113 2442 οὐ

128 2468 235 2535 γὰρ
273 2467 626 2530 ἀδικησάντων
659 2472 800 2535 ἡμῶν
838 2471 882 2524 οἱ
918 2469 1166 2539 Ἀρκάδες
1206 2471 1646 2539 ε’πιςρατεύουσιν,
1687 2471 1822 2527 adde
1849 2481 1956 2535 τοῖς
1995 2484 2112 2530 Λα-

125 2555 458 2620 κεδαιμονίοις
495 2563 549 2612 et
594 2558 793 2612 senties
830 2574 992 2630 quam
1047 2560 1119 2614 sit
1170 2559 1374 2614 insulsa
1414 2565 1467 2614 et
1508 2559 1732 2631 puerilis
1780 2563 1968 2626 oratio.
2048 2564 2112 2619 In

129 2642 192 2697 V.
234 2660 310 2697 111.
357 2647 444 2699 19.
495 2646 546 2699 ἐν
601 2647 654 2700 δὲ
704 2646 902 2708 τούτοις
960 2646 1084 2702 ὄντα
1121 2680 1196 2688 —
1228 2652 1414 2713 καῦμα
1459 2649 1784 2718 πυριφλεγὲς
1836 2650 2110 2717 λαμβάνει

126 2732 332 2806 [αὐτόν]
359 2774 374 2796 ,
414 2733 492 2787 sic
531 2732 779 2788 Graeculi
819 2733 1204 2806 loquebantur,
1244 2753 1348 2790 non
1390 2736 1759 2792 Atheniense&
1837 2737 1898 2807 In
1935 2738 1997 2793 V.
2033 2755 2110 2796 ιιι.

126 2824 215 2876 21.
257 2820 391 2875 alias
430 2821 742 2876 monuimus
778 2838 874 2894 pro
906 2831 1080 2878 τελεῖν
1113 2823 1495 2895 corrigendum
1536 2841 1652 2880 esse
1690 2827 1839 2883 άλεῖν
1877 2833 1932 2882 et
1970 2827 2110 2882 otio-

124 2925 184 2966 sa
235 2908 396 2965 verba
447 2910 535 2964 καὶ
595 2914 854 2971 ποιοῦντες
901 2915 1052 2966 τοῦτο
1106 2911 1426 2967 inducenda.
1518 2912 1754 2970 Foedum
1811 2915 1864 2968 in
1920 2916 2109 2988 paucis

123 2996 387 3053 emblema
434 3005 515 3053 est
551 2998 603 3052 in
648 2998 709 3052 V.
752 3016 819 3052 ιν.
863 3002 952 3054 55.
1013 3002 1069 3055 οὐ
1117 3002 1446 3069 κατῄσχυνεν
1501 2999 1671 3073 [άλλα
1718 3005 1927 3068 μᾶλλον
1963 3004 2107 3060 ἐκόσ-

123 3088 349 3157 μησεν],
389 3084 456 3142 de
492 3102 598 3158 quo
639 3086 744 3140 iam
786 3092 944 3142 antea
983 3086 1239 3143 diximuS.
1318 3089 1378 3144 In
1418 3088 1477 3143 V.
1519 3106 1589 3144 ιν.
1633 3094 1722 3145 57.
1774 3093 1951 3158 μισθὸν
1992 3093 2105 3155 δοὺς

122 3175 278 3239 μηνὸς
334 3177 511 3235 αὐτοῖς
563 3174 804 3230 ἐκέλευσε
858 3178 1290 3244 προκαταλαβεῖν
1343 3178 1584 3250 [αὐτοὺς]
1633 3180 1719 3235 τὸν
1787 3182 2067 3249 Κιθαιρῶνα
2088 3222 2104 3245 ,

125 3260 389 3318 indicasse
427 3264 560 3317 satis
599 3270 698 3317 est.
776 3262 910 3318 lbid.
941 3263 1002 3318 V.
1042 3281 1109 3319 w.
1153 3269 1241 3320 55.
1281 3270 1430 3321 τοῦτο
1463 3267 1559 3333 μὲν
1599 3265 1733 3339 [οὖν]
1770 3270 1860 3323 οὐκ
1900 3269 2105 3336 ἐπέτρε·

123 3355 220 3417 ψε,
261 3349 440 3405 nullus
470 3350 557 3406 hic
593 3350 888 3423 particulae
918 3350 1001 3408 οὖν
1038 3352 1187 3408 locus
1220 3361 1318 3409 est.
1399 3354 1660 3410 Similiter
1693 3356 1831 3411 male
1866 3356 2105 3411 abundat

122 3435 206 3493 οὖν
247 3436 308 3490 V.
352 3454 427 3493 nt.
472 3444 523 3495 7.
574 3440 627 3494 in
675 3439 886 3505 μάλιςα
933 3443 1029 3507 μὲν
1071 3439 1224 3516 [οὖν].
1304 3441 1382 3496 lb.
1442 3448 1470 3516 §
1507 3446 1594 3499 60.
1653 3445 1788 3500 ἑλεῖν
1835 3447 1968 3512 λιμῷ
2009 3446 2104 3508 την

122 3526 274 3580 πόλιν
321 3525 556 3599 [αὑτῶν].
597 3557 673 3570 --
711 3531 753 3582 εἰ
789 3531 885 3594 μὲν
917 3529 1180 3595 βούλοιντο
1216 3530 1301 3585 ἐπὶ
1337 3532 1571 3595 Φωκέων,
1612 3534 1654 3587 εἶ
1688 3533 1739 3586 δὲ
1782 3533 2095 3606 [βούλοιντο]

122 3614 207 3669 ἐπὶ
231 3614 498 3682 Κρεύσιος,
538 3631 782 3687 expungo
815 3624 1105 3691 utrumque
1126 3621 1302 3675 eterit
1333 3619 1679 3692 Xen«.·pliontc
1714 3618 1874 3691 digna
1908 3621 2096 3678 oratio.

1659 3711 1700 3742 2⁴
1723 3707 1743 3730 ’Ψ
