2436 4068
1362 238 1470 290 486

424 403 453 439 e
503 380 697 439 castris
749 403 807 442 se
858 383 1264 454 surripuissent.
1362 381 1565 436 Vitiose
1622 389 1802 438 autem
1860 384 2065 439 dictum
2123 394 2206 442 est
2258 394 2405 458 παρ’

425 476 594 538 ἡμῶν
649 472 994 541 ἀποδράντεςε
1056 469 1277 524 Veteres
1325 467 1606 524 dicebant:
1659 472 1703 524 οἱ
1757 473 1919 537 ἡμᾶς
1972 474 2322 543 ἀποδράντες,
2381 479 2405 532 ὖ

422 570 551 624 παῖς
589 568 649 631 μ’
689 562 924 629 ἀπέδρα,
964 556 1414 625 ἀποδιδράσκουσιν
1464 557 1621 612 αὐτὸν
1660 560 1703 612 οἱ
1757 560 1949 615 οἰκέται
1976 604 1990 627 ,
2034 569 2087 616 et
2139 563 2262 619 sim.
2342 565 2404 619 In

423 659 451 723 ᾗ
492 656 581 706 25.
636 651 762 718 βίαν
803 657 989 717 χρῆναι
1044 646 1277 714 πάσχειν
1317 645 1475 700 αὐτόν
1516 653 1832 717 corruptum
1878 665 1993 703 esse
2049 650 2238 716 videO,
2277 668 2403 708 nam

425 740 547 809 quis
588 755 788 810 quaeso
826 737 954 805 βίαν
992 734 1188 802 πάσχω
1230 733 1495 788 Graecum
1529 733 1713 788 credat
1748 735 1899 789 esse?
1942 736 2033 790 sed
2063 737 2192 808 quid
2226 755 2402 795 emen·

421 826 659 881 dandum
719 827 791 881 sit
848 841 950 878 non
1001 821 1169 876 vide0.
1251 821 1311 876 In
1366 825 1520 892 §54.
1577 822 1680 887 ἐγὼ
1725 823 1838 891 περὶ
1881 825 2018 889 ὑμῶν
2058 826 2195 880 ἐνίων
2231 828 2403 891 ἤκουον

419 917 485 975 ὦς
523 916 583 970 ’τὸ
621 914 896 983 ςράτευμα
946 910 1255 979 ἀφίςατε
1314 910 1419 964 ἀπὸ
1471 911 1922 976 Λακεδαιμονίων,
1961 929 2088 966 vera
2123 913 2283 969 lectio
2323 921 2405 970 est

418 1003 711 1071 ἀφίςαιτε,
753 1017 879 1055 nam
919 1000 998 1053 sic
1036 1005 1091 1053 et
1123 997 1249 1051 alibi
1291 999 1489 1069 passim
1526 997 1730 1052 videbis
1763 998 2170 1071 Xenophontem
2211 1002 2267 1056 in
2307 1003 2403 1058 tali

420 1107 480 1144 re
519 1090 755 1145 scrihere
794 1088 993 1152 solere,
1051 1093 1105 1140 et
1146 1102 1366 1157 prorsus
1419 1087 1759 1140 necessarius
1810 1095 1892 1140 est
1940 1090 2247 1159 optativus,
2310 1091 2404 1146 ubi

421 1179 544 1249 quis
582 1196 648 1234 ex
694 1178 869 1233 aliena
920 1189 1148 1248 persona
1187 1189 1250 1227 ea
1289 1171 1484 1237 refert,
1525 1190 1662 1245 quae
1698 1173 1800 1228 sibi
1847 1175 1989 1246 falsa
2028 1176 2200 1232 videri
2240 1179 2405 1250 signi-

422 1266 565 1321 ficat.
644 1264 903 1320 Cleander
956 1278 1124 1334 quum
1177 1260 1309 1315 dicit
1357 1262 1530 1325 ἤκουον
1586 1263 1651 1323 ὡς
1703 1263 1763 1317 τὸ
1815 1263 2090 1330 ςράτευμα
2147 1267 2403 1335 ἀφίςαιτε

419 1354 596 1426 palam
636 1353 766 1408 facit
802 1368 861 1406 se
900 1352 1019 1405 istis
1060 1351 1167 1404 iam
1214 1348 1374 1403 fidem
1416 1348 1618 1404 nullam
1660 1348 1872 1404 habere.

493 1442 556 1496 In
605 1441 633 1508 ἓ
667 1445 757 1496 58.
818 1438 984 1503 ἔδοξεν
1020 1440 1196 1499 αὐτοῖς
1236 1437 1535 1503 τοῦμπαλιν
1576 1437 1972 1506 ὑποςρέψαντας
2007 1440 2168 1496 ἐλθεῖν
2208 1446 2263 1496 et
2302 1441 2403 1498 hoc

417 1529 533 1584 loco
584 1531 654 1591 εἰς
697 1529 995 1595 τοῦμπαλιν
1044 1525 1412 1597 reponendum
1461 1542 1576 1580 esse
1617 1541 1807 1580 censeo
1846 1534 1900 1581 et
1940 1526 2060 1581 aliis
2118 1529 2405 1602 compluri-

417 1616 520 1672 bus
559 1616 700 1689 apud
741 1614 1145 1687 Xenophontem
1186 1614 1334 1668 locis,

496 1705 558 1760 In
608 1704 743 1759 libro
779 1703 892 1757 VII.
933 1719 1048 1773 cap.
1086 1702 1125 1756 I.
1169 1706 1219 1755 4.
1284 1706 1512 1771 Ξενοφῶν
1555 1702 1607 1756 δὲ
1647 1700 1788 1756 εἶπεν
1839 1705 1980 1771 αὐτῷ
2036 1701 2111 1759 ὅτι
2151 1706 2405 1761 ἀπαλλά·

420 1792 553 1857 Son-o
593 1793 685 1856 ἤδη
739 1795 846 1847 ἀπὸ
897 1797 990 1853 τῆς
1030 1793 1283 1858 ςρατιόἑς,
1336 1788 1716 1843 admonuimus
1775 1791 1883 1844 iam
1938 1798 2095 1846 antea
2152 1795 2403 1850 ἀπαλλα-

419 1881 540 1945 ξείοι
583 1879 949 1954 reponendum
1000 1894 1117 1933 esse
1152 1876 1359 1942 videri,
1400 1893 1506 1948 quo
1542 1878 1776 1948 reposito
1820 1880 2142 1951 praepositio
2180 1882 2289 1937 ἀπό
2323 1883 2405 1937 in-

421 1968 667 2024 ducenda
708 1970 828 2023 erit.

517 2056 669 2124 Quod
729 2057 784 2109 in
838 2059 958 2129 56.
1019 2054 1268 2109 meliores
1327 2053 1451 2107 libri
1512 2052 1719 2107 addunt
1774 2056 2055 2124 ἀσφαλές,
2113 2055 2406 2115 deteriores

424 2146 717 2209 omittunt,
757 2143 960 2198 factum
1002 2152 1084 2197 est
1126 2143 1207 2217 (ut
1248 2158 1652 2213 nonnumquam
1695 2140 1884 2215 alias),
1928 2150 1989 2198 ut
2036 2143 2299 2199 emblema
2349 2147 2402 2201 in

422 2232 559 2286 solos
595 2232 846 2286 meliores
888 2231 1187 2301 irrepserit.
1269 2230 1546 2299 Ἀσφαλές
1587 2230 1641 2282 in
1684 2231 1929 2300 margine
1975 2238 2289 2288 annotatum
2326 2241 2408 2289 est

421 2319 490 2374 ab
531 2319 745 2390 aliquo,
789 2319 878 2372 cui
916 2324 1136 2373 cautum
1187 2317 1552 2388 Xenophontis
1604 2333 1919 2388 responsum
1971 2319 2229 2390 placebat.
2308 2322 2406 2376 Ni-

421 2407 499 2461 hil
553 2414 670 2463 erat
728 2405 960 2461 Seuthae
1010 2422 1042 2459 a
1087 2405 1305 2462 Graecis
1356 2403 1739 2468 metuendum,
1795 2422 1928 2477 quos
1980 2407 2150 2462 multa
2203 2407 2404 2480 pollici-

423 2495 588 2550 tando
638 2497 692 2549 in
740 2495 1053 2549 interiorem
1108 2493 1393 2548 Thraciam
1436 2509 1619 2546 secum
1679 2492 1944 2548 abducere
1996 2495 2219 2551 volebat.
2299 2497 2405 2552 Ita-

417 2601 530 2656 que
580 2587 644 2645 ὥς
689 2583 752 2638 ἂν
793 2584 933 2650 αὐτῷ
985 2583 1106 2657 δοκῇ
1145 2582 1424 2650 συμφέρειν
1466 2580 1647 2635 dicere
1689 2582 1979 2650 Xenophon
2034 2590 2269 2655 poterat,
2312 2583 2403 2640 sed

425 2673 688 2744 optimum
730 2671 881 2725 dictu
921 2678 1037 2725 erat
1077 2673 1140 2731 ὡς
1177 2669 1241 2724 ἂν
1281 2671 1421 2737 αὐτῷ
1461 2670 1598 2738 δοκῇ.
1677 2669 1738 2723 In
1793 2672 1901 2739 §8.
1942 2673 1997 2725 οὐ
2037 2672 2184 2740 ταχὺ
2237 2671 2403 2740 ἐξέρ·

380 2827 382 2831 γ
420 2782 529 2817 πει
570 2761 629 2815 ’τὸ
667 2758 978 2827 ςράτευμα,
1033 2757 1287 2812 Doricum
1337 2757 1559 2812 verbum
1602 2766 1683 2812 est
1729 2756 1892 2826 ἕρπω,
1945 2760 2200 2827 ἀφέρπω,
2253 2780 2403 2828 προσ·

423 2849 587 2917 ε’ρπω,
638 2847 858 2916 ἐξὲρπω,
910 2864 1008 2919 pro
1057 2845 1277 2914 ἔρχομαι
1332 2852 1425 2900 aut
1474 2846 1723 2914 βαδίζω,
1768 2847 2069 2915 ἀπέρχομαι
2119 2854 2220 2902 etc.
2300 2849 2400 2919 lgi-

422 2943 516 2991 tur
566 2938 683 3007 ipsa
736 2935 982 2990 Cleandri
1038 2934 1200 2989 verba
1246 2950 1488 2989 servasse
1544 2933 1835 3005 Xenophon
1889 2935 2121 2990 videtur.
2200 2935 2418 3014 Vitiosef

422 3023 711 3079 admodum
753 3022 1086 3096 Hesychius:
1145 3021 1617 3090 Ἐξερπετεῒνε
1658 3020 1845 3085 ἐξεῖναι
1885 3040 1981 3094 pro
2019 3006 2422 3091 'Effdpmwzfi

422 3112 626 3177 ἐξιέναι.
705 3111 765 3165 In
804 3110 832 3175 ἓ
873 3115 960 3166 10.
1017 3111 1119 3175 ἐγώ
1160 3131 1233 3164 σοι
1279 3109 1619 3176 συμβουλεύω
1665 3109 1886 3173 ἐξελθεῖν
1919 3112 2014 3175 μὲν
2060 3114 2124 3172 ὡς
2165 3103 2420 3178 πορευσό-ῗζ

421 3221 572 3268 μενον
624 3197 933 3270 recipienda
984 3206 1064 3253 est
1115 3198 1408 3268 Hirschigii
1463 3198 1726 3251 correctio
1783 3201 1845 3258 ὡς
1895 3199 2403 3270 συμπορευσόμενον,

421 3289 564 3344 etin
605 3289 633 3355 ἕ
670 3291 755 3341 11.
797 3285 884 3340 καὶ
927 3292 1282 3353 προσανειπεῖν
1323 3284 1536 3338 divisim
1579 3284 1924 3339 scribendum
1960 3286 2048 3341 καὶ
2101 3288 2222 3354 πρὸς
2267 3290 2405 3342 ἀνειν

421 3385 576 3441 πεῖν,
617 3375 915 3429 sexcenties
955 3375 1010 3427 in
1051 3372 1251 3427 talibus
1288 3379 1561 3443 peccatur.

499 3464 559 3519 In
614 3467 771 3536 §14.
824 3466 921 3516 τῶν
973 3466 1223 3529 λοχαγῶν
1282 3481 1361 3521 τις
1418 3459 1828 3525 διαγγέλλει
1884 3461 1955 3522 εἷς
1996 3463 2054 3517 τὸ
2092 3460 2394 3530 ςράτευμα,

423 3555 624 3608 mirum
681 3552 735 3605 ni
778 3548 1072 3621 Xenophon
1126 3544 1444 3612 ἐξαγγέλλει
1485 3546 1728 3612 dederit,
1785 3554 1845 3601 ut
1893 3548 2024 3604 solet
2075 3549 2139 3605 de
2195 3551 2263 3604 iis
2313 3565 2394 3604 ref-

421 3641 557 3703 bus;
595 3656 733 3712 quae
770 3637 1096 3709 evulqantur.
1160 3635 1379 3703 Quoties
1418 3636 1461 3688 δι
1496 3642 1550 3690 et
1588 3634 1648 3699 εξ
1687 3635 2021 3692 ostendimus
2061 3635 2392 3709 permutari?
