2436 4068
1315 207 1422 256 610

377 356 589 409 diderit.
671 351 780 404 Non
826 349 958 403 solet
1001 347 1142 403 enim
1185 347 1471 412 ἰσοδύναμα
1509 348 1866 420 coniungere,
1909 357 1962 404 et
2013 351 2164 422 plane
2219 351 2356 405 idem
2407 375 2436 425 ἃς

375 452 455 499 est
491 440 761 507 ἀνθρώποις
802 437 1023 502 χρῆσθαι
1066 441 1118 488 et
1154 436 1424 502 ἀνθρώποις
1462 436 1690 500 ὁμιλεῖν,
1744 443 1797 490 et
1839 438 1891 491 in
1950 438 2038 492 illa
2085 438 2361 493 festivissi-

375 548 462 585 ma
499 525 894 596 comparatione
934 525 1155 590 χρῆσθαι
1196 523 1466 590 άνθρώποις
1510 522 1681 577 multo
1733 524 1927 579 melius
1968 543 2127 596 quam
2170 528 2356 595 άνθρώ-

374 639 484 677 ποις
527 617 722 679 ὁμιλεῖν
779 611 995 682 ponitur
1049 617 1328 681 propterea
1383 609 1523 681 quod
1564 609 1738 671 ἵπποις
1777 615 2000 681 χρῆσθαι
2042 615 2242 684 optimc
2285 613 2360 667 di·
2404 602 2434 681 '3ss

375 708 548 766 citur,
589 699 760 758 ἵπποις
802 699 999 762 ὂμιλεῖν
1043 715 1146 751 non
1190 700 1333 751 item.
2406 683 2422 707 ³

446 794 505 846 ln
545 793 573 860 ξ
617 794 682 842 15
721 785 996 839 intercidit
1038 785 1328 840 articulus:
1372 786 1487 855 lege
1525 787 1699 841 enim:
1742 788 1902 847 καλὸς
1939 788 2003 860 (ὅ)
2041 796 2168 849 παῖς
2203 790 2357 843 ὣν-
2410 775 2422 846 1²³

376 881 452 935 ἔτι
485 878 714 933 καλλίων
750 874 1018 941 φαίνεται.
1063 873 1200 926 conf.
1247 877 1275 944 ὃ
1323 878 1413 927 22.
2404 883 2405 886 ’

449 967 508 1020 In
554 968 583 1035 ξ
629 968 700 1017 20
749 969 970 1031 apparet
1021 961 1256 1030 άφιςῴης
1313 961 1626 1016 mendosum
1683 978 1827 1026 esse,
1883 979 2019 1034 quae
2074 963 2245 1019 forma
2295 982 2357 1022 ne

374 1055 573 1110 Graeca
613 1050 827 1121 quidem
873 1058 971 1104 est.
1055 1049 1193 1116 Quid
1232 1050 1301 1102 sit
1334 1049 1737 1104 restituendum
1775 1067 1877 1104 non
1914 1051 2126 1122 reperio
2162 1059 2214 1106 et
2248 1069 2359 1106 om-

374 1145 500 1197 nino
537 1140 665 1211 quid
709 1137 852 1191 dicat
890 1136 1168 1209 Philippus
1210 1154 1312 1190 non
1355 1136 1614 1207 intelligo,
2414 1124 2418 1126 ¹

448 1231 507 1284 In
554 1231 582 1298 §
631 1231 717 1280 23.
758 1225 921 1291 ἔγωγ’
962 1223 1042 1280 οὖν
1083 1226 1243 1291 διψῶ,
1283 1224 1369 1277 καὶ
1412 1225 1435 1277 o‘
1478 1230 1603 1285 παῖς
1645 1223 1893 1291 ἐγχεάτω
1925 1246 2011 1290 μοι
2052 1228 2144 1289 τὴν
2184 1228 2356 1293 μεγά.
2399 1230 2434 1255 3

370 1333 464 1382 λην
512 1314 782 1390 [φιάλην].
856 1313 957 1379 Qui
1000 1311 1302 1366 Atticorum
1341 1312 1766 1382 compotantium
1811 1328 2086 1368 sermones
2135 1331 2237 1368 non
2281 1317 2358 1369 in·

372 1407 659 1476 diligenter
704 1401 1001 1464 audiverit,
1042 1398 1189 1452 dabit
1232 1398 1364 1452 mihi
1400 1399 1598 1467 φιάλην
1641 1399 1706 1453 ab
1757 1401 1938 1454 nescio
1986 1418 2090 1472 quo
2139 1410 2356 1458 annota-

211 1501 219 1524 ⁵
247 1538 292 1566 ν,
370 1502 485 1548 tore
521 1491 854 1559 adscriptum
893 1504 1025 1542 esse.
1109 1485 1367 1540 Dicebant
1403 1488 1548 1541 enim
1590 1490 1753 1542 αἰτεῖν
1806 1490 1898 1552 την
1946 1488 2224 1555 μεγάλην,
2264 1493 2356 1554 rhu

367 1580 612 1647 μεγάλην
665 1577 882 1637 διδόναι,
939 1576 1072 1641 βοοῖν
1127 1575 1218 1635 την
1266 1572 1543 1639 μεγάλην,
1598 1576 1782 1645 ἐγχεῖν
1847 1578 1938 1639 την
1993 1578 2241 1643 μεγάλην
2301 1587 2353 1635 et

370 1659 754 1737 nonnunquam
798 1665 890 1725 την
924 1663 1100 1731 μείζω.
1184 1661 1435 1732 Sophilus
1475 1662 1669 1718 Athen.
1713 1681 1762 1736 p.
1809 1668 1909 1718 431
1954 1666 2013 1720 A.
2396 1663 2436 1670 ”

669 1753 892 1818 συνεχης
933 1749 1154 1818 ἄκρατος
1179 1751 1388 1814 ἐδίδοτ’,
1429 1750 1531 1805 ἴσον
1573 1750 1691 1819 ἴσῳ,
1733 1750 1894 1807 πάλιν

669 1842 786 1902 την
823 1839 1069 1906 μείζον’
1113 1840 1277 1908 ᾔτουν.

367 1930 656 1987 Menander
692 1927 882 1982 Athen.
926 1943 979 1997 p.
1020 1929 1128 1980 502
1169 1926 1230 1980 Ε.

1349 2019 1499 2069 τοῦτο
1540 2014 1598 2078 δη
1639 2015 1697 2069 τὸ
1737 2020 1822 2071 νῦν
1864 2015 1995 2080 ἔθος,

664 2103 887 2170 άκρατον
926 2100 1115 2167 ἐβόων,
1157 2104 1268 2164 την
1305 2103 1650 2168 μεγάλην.
1693 2103 1936 2173 ψυκτῆρά
1968 2125 2047 2165 τις

667 2191 935 2259 προῦπινεν
971 2192 1164 2250 αὐτοῖς.

367 2282 620 2355 Diphilus
659 2279 851 2333 Athen.
892 2296 940 2348 p.
989 2281 1112 2332 152.
1155 2278 1215 2331 D.

590 2364 685 2422 οἷον
726 2366 938 2425 Ῥοδίους
980 2365 1271 2427 κέκληκας·
1315 2367 1523 2420 εἰσιοῦσι
1566 2365 1646 2427 δός

587 2456 730 2516 εὐθὺς
769 2455 875 2508 άπὸ
914 2455 1094 2519 θερμοῦ
1134 2456 1250 2516 την
1286 2454 1601 2519 μεγάλην
1644 2455 1818 2514 αὐτοῖς
1859 2453 2080 2510 σπάσαι.

363 2546 539 2601 Alexis
579 2542 772 2599 Athen.
817 2558 866 2612 p.
914 2544 1040 2596 254.
1085 2542 1144 2594 A.

951 2635 1083 2694 παῖ,
1126 2630 1236 2691 την
1277 2628 1593 2694 μεγάλην
1634 2629 1714 2690 δὸς
1755 2630 1978 2698 ἐπιχέας

661 2717 848 2788 φιλίας
883 2716 1095 2777 κυάθους
1136 2719 1230 2782 μὲν
1270 2720 1368 2771 τῶν
1402 2717 1663 2784 παρόντων
1705 2717 1986 2785 τέτταρας.

363 2810 455 2864 uhi
490 2823 653 2879 quam
687 2807 922 2877 primum
963 2822 1151 2859 revoca
1188 2805 1420 2874 ὑποχέας
1460 2822 1555 2875 pro
1584 2805 1825 2872 ἐπιχέας.
1907 2806 2127 2860 Iubetur
2165 2808 2188 2860 ὁ
2224 2816 2348 2868 παῖς
2398 2851 2399 2854 ¹
2432 2817 2436 2840 .-

361 2898 572 2957 κυάθους
615 2895 872 2960 τέτταρας
913 2892 1039 2946 οἴνου
1068 2894 1318 2961 ὑποχεῖν,
1365 2894 1429 2947 de
1464 2894 1621 2947 cuius
1660 2892 1810 2946 verbi
1850 2894 1906 2946 in
1942 2910 2001 2947 ea
2036 2911 2093 2948 re
2127 2911 2228 2948 usu
2263 2912 2348 2949 su·
2393 2919 2395 2922 ⁴

361 2984 831 3058 pra'notavimus:
876 2981 1056 3050 itaque
1106 2982 1150 3035 si
1193 2982 1416 3049 ἐπιχέας
1469 2983 1521 3035 in
1574 2980 1727 3035 libris
1777 2981 2025 3035 omnihus
2079 2982 2407 3053 legeretur

362 3082 542 3128 tamen
584 3069 816 3135 ὑποχέας
870 3084 1058 3122 verum
1114 3085 1232 3123 esse
1282 3076 1569 3124 constaret.
1652 3068 1756 3123 Sed
1810 3070 2040 3137 ὑποχέας
2097 3072 2150 3124 in
2198 3070 2407 3129 libris

363 3159 612 3215 omnihus
652 3163 763 3218 est,
805 3155 947 3225 quod
988 3156 1235 3211 Valesius
1279 3159 1331 3211 in
1381 3159 1605 3226 ἐπιχέας
1661 3157 2000 3228 depravavit,
2053 3175 2214 3230 quam
2269 3159 2347 3212 in·
2433 3218 2436 3239 ‹

359 3249 569 3304 felicem
614 3244 978 3298 coniecturam
1035 3245 1338 3299 inconsulto
1391 3263 1576 3300 omnes
1632 3251 1967 3316 receperunt.
2061 3246 2436 3321 Praeterea4¹

358 3339 453 3405 μέν
500 3337 577 3410 (in
618 3333 830 3392 κυάθους
871 3333 964 3397 μὲν
1006 3339 1103 3386 τῶν
1146 3332 1423 3405 παρόντων)
1480 3334 1780 3387 Meinekius
1827 3333 1891 3387 de
1938 3351 2034 3387 suo
2086 3335 2372 3400 inseruit,³

364 3425 696 3494 ineleganter
748 3418 1052 3473 admodum.
1150 3419 1286 3486 Quid
1342 3422 1406 3474 sit
1459 3438 1646 3475 verum
1701 3427 1816 3475 tum
1874 3420 2091 3476 demum
2149 3425 2379 3494 poterit-g

364 3510 621 3567 constitui
665 3524 833 3580 quum
869 3524 1097 3579 sequens
1138 3510 1414 3563 senarius:
2365 3494 2369 3522 ³

664 3598 780 3657 τοὺς
821 3604 953 3663 τρεῖς
996 3597 1038 3651 δ’
1081 3596 1267 3666 ἔρωτας
1311 3597 1718 3664 προσαποδώσεις
1762 3596 1962 3666 ὕςερον,
