2436 4068
1340 220 1446 270 67⁹2

417 364 671 428 nissime‚
713 362 804 416 sed
845 378 946 416 non
983 361 1163 415 minus
1195 362 1517 416 mordaciter
1559 362 1736 435 (cuius
1770 366 1849 419 rei
1899 381 2144 420 summus
2176 376 2255 423 est
2294 386 2374 424 ar-

415 451 565 523 tilex)
608 452 840 520 exagitat
876 450 930 501 in
969 449 1188 504 Menone
1232 467 1282 521 p.
1312 455 1399 504 90.
1442 453 1502 504 Α.
1558 449 1649 503 ubi
1693 468 1796 522 quo
1826 460 2053 523 quaestu
2091 454 2156 507 ad
2194 462 2370 510 tantas

410 557 534 611 opes
556 541 601 601 is
623 536 1102 609 pervenerithomo
1133 537 1370 591 urbanus
1392 539 1617 603 reticet,
1658 538 1748 592 sed
1790 540 1863 592 ita
1898 546 2073 595 tamen
2112 549 2170 596 ut
2205 544 2370 597 sordi-

411 628 531 681 dius
569 625 622 678 id
672 623 943 695 opificium
984 623 1149 679 fuisse
1191 633 1243 678 et
1289 642 1392 678 non
1433 642 1526 696 pro
1575 632 1723 679 tanto
1764 626 1860 679 filii
1902 626 2044 683 fastu
2080 637 2132 684 et
2182 648 2371 702 super-

405 715 492 768 bia
542 720 699 767 acuto
747 711 934 766 lectori
991 713 1121 766 satis
1178 712 1430 766 declaret.
1509 712 1644 766 Hinc
1699 716 1896 784 optime
1950 718 2139 770 sentiri
2194 726 2368 790 potest

407 803 528 873 quis
580 800 797 854 aculeus
849 800 978 853 insit
1027 801 1080 853 in
1135 799 1311 854 verbis
1357 799 1624 865 PlatoniS‚
1665 801 1757 855 ubi
1797 803 2032 876 Anytum
2075 805 2204 860 dicit
2245 807 2365 874 ὑπὲρ
2434 876 2436 878 ,

406 897 502 944 τῶν
551 891 968 954 δημιουργῶν
1023 888 1306 955 ἀχθόμενον
1349 887 1619 942 Socratem
1679 890 1732 943 in
1782 891 2042 946 iudissium
2093 893 2158 947 de
2197 896 2370 965 capite

406 977 690 1031 adduxisse
739 977 795 1029 in
848 974 1063 1046 Apolog.
1116 994 1167 1047 p.
1204 980 1290 1030 25.
1333 977 1392 1030 E.
1472 978 1683 1049 Anytus
1735 979 1904 1049 igitur
1955 979 2020 1033 ad
2061 997 2228 1051 remp.
2283 999 2366 1037 ac-

405 1066 565 1120 cessit
605 1071 656 1118 et
710 1079 950 1117 summos
991 1080 1021 1116 a
1061 1063 1253 1134 populo
1289 1063 1515 1118 honores
1568 1063 1790 1136 adeptus
1826 1073 1939 1132 est,
1981 1074 2115 1122 teste
2156 1068 2372 1125 Platone

403 1154 437 1208 l.
475 1154 509 1207 l.
549 1155 804 1219 αἱροῦνται
845 1151 1038 1214 αὐτόν,
1083 1153 1290 1223 inquit·,
1335 1151 1395 1223 (οἱ
1435 1153 1711 1225 Ἀθηναῖοι)
1754 1154 1837 1207 ἐπὶ
1873 1155 1971 1215 τοὶς
2011 1157 2240 1221 μεγίςας
2280 1160 2369 1225 cip·

403 1241 534 1310 χας.
614 1240 832 1293 Constat
863 1256 985 1293 eum
1026 1245 1354 1306 ςρατηγῆσαι
1391 1246 1442 1294 et
1472 1257 1596 1295 cum
1633 1241 1857 1313 imperio
1887 1242 2045 1296 classi
2078 1244 2371 1315 praefuisse

405 1329 504 1385 suh
541 1335 780 1383 extrema
822 1326 943 1380 belli
986 1326 1412 1399 Peloponnesiaci
1456 1335 1695 1400 tempora
1745 1330 1828 1383 ἐπὶ
1878 1331 2146 1393 Διοκλέους
2188 1331 2372 1400 ἄρχον·

403 1439 520 1481 τος,
562 1414 890 1488 Olympiadis
937 1414 1117 1469 XCII.⁴
1147 1432 1286 1469 anno
1326 1422 1551 1486 quarto,
1613 1416 1666 1470 id
1713 1424 1795 1472 est
1834 1433 1972 1472 anno
2013 1423 2115 1490 4οΞ
2154 1437 2200 1474 a.
2242 1421 2365 1476 Chr.

406 1505 649 1560 Servavit
707 1502 868 1556 huius
925 1504 1001 1556 rei
1061 1510 1260 1557 certam
1318 1505 1630 1558 memoriam
1678 1505 1938 1559 Diodorus
1982 1506 2194 1561 Siculus
2228 1508 2367 1563 XIII.

404 1598 494 1648 64.
550 1591 822 1663 Ephorum
865 1597 959 1645 aut
1005 1590 1401 1661 Theopompum
1440 1591 1764 1648 describens,
1845 1593 2250 1649 Lacedaemonii
2285 1614 2366 1651 oc-

402 1682 614 1736 casione
654 1679 739 1733 usi
778 1678 968 1751 Pylum
1015 1679 1328 1749 necopinato
1365 1679 1655 1745 invadunt,
1697 1698 1802 1752 qua
1838 1698 1896 1736 re
1948 1685 2160 1753 cognita
2211 1684 2370 1739 Athe-

403 1770 616 1824 nienses
657 1767 854 1821 auxilio
897 1767 1224 1821 submittunt
1260 1771 1380 1828 ναῦς
1417 1767 1690 1834 τριάκοντα
1739 1770 1825 1823 καὶ
1862 1773 2119 1837 ςρατηγὸν
2150 1776 2369 1827 ’Ἄνυτον

402 1862 487 1913 τὸν
532 1856 894 1920 Ἀνθεμίωνος,
951 1856 1044 1926 qui
1086 1872 1250 1925 quum
1306 1863 1521 1926 propter
1576 1863 1920 1928 tempestates
1976 1858 2195 1912 Maleam
2245 1877 2368 1931 pro·
2420 1886 2425 1903 κ

402 1945 725 2000 montorium
763 1959 1016 2013 superare
1058 1960 1161 1995 non
1203 1945 1461 2014 potuisset
1504 1961 1561 1998 re
1611 1944 1808 1999 insecta
1846 1945 2081 2000 Athenas
2121 1965 2370 2003 reversus
2420 1983 2425 2002 ÷

402 2042 510 2089 est:
554 2034 756 2086 interea
798 2030 960 2103 Pylus
1012 2030 1153 2085 nullo
1204 2032 1414 2101 negotio
1452 2041 1808 2103 expugnatur.
1891 2035 2042 2106 Apud
2082 2036 2367 2091 Athenien·
2420 2091 2423 2103 ,η

403 2141 486 2177 ses
517 2122 621 2175 illis
661 2119 988 2191 temporibus
1034 2120 1086 2171 in
1137 2119 1226 2172 tali
1264 2136 1320 2173 re
1360 2121 1598 2174 Praetori
1645 2138 1701 2175 re
1751 2121 1887 2177 male
1923 2130 2071 2193 gesta
2106 2124 2365 2179 iudicium
2423 2120 2425 2122 ’

403 2208 780 2282 perduellionis
824 2207 1130 2280 (προδοσίας)
1174 2216 1226 2261 et
1258 2215 1464 2262 certum
1498 2210 1720 2262 exitium
1754 2217 1868 2263 erat
1900 2218 2165 2281 paratum.
2227 2214 2367 2286 Any·

401 2307 489 2353 tus
530 2299 698 2368 igitur
747 2295 947 2349 divitiis
1004 2297 1115 2349 suis
1172 2295 1237 2348 ad
1296 2296 1440 2350 illam
1494 2305 1698 2367 pestem
1755 2297 2116 2369 depellendam
2179 2300 2368 2354 callide
2416 2339 2419 2352 0

402 2404 533 2441 usus
585 2392 695 2439 est:
757 2385 808 2438 in
861 2383 1122 2437 iudicium
1180 2383 1244 2438 de
1285 2386 1458 2455 capite
1511 2384 1773 2439 adductus
1827 2386 2032 2441 iudices
2084 2387 2366 2458 largitione
2426 2393 2430 2395 ’

401 2475 643 2546 corrupit
678 2479 728 2527 et
766 2473 842 2526 sic
883 2473 1067 2526 evasit.
1147 2471 1359 2526 Diodori
1398 2472 1554 2527 verba
1598 2481 1755 2528 sunt:
1798 2477 1883 2543 ἐφ’
1917 2472 1988 2535 οἷς
2030 2476 2175 2541 ὃμὲν
2210 2478 2363 2542 δῆμος

401 2562 644 2632 ὀργισθεὶς
684 2562 770 2616 καὶ
813 2550 1286 2625 καταιτιασοὶμενος
1326 2564 1484 2615 αὐτοῦ
1540 2563 1806 2628 προδοσίαν
1862 2564 2243 2629 μετέςησεν
2295 2569 2365 2628 εἷς

401 2654 593 2719 κρίσιν,
650 2651 670 2703 ὂ
714 2651 754 2703 δ’
788 2652 1006 2709 ’Ἄνυτος
1066 2651 1627 2716 ἷσχυρῶοκινδυνεύων
1680 2653 1918 2719 ἐρρύσατο
1976 2653 2214 2720 χρήμασι
2274 2657 2364 2718 τὴν
2420 2638 2427 2644 ⁴

399 2741 580 2809 ψυχὴν
617 2738 702 2792 καὶ
740 2744 931 2805 πρῶτος
967 2738 1242 2799 Ἀθηναίων
1272 2739 1410 2792 δοκεῖ
1443 2740 1723 2806 δικαςήριον
1765 2741 2109 2808 δωροδοκῆσαι.
2179 2742 2235 2796 In
2282 2743 2366 2798 hiS
2412 2774 2413 2777 ¹

398 2830 725 2895 δωροδοκῆσαι
766 2831 862 2897 pso
901 2825 1116 2880 δεκασαι
1174 2826 1388 2879 Diodori
1438 2828 1568 2880 vitio
1605 2829 1837 2899 positum
1891 2836 2001 2896 est,
2057 2829 2120 2884 de
2163 2848 2267 2901 qua
2309 2849 2365 2886 re

397 2933 558 2986 supra
598 2915 940 2978 monuimus,
995 2914 1084 2968 sed
1127 2915 1411 2979 μετέςησεν
1453 2917 1523 2976 εἰς
1578 2917 1734 2983 κρίσιν
1772 2917 2073 2972 scribarum
2124 2920 2364 2974 socordia
2414 2987 2415 2991 Ἰ

395 3022 492 3076 pro
529 3003 839 3070 κατέςησενς,
901 3019 1059 3073 quem
1104 3019 1338 3056 errorem
1375 3004 1709 3058 Dindorfium
1750 3004 1951 3077 fugisse
1991 3008 2192 3072 miror,
2237 3025 2360 3062 nam

396 3091 524 3164 quid
565 3097 648 3145 est
700 3088 882 3144 trili'us
937 3108 1096 3161 quam
1153 3092 1423 3148 καθιςοέναι
1464 3093 1535 3152 εἷς
1589 3094 1784 3160 κρίσιν,
1846 3101 1898 3148 et
1949 3096 2020 3155 εἷς
2069 3096 2223 3162 κρίσιν
2268 3104 2361 3152 aut
2403 3084 2417 3151 ²}

394 3184 463 3243 εἷς
507 3183 690 3244 ἀγῶνα
730 3178 1059 3240 καταςῆναιὲ
1140 3178 1284 3232 Idem
1341 3179 1592 3234 mendum
1645 3181 1900 3235 Dindorfii
1955 3182 2134 3236 oculos
2173 3183 2359 3254 effugit
2410 3180 2413 3186 ⁴

391 3271 446 3322 in
488 3267 639 3323 Diod.
683 3266 787 3321 Sic.
823 3266 961 3320 XIII.
1007 3270 1093 3319 75.
1136 3270 1185 3320 8.
1242 3268 1357 3327 τοὺς
1400 3269 1450 3321 δὲ
1491 3270 1595 3322 ἀπὸ
1651 3276 1741 3331 τῆς
1793 3268 1978 3337 μάχης
2020 3271 2354 3334 διασωθέντας

389 3355 804 3423 μεθιςοέντες
860 3356 929 3414 εἰς
979 3355 1134 3420 κρίσιν
1175 3359 1325 3423 φυγῇ
1378 3356 1740 3423 κατεδίκαζον,
1795 3357 1902 3410 imo
1945 3376 2067 3412 vero
2119 3359 2355 3417 καθιςοέν-

386 3467 492 3506 τες.
575 3444 635 3497 In
690 3443 825 3496 libro
860 3442 971 3497 XV.
1015 3445 1105 3497 94.
1152 3447 1199 3495 1.
1261 3440 1315 3495 in
1369 3443 1525 3496 Codd.
1569 3451 1649 3498 est
1705 3445 1865 3500 πάλιν
1924 3448 2216 3510 κατέςησαν
2269 3450 2353 3503 τὸν

385 3532 611 3598 πόλεμον
635 3575 648 3595 ,
707 3532 794 3585 cui
836 3529 1141 3586 Dindorfius
1179 3529 1456 3585 substituit
1499 3534 1853 3596 κατεςήσαντο
1891 3535 2116 3601 πόλεμον
2141 3579 2154 3599 ,
2207 3538 2350 3607 equi-

388 3621 508 3676 dem
551 3620 843 3682 κατέςησαν
885 3621 954 3681 εἷς
998 3619 1221 3685 πόλεμον
1265 3636 1447 3677 verum
1497 3637 1610 3675 esse
1649 3621 1895 3678 arbitror.
1979 3624 2231 3682 Eiusdem
2275 3624 2351 3678 iu-
