2436 4068
1327 198 1433 248 556

378 363 466 402 ma
503 361 626 401 cum
665 359 858 413 magno
898 340 1195 395 sententiae
1238 339 1561 394 detrimento
1608 342 1661 392 in
1704 338 1902 393 Hellen.
1937 341 1979 396 1.
2013 359 2079 395 vr.
2106 347 2193 397 52.
2234 342 2347 398 εἷπε

380 435 499 501 πρὸς
539 432 694 486 αὐτὸν
745 429 820 484 ἔτι
869 428 943 490 εἴη
986 433 1155 489 καλῶς
1197 426 1317 494 ἔχον
1371 429 1725 481 ἀποπλεῦσαι.
1767 431 1822 488 αἱ
1857 430 1962 497 γαρ
2002 433 2211 499 τριήρεις
2249 438 2348 485 τῶν

374 520 650 583 Ἀθηναίων
689 518 863 584 πολλῷ
903 516 1112 576 πλέονες
1168 514 1313 579 ἦσαν.
1394 515 1462 569 Ut
1501 520 1753 586 appareat
1798 531 1860 568 ex
1912 518 2192 572 Hermonis
2233 535 2348 590 per-

377 625 505 662 sona
562 606 692 659 haec
746 604 853 658 dici
911 602 987 677 (id
1042 602 1182 674 quod
1242 602 1586 658 manifestum
1643 602 1741 675 est)
1803 605 2025 660 emenda
2069 606 2246 668 εἴησαν
2295 613 2348 660 et

376 709 626 766 compara
661 708 725 746 ne
762 690 974 745 dubites
1015 690 1214 745 Hellen.
1253 690 1365 744 VII.
1407 709 1441 744 1.
1485 695 1573 744 25.
1623 691 1791 755 λέγων
1825 694 1887 751 ὡς
1922 693 2089 756 μόνοις
2123 695 2218 759 μὲν
2253 696 2346 747 αὐ-

374 790 479 843 τοῖς
533 779 720 847 πατρὶς
765 778 837 854 (ἦ)
879 778 1260 840 Πελοπόννησος
1300 778 1394 839 εἴη.
1437 778 1576 843 μόνοι
1613 779 1716 845 γαρ
1769 779 2074 847 αὐτόχθονες
2115 783 2165 834 ἐν
2212 783 2349 850 αὐτῇ

378 873 588 934 οἰκοῖεν,
629 875 683 923 et
721 867 813 921 III.
850 884 903 920 11.
948 871 1035 921 25.
1077 866 1491 934 ἀποκριναμένων
1526 866 1578 920 δὲ
1617 871 1714 919 τῶν
1749 868 1958 921 Ἠλείων
1998 864 2073 922 ἔτι
2118 872 2171 923 οὐ
2213 870 2352 932 ποιή-

375 978 505 1012 σοιεν
544 961 737 1010 ταῦτα.
793 955 1066 1016 ἐπιληΐδας
1115 953 1220 1021 γαρ
1261 954 1427 1021 ἔχοιεν
1483 954 1582 1014 τας
1628 953 1837 1017 πόλεις,
1900 954 1988 1007 ubi
2044 955 2351 1010 Dindorfius

377 1044 532 1099 affert
572 1043 736 1097 Anah.
775 1043 888 1096 Vll.
931 1061 1004 1096 ΠΙ.
1050 1047 1136 1096 15.
1191 1040 1369 1106 ἔλεγον
1409 1039 1485 1095 ὅτι
1525 1042 1718 1101 παντὸς
1759 1040 1883 1104 ἄξια
1920 1042 2065 1107 λέγει
2099 1047 2347 1113 Ξενοφῶν.

376 1133 572 1199 χειμὼν
613 1132 718 1199 γὰρ
758 1130 866 1193 εἴη,
910 1129 1000 1183 ubi
1040 1130 1184 1195 λέγοι
1225 1129 1366 1199 quod
1407 1128 1564 1183 multi
1603 1128 1728 1182 libri
1780 1137 1992 1184 servant
2035 1131 2196 1185 etiam
2237 1133 2355 1186 sine

382 1220 534 1274 libris
572 1226 717 1273 certa
757 1218 1127 1273 emendatione
1167 1218 1351 1288 reponi
1392 1216 1678 1271 debuisset.

454 1307 678 1378 Saepius
717 1305 858 1377 apud
895 1305 1143 1361 Oratores
1177 1306 1264 1360 illa
1310 1305 1567 1359 orationis
1602 1303 1773 1359 forma
1812 1307 2077 1371 occurrit,
2118 1305 2209 1360 ubi
2249 1323 2353 1361 non

379 1403 590 1451 tantum
627 1393 763 1462 γάρ,
805 1393 896 1448 sed
929 1391 1011 1448 οὖν
1047 1411 1257 1466 quoque
1288 1400 1340 1448 et
1378 1393 1430 1448 δέ
1462 1393 1515 1446 in
1556 1392 1752 1446 talibus
1781 1409 1904 1446 cnm
1940 1395 2190 1465 optativis
2229 1412 2351 1449 con-

379 1486 716 1553 iunguntur,
757 1482 918 1536 etiam
963 1480 1055 1534 ubi
1097 1481 1437 1536 accusativus
1477 1497 1602 1534 cum
1641 1480 1905 1533 infinitivo
1942 1482 2248 1552 praecedit,
2292 1489 2354 1536 ut

382 1571 523 1642 apud
580 1570 794 1643 Lysiam
851 1567 995 1623 Orat.
1035 1570 1174 1624 ΧΙΙΙ.
1232 1574 1319 1625 78.
1371 1569 1539 1634 λέγων
1587 1600 1662 1608 --
1707 1572 1791 1622 νῦν
1862 1569 1955 1633 μὲν
2008 1572 2108 1624 δεῖν
2167 1572 2352 1631 αὐτοὺς

383 1659 604 1727 ἡσυχίαν
647 1657 804 1724 ἔχειν.
847 1659 888 1711 εἰ
929 1658 982 1711 δέ
1022 1678 1147 1712 ποτε
1198 1658 1370 1712 οἴκαδε
1423 1656 1711 1710 κατέλθοιεν
1766 1656 1884 1710 τότε
1939 1657 2023 1710 καὶ
2074 1679 2135 1711 τι
2152 1680 2240 1723 μω
2257 1661 2354 1726 ρή-

384 1767 598 1801 σοιντο
639 1747 757 1805 τοὺς
793 1746 1114 1807 ἀδικοῦντας.
1195 1744 1509 1800 Adscribam
1549 1743 1724 1796 locum
1767 1760 1830 1797 ex
1865 1744 2251 1811 Demosthene,
2294 1753 2356 1800 ut

383 1836 546 1890 alium
603 1835 656 1888 in
718 1835 915 1887 vicinia
969 1833 1265 1888 emendem.
1344 1833 1565 1903 Legitur
1606 1832 1657 1884 in
1722 1830 1865 1886 Orat.
1902 1832 1956 1886 L.
2001 1837 2088 1887 50.
2150 1834 2355 1901 οὶποκρί-

385 1945 525 1979 νεται
581 1924 721 1990 αὐτῷ
767 1919 842 1976 ὅτι
893 1922 1194 1989 τριήραρχός
1241 1943 1300 1975 τε
1348 1922 1448 1985 ἐγὼ
1490 1926 1582 1982 τῆς
1635 1921 1750 1980 νεὼς
1795 1919 1898 1981 εἵην
1951 1921 2037 1973 καὶ
2087 1922 2353 1982 ὑπεύθυνος

384 2013 469 2066 καὶ
508 2013 592 2066 τὸν
639 2012 814 2075 μισθὸν
862 2015 984 2077 παρ’
1018 2011 1140 2075 ἐμοῦ
1179 2009 1466 2075 λαμβάνοι.
1523 2007 1859 2061 πλεύσοιτο
1907 2006 2003 2063 οὖν
2045 2006 2094 2063 οἷ
2128 2010 2229 2074 ἐγὼ
2271 2000 2354 2063 κε’-

383 2101 533 2155 λεύω.
570 2157 575 2162 ,
613 2099 675 2153 In
731 2097 915 2152 eadem
975 2098 1212 2151 oratione
1267 2095 1307 2169 S
1344 2101 1432 2151 44.
1496 2097 1760 2166 scriptum
1809 2102 1917 2150 est:
1971 2098 2101 2166 ᾔδειν
2147 2095 2227 2151 οὖν
2278 2094 2352 2151 ὅτι

383 2186 524 2249 οὗτος
581 2189 677 2253 μὲν
728 2187 1054 2254 παραλαβὼν
1110 2185 1222 2254 (την
1269 2185 1415 2252 ναῦν)
1474 2188 1642 2243 κακῶς
1696 2185 1895 2248 ἤμελλε
1948 2186 2351 2253 τριηραρχήσειν.

382 2276 498 2330 οὔτε
539 2277 643 2343 γαρ
682 2277 751 2342 τῷ
787 2275 1199 2341 τριηραρχήματι
1240 2271 1357 2325 οὔτε
1394 2277 1499 2331 τοῖς
1550 2271 1831 2337 ἐπιβάταις
1873 2273 1959 2327 καὶ
2000 2282 2064 2342 τῇ
2107 2275 2355 2342 ὑπηρεσίᾳ

382 2365 722 2432 χρήσοιτο.
783 2361 941 2421 οὐδεὶς
1000 2362 1104 2426 γαρ
1153 2362 1292 2426 αὐτῷ
1334 2369 1736 2426 παραμενοῖ.
1818 2361 1875 2414 In
1923 2361 2008 2414 his
2044 2360 2147 2414 alia
2185 2360 2353 2415 forma

384 2460 539 2506 vetus
581 2450 758 2504 Attica
797 2449 1024 2503 feliciter
1074 2450 1272 2511 evasit,
1333 2446 1434 2500 alia
1489 2447 1680 2500 vitium
1731 2450 2001 2520 concepit:
2058 2450 2223 2517 ᾔδειν
2274 2447 2355 2503 οὗν

320 2603 325 2611 1
383 2553 480 2611 pro
523 2539 713 2592 sciebat
752 2537 992 2608 elapsum
1034 2543 1145 2598 est,
1198 2551 1522 2605 quamquam
1564 2534 1852 2590 sciolorum
1906 2553 2098 2590 manus
2138 2544 2357 2608 apparet

385 2629 442 2681 in
491 2626 678 2680 multis
726 2625 877 2678 libris
928 2626 1031 2694 ᾔδει
1087 2641 1180 2696 pro
1236 2624 1368 2693 ᾔδειν
1428 2622 1816 2677 exhibentibus,
1916 2624 2018 2678 Sed
2071 2631 2362 2692 παραμενοῖ

384 2714 555 2768 forma
596 2720 677 2768 est
730 2712 901 2766 nihili.
983 2712 1043 2765 In
1082 2710 1240 2766 Codd.
1283 2710 1531 2764 omnibus
1567 2719 1646 2765 est
1695 2712 2015 2779 παραμένει,
2058 2714 2110 2765 ἰη
2153 2729 2258 2766 uno
2299 2714 2351 2767 S.

383 2804 643 2874 scriptum
704 2807 1010 2868 παραμενεῖ.
1102 2798 1408 2871 Optativum
1468 2800 1672 2870 requiri
1731 2808 1940 2854 certum
1998 2808 2110 2855 est:
2171 2801 2352 2871 itaque

385 2891 658 2944 Bekkerus
717 2889 781 2943 de
838 2905 935 2943 suo
991 2887 1139 2942 dedit
1197 2895 1516 2955 παραμενοῖ,
1576 2888 1716 2958 quod
1758 2889 1979 2942 retinuit
2026 2887 2349 2943 Dindorfius

382 2978 488 3032 Sed
527 2976 709 3031 sutura
759 2983 1035 3031 contracta
1076 2976 1130 3028 in
1174 2980 1229 3029 -ῶ
1277 2975 1471 3029 hahent
1513 2977 1813 3047 optativum
1854 2976 1905 3028 in
1959 2976 2115 3039 -οίην,
2157 2977 2347 3044 ε’ροιήν,

373 3065 676 3133 ιγνωριοιήν,
733 3065 968 3129 ςελοιήν,
1023 3064 1374 3133 διαφθεροιήν,
1417 3063 1534 3117 alia.
1614 3064 1800 3134 Itaque
1859 3065 2173 3130 παραμενοιή
2216 3065 2349 3118 scri-

382 3161 536 3225 ptum
582 3153 817 3222 oportuit
859 3152 1149 3222 eademque
1207 3151 1474 3205 medicina
1528 3151 1786 3205 utendum
1841 3149 2036 3220 ubique
2089 3158 2205 3216 est,
2258 3151 2350 3206 ubi

383 3258 527 3295 nunc
565 3239 867 3305 λοιδοροῖμι,
925 3245 1206 3304 μαςιγοῖμι
1264 3245 1317 3291 et
1370 3238 1566 3292 similia
1621 3239 1674 3291 in
1731 3236 2014 3292 Orator-um
2065 3239 2347 3293 Codicibus

381 3311 691 3384 occurrunt.
771 3326 970 3381 Eadem
1019 3326 1285 3380 medicina
1337 3325 1560 3379 Isocrati
1618 3324 1914 3379 adhibenda
1960 3333 2042 3380 est
2091 3327 2146 3379 in
2198 3326 2345 3381 Orat.

382 3417 547 3475 XVII.
591 3419 678 3469 21.
719 3414 886 3478 λέγων
926 3412 999 3467 δ’τι
1042 3445 1114 3454 --
1154 3414 1331 3478 ὁμοίιος
1366 3412 1536 3466 ἐνθάδε
1563 3415 1930 3478 καταγέλαςος
1971 3414 2147 3468 ἔσοιτο.
2191 3416 2346 3483 ὁγὰρ

379 3512 538 3567 παῖς,
591 3505 679 3558 §ev
719 3502 1068 3569 βασανίζηται
1096 3543 1110 3567 ,
1153 3502 1263 3569 περὶ
1307 3500 1510 3573 παντων
1559 3502 1758 3561 τοὶληθῆ
1792 3510 2012 3568 κατερεῖ.
2094 3503 2220 3557 Fuit
2256 3505 2348 3574 qui

378 3599 586 3660 κατεροῖ
635 3597 948 3663 reponeret,
1005 3597 1055 3645 at
1109 3596 1167 3644 tu
1220 3589 1449 3657 κατεροίη
1494 3606 1703 3662 repone.
1784 3590 1999 3645 Duobus
2038 3590 2168 3646 locis
2209 3592 2350 3664 apud
