2436 4068
1076 164 1181 216 587

206 312 419 369 Soloeca
458 310 629 364 oratio
667 316 750 363 est
792 308 852 363 V.
894 326 947 363 n.
992 312 1080 363 57.
1132 307 1237 375 ἄγε
1274 311 1414 375 ἡμᾶς
1450 309 1566 363 εὐθὺ
1601 310 1693 372 τὴν
1731 309 1815 363 ἐπὶ
1858 312 2106 378 Βαβυλῶ-

131 421 244 465 νος,
283 415 514 470 namque
553 398 784 470 pessime
832 404 1118 469 corruptae
1172 397 1491 453 Graecitatis
1538 406 1620 452 est
1671 397 1787 452 εὐθύ
1830 415 1927 469 pro
1960 402 2106 464 εὐθύς

126 489 319 544 dicere.
399 488 660 558 Expunge
697 488 788 549 τὴν
828 487 917 540 ἐπί
951 491 1004 540 et
1037 485 1240 556 reliqua
1273 493 1434 540 erunt
1471 486 1781 540 sanissima:
1823 484 1930 552 ἄγε
1964 491 2105 554 ἡμᾶς

125 577 241 632 εὐθὺ
293 576 619 640 Βαβυλῶνος.
708 573 796 627 Sic
849 572 1204 643 loquebantur
1248 574 1504 628 Veteres:
1565 573 1854 645 adscripsit
1910 575 2104 648 aliquis

124 666 216 727 τὴν
255 663 345 717 ἐπί
366 705 379 725 ,
417 661 610 716 deinde
654 668 886 731 utraque
925 662 1195 730 scriptura
1235 661 1373 716 male
1413 661 1611 716 coaluit
1651 662 1706 716 in
1747 677 1935 716 unum.

199 749 542 806 Manifestum
593 750 647 803 in
694 750 881 820 paucis
933 747 1195 803 emblema
1243 756 1325 803 est
1380 756 1433 804 et
1483 749 1609 803 olim
1656 748 1722 804 ab
1776 751 2107 808 acutioribus

122 837 545 912 deprehensum,
586 836 728 909 quod
767 837 1079 891 etiamnunc
1119 837 1476 891 commaculat
1515 837 1690 891 locum
1734 837 1927 911 Cyrop.
1949 840 2036 895 v1.
2071 859 2104 894 1.

128 930 218 983 38.
267 929 309 982 εἰ
344 927 449 994 γὰρ
485 925 683 991 γένοιτο
721 922 753 979 δ’
786 946 836 979 τι
875 924 977 989 ἐγώ
1018 944 1092 978 σοι
1129 924 1179 977 ἐν
1217 925 1370 992 καιρῷ
1412 924 1476 978 ἂν
1514 924 1756 990 γενοίμην
1802 925 1892 999 [αὖ
1929 931 2109 997 χρήσι·

126 1017 266 1086 uae]-
347 1015 614 1069 Tenemus
651 1012 1119 1084 interpolatorem,
1160 1011 1251 1082 qui
1290 1028 1454 1082 quum
1494 1029 1597 1066 non
1632 1015 1967 1070 meminisset
2006 1034 2111 1088 quo

128 1119 289 1159 sensu
325 1104 377 1157 ἐν
421 1104 575 1170 καιρῷ
618 1100 725 1156 dici
766 1101 959 1156 soleret
1005 1107 1058 1155 et
1097 1100 1175 1153 sic
1216 1098 1511 1153 desiderari
1550 1099 1753 1171 aliquid
1791 1101 1857 1155 ad
1899 1111 2109 1158 senten-

128 1193 260 1248 tiam
299 1190 671 1247 absolvendam
719 1190 1118 1261 suspicaretur,
1170 1187 1235 1241 de
1274 1203 1371 1241 suo
1411 1187 1699 1260 adscripsit
1738 1187 1806 1244 αὖ
1853 1192 2108 1258 χρήσιμος

130 1278 185 1335 id
219 1286 301 1336 est
348 1282 602 1348 χρήσιμος
651 1279 701 1331 ἔν
740 1279 811 1345 τῷ
866 1279 1022 1344 μέρει.
1104 1275 1214 1329 Hoc
1269 1276 1448 1347 ipsum
1508 1276 1814 1347 significare
1865 1281 1914 1331 ἐν
1954 1282 2108 1348 καιρῷ

130 1388 227 1423 τινι
265 1365 393 1423 εἶναι
429 1374 483 1423 et
523 1366 761 1434 γενέσθαι
802 1366 1070 1420 neminem
1126 1362 1313 1435 fugere
1354 1371 1525 1436 potest
1562 1365 1654 1436 qui
1700 1366 2107 1438 Xenophontem

128 1455 418 1527 diligenter
467 1455 742 1510 lectitarit.
820 1454 1008 1525 ltaque
1061 1451 1160 1506 hoc
1213 1453 1420 1524 pridem
1483 1453 1652 1507 sensit
1704 1452 1957 1516 Weiske,
2016 1456 2109 1526 qui

127 1544 337 1616 primns
385 1544 627 1598 omnium
687 1541 942 1596 vocabula
989 1540 1173 1612 spuria
1224 1538 1293 1596 αὖ
1341 1543 1596 1610 χρήσιμος
1651 1539 1799 1610 obelo
1854 1542 2122 1608 confixit,'

126 1646 285 1704 quem
328 1638 472 1686 recte
527 1630 888 1687 Schneiderns
938 1635 1155 1684 secutus
1204 1635 1303 1682 est.
1384 1628 1479 1682 Vel
1530 1629 1608 1682 sic
1655 1636 1832 1684 tamen
1874 1631 2111 1702 pertina-

125 1720 265 1775 citer
314 1719 574 1783 haerent,
632 1720 813 1789 itaque
866 1717 1000 1771 dabo
1049 1733 1264 1788 operam
1315 1733 1382 1771 ne
1436 1717 1557 1787 quis
1609 1717 1832 1788 posthac
1885 1718 2111 1773 evellere

126 1807 355 1863 dubitet.
433 1807 599 1862 Nemo
654 1814 835 1861 autem
892 1823 951 1860 ea
997 1805 1249 1860 retinebit
1297 1806 1389 1876 qui
1448 1805 1891 1860 animadverterit
1945 1823 2110 1878 quam

127 1894 375 1950 lubenter
413 1894 706 1966 Xenophon
753 1896 806 1949 ἐν
854 1896 1008 1962 καιρῷ
1057 1891 1190 1948 εἶναι’
1222 1914 1318 1949 τινι
1360 1899 1412 1948 et
1445 1893 1498 1946 ἐν
1538 1895 1690 1962 καιρῷ
1730 1895 1971 1960 γενέσθαι
2012 1895 2112 1949 τινί

124 1982 304 2038 dicere
337 1983 503 2039 soleat
542 2001 638 2055 pro
688 1982 945 2052 χρήσιμός
1000 2003 1097 2037 τινι
1148 1978 1276 2036 εἶναι
1314 1988 1367 2036 et
1405 1981 1662 2046 γενέσθαι.
1746 1981 2108 2038 Schneiderus

126 2072 231 2126 iam
273 2071 456 2125 attulit
498 2071 672 2125 locum
721 2089 784 2125 ex
825 2070 1115 2144 Cyropaed.
1157 2070 1217 2123 V.
1249 2087 1283 2123 1.
1318 2074 1402 2124 16.
1446 2069 1565 2130 ἴσως
1600 2069 1706 2136 γὰρ
1744 2068 1808 2123 ἂν
1842 2071 1929 2125 καὶ
1969 2070 2108 2126 πάνυ

124 2163 247 2228 ἡμῖν
286 2162 336 2214 ἐν
373 2162 527 2228 καιρῷ
569 2161 672 2230 [τι]
711 2160 907 2224 γένοιτο
947 2156 1080 2220 αὕτη
1122 2161 1150 2221 ἡ
1191 2158 1353 2222 γυνή,
1395 2157 1446 2211 id
1488 2164 1567 2212 est
1611 2160 1926 2226 ὠφελήσειεν
1966 2163 2106 2226 ἡμᾶς

123 2249 237 2304 sive
274 2251 523 2313 ὀνήσειεν,
561 2254 615 2302 et
650 2246 941 2302 Andocidis
980 2263 1099 2318 pag.
1142 2248 1230 2300 72.
1276 2243 1442 2320 (Orat.
1480 2247 1524 2300 1.
1567 2251 1595 2320 §
1638 2246 1821 2320 145.):
1876 2249 1962 2302 καὶ
2001 2247 2106 2306 ἔςιν

122 2338 244 2404 ὑμῖν
281 2338 503 2407 χρῆσθαι
552 2336 748 2397 τούτοις
793 2333 917 2390 ὅπου
966 2333 1030 2388 ἂν
1084 2335 1135 2388 ἕν
1193 2335 1346 2402 καιρῷ
1388 2334 1486 2406 [τι]
1548 2336 1669 2400 ὑμῖν
1727 2336 1964 2400 γένηται.
2044 2337 2103 2391 In

124 2433 354 2498 utroque
391 2425 506 2479 loco
554 2446 603 2479 τι
654 2423 940 2479 delendum
981 2440 1097 2478 esse
1143 2438 1369 2485 censeo,
1426 2421 1566 2493 quod
1627 2424 1679 2476 in
1738 2424 2106 2496 Xenophontis

123 2513 238 2569 loco
273 2514 555 2585 occupavit
595 2511 768 2568 facere
810 2494 1186 2566 Schneiderus.
1267 2510 1325 2565 In
1381 2510 1669 2565 Helleuieis
1712 2518 1795 2566 ter
1841 2528 1902 2566 eo
1950 2512 2105 2567 modo

122 2601 336 2657 locutus
390 2600 678 2673 Xenophon
730 2607 838 2656 est:
888 2600 1081 2655 lll.1v.
1125 2603 1175 2653 9.
1231 2599 1507 2672 Lysander
1555 2599 1619 2653 ad
1667 2599 1974 2670 Agesilaum
2030 2601 2105 2654 ita

122 2690 290 2746 dicit:
349 2689 670 2759 ἀπόπεμψόν
724 2690 810 2744 ποί
858 2709 944 2754 με.
987 2686 1110 2742 ὅπου
1148 2688 1254 2754 γαρ
1302 2686 1367 2742 ἂν
1409 2685 1443 2742 ὦ
1484 2688 1794 2755 πειράσομαι
1844 2690 1894 2742 ἐν
1949 2692 2103 2757 καιρῷ

120 2798 195 2836 σοι
246 2775 414 2840 εἶναι,
473 2785 527 2832 et
566 2776 652 2831 lv.
697 2794 770 2831 ιη.
816 2779 865 2829 2.
921 2773 1001 2843 ἆρ’
1060 2775 1124 2830 ἂν
1165 2777 1216 2830 ἐν
1273 2779 1427 2844 καιρῷ
1485 2777 1680 2841 γένοιτο
1732 2779 1774 2831 εἰ
1822 2779 1877 2831 αἱ
1925 2778 2103 2837 πόλεις

120 2868 214 2930 τὴν
257 2868 395 2928 νίκην
445 2869 510 2926 ὡς
561 2865 768 2933 τάχιςα
816 2866 1079 2927 πύθοιντο;
1138 2864 1239 2919 Sed
1285 2863 1591 2919 luculentus
1646 2865 1915 2936 imprimis
1957 2866 2103 2920 locus

122 2962 205 3012 est
251 2955 363 3011 Vll.
421 2972 490 3009 tv.
542 2958 592 3008 8.
653 2954 892 3014 σωθέντες
950 2955 1045 3017 μὲν
1096 2953 1201 3020 γὰρ
1255 2951 1371 3012 ἴσως
1433 2951 1497 3006 ἂν
1550 2950 1691 3015 αὖθις
1745 2953 1820 3008 ἔτι
1876 2955 2000 3008 ποτὲ
2050 2955 2099 3007 ἐν

123 3047 274 3113 καιρῷ
317 3046 435 3110 ὑμῖν
474 3044 782 3108 γενοίμεθα,
834 3042 923 3095 ἐὰν
960 3042 1011 3095 δὲ
1055 3046 1140 3095 νῦν
1185 3041 1500 3106 ἀπολώμεθα
1557 3043 1704 3103 δῆλον
1742 3039 1818 3097 ἔτι
1859 3042 2098 3097 οὐδέποτε

121 3134 361 3200 χρήσιμοι
402 3132 476 3187 ἔτι
532 3131 770 3196 ἐσόμεθα.
852 3128 1011 3184 Vides
1063 3146 1282 3201 prorsus
1334 3130 1622 3196 ἱσοδύναμα
1673 3146 1789 3185 esse
1846 3131 1896 3184 ἐν
1944 3132 2096 3197 καιρῷ

120 3216 253 3274 εἶναι
283 3240 379 3274 τινι
413 3228 466 3275 et
499 3217 632 3275 εἶναι’
659 3240 754 3274 τινι
791 3221 1077 3287 χρήσιμον,
1122 3226 1178 3273 ut
1213 3217 1278 3273 de
1319 3217 1727 3289 interpolatione.
1768 3218 1866 3273 loci
1912 3219 1963 3271 in
1998 3217 2095 3290 Cy-

120 3306 366 3380 ropaedia
409 3307 552 3363 nulla
593 3323 872 3381 superesse
910 3307 1079 3380 possit
1118 3306 1397 3361 dubitatio.

198 3396 422 3467 Apparet
468 3395 769 3451 luculenter
807 3412 869 3450 ex
912 3395 1098 3450 iisdem
1136 3394 1265 3449 locis
1311 3393 1575 3467 quomodo
1615 3395 1684 3448 sit
1722 3391 2091 3466 accipiendum

121 3481 261 3554 quod
317 3484 370 3537 in
413 3482 640 3539 Anabasi
688 3482 888 3555 legitur
926 3483 1016 3539 ΙΙΙ.
1061 3502 1092 3538 ι.
1139 3487 1226 3539 39.
1275 3482 1330 3547 ἦν
1375 3484 1463 3538 καὶ
1518 3485 1635 3542 τοὺς
1675 3480 1869 3540 ἄλλους
1919 3500 2092 3547 παροι-

122 3571 388 3639 θαρρύνητε
439 3568 578 3637 οἶμαι
617 3574 754 3636 ὑμᾶς
796 3572 933 3626 πάνυ
971 3572 1034 3626 ἂν
1076 3574 1125 3624 ἐν
1169 3573 1320 3640 καιρῷ
1358 3579 1597 3634 ποιῆσαι,
1642 3569 1690 3623 id
1738 3577 1818 3623 est
1856 3568 1992 3623 πάνυ
2030 3569 2093 3623 ἂν

1717 3658 1791 3692 29.
