2436 4068
990 189 1086 238 581

62 341 203 391 κοῦσι
251 335 396 390 κακοὶ
451 341 604 394 τοιῖς
649 332 965 400 ποιτρίσιν
1013 330 1327 398 ἀλεξητῆρες
1375 329 1539 396 εἶναι,
1589 339 1640 386 et
1686 331 1870 388 multis
1915 334 2036 389 aliis

61 424 208 478 locis.

137 511 194 564 In
236 526 353 581 cap.
387 508 474 563 VI.
519 512 549 580 §
598 513 684 563 10.
739 511 767 571 ἦ
808 506 1040 575 γεωργίαι
1079 504 1173 570 ἔξω
1211 511 1309 561 τῶν
1344 507 1608 574 ἐρυμάτων
1644 509 1716 563 τοὶ
1768 510 2037 573 ἐπιτήδειοι

58 597 268 665 φύουσά
315 618 374 652 τε
407 597 495 651 καὶ
548 596 811 665 τρέφουσα.
849 595 999 655 τοὺς
1045 595 1525 663 ἐργαζομένους
1567 596 1763 651 vitium
1802 604 1885 652 est
1924 614 2035 652 ma·

61 685 317 740 nil'estum
358 691 413 740 et
465 684 731 740 medicina
776 690 942 739 certa.
1020 682 1222 755 Nempe
1265 682 1450 737 eodem
1496 682 1671 748 redit,
1712 690 1774 739 ut
1819 685 2039 758 opinor,

62 773 378 837 τάπιτήδειά
414 794 512 828 τινι
547 772 755 840 Φύουσά
805 778 858 826 et
910 770 1174 841 τρέφουσά
1207 789 1357 824 τινάε
1411 777 1495 825 est
1541 772 1684 826 enim
1723 774 2040 838 τάπιτήδεια

59 862 212 930 φύειν
271 861 583 933 planissime
642 858 784 914 idem
839 866 1002 931 atque
1048 860 1241 927 τροφὴν
1296 857 1564 926 παρέχειν.
1645 859 1750 915 Sed
1808 861 2042 917 absurde

61 948 264 1004 dicitur
317 948 652 1020 agricultura
706 953 1000 1019 utrumque
1063 946 1164 1001 hoc
1221 944 1396 1000 facere
1454 944 1548 1010 ἔξω
1599 953 1699 1001 τῶν
1751 948 2038 1016 ἐρυμάτων.

61 1036 312 1091 Solebant
355 1036 677 1108 diligenter,
734 1035 923 1099 credo,
974 1035 1117 1090 intra
1171 1034 1382 1090 moenia
1421 1032 1755 1091 frumentum
1795 1053 2042 1109 compor-

58 1132 192 1180 tare.
275 1124 377 1180 Sed
414 1124 544 1196 quid
586 1123 787 1197 plura?
847 1122 1256 1178 Emendandum
1312 1127 1424 1178 est:
1478 1124 1793 1187 τάπιτήδεια
1832 1124 2042 1193 φύουσά

56 1234 118 1268 τε
157 1213 243 1267 καὶ
285 1213 550 1282 τρέφουσα
587 1220 727 1274 τοῖς
775 1210 1296 1280 ἐργαζομένοις.
1375 1209 1587 1282 Inspice
1624 1210 1760 1266 mihi
1794 1210 1856 1265 V.
1902 1217 1954 1267 5.
2009 1216 2039 1277 ἡ

57 1308 130 1366 γῆ
168 1301 276 1370 ὄψά
328 1301 507 1356 πολλοὶ
546 1302 619 1356 τά
657 1301 754 1367 μὲν
791 1300 943 1369 φύει,
982 1300 1056 1354 τοὶ
1102 1299 1154 1354 δὲ
1193 1298 1407 1369 τρέφειε
1450 1315 1642 1372 nempe
1694 1300 1922 1369 τρέφει
1971 1301 2043 1357 τοὶ

58 1390 308 1457 πρόβατα
344 1397 450 1450 τοῖς
501 1389 773 1457 ἀνθρώποις
821 1394 874 1443 et
909 1387 987 1441 sic
1034 1403 1246 1459 quoquc
1286 1388 1355 1441 iis
1392 1389 1584 1457 τροφὴν
1626 1388 1879 1458 παρέχει,
1919 1388 2042 1444 vide

59 1476 244 1543 modo,
284 1494 420 1549 quae
459 1477 572 1531 illic
610 1482 931 1548 sequuntur.

54 1549 69 1571 ³
134 1565 193 1619 ln
234 1582 350 1638 cap.
388 1565 474 1620 vl.
518 1567 548 1636 §
588 1566 673 1619 11.
726 1565 813 1619 καὶ
855 1562 1035 1618 τοιῦτά
1081 1583 1168 1630 μοι
1208 1563 1331 1619 δοκῶ
1390 1565 1541 1629 ἡδέως
1580 1565 1802 1634 ὲκάτεροι
1837 1565 2040 1632 ἀκούειν

59 1674 176 1716 σου,
229 1653 393 1709 stulte
456 1653 559 1708 sibi
608 1652 740 1708 haec
788 1653 971 1707 audire
1022 1651 1236 1706 videtur
1287 1669 1317 1707 e
1361 1651 1618 1717 Socrate,
1681 1656 1775 1727 qui
1817 1654 2041 1712 verbum

58 1742 265 1798 nullum
324 1740 481 1796 facit:
541 1740 633 1796 sed
690 1741 927 1796 lubenter
981 1758 1036 1795 se
1083 1739 1210 1794 haec
1261 1741 1565 1797 auditurum
1621 1742 1822 1799 dixisse
1883 1743 2038 1800 facile

57 1838 223 1903 patet.

131 1919 320 1990 ltaque
358 1916 663 1990 Stephanus
697 1916 935 1972 ἀκούσειν
974 1915 1297 1989 reponebat,
1338 1917 1479 1989 quod
1520 1934 1549 1973 a
1592 1918 1920 1978 Schneidero
1954 1938 2040 1979 re-

54 2014 307 2079 ceptum,
365 2005 631 2078 pessime:
690 2021 924 2076 namque
977 2021 1124 2060 mera
1177 2003 1451 2061 barbaries
1509 2013 1591 2061 est
1649 2010 1884 2065 ἀκούσειν
1939 2028 2039 2084 pro

50 2096 380 2150 ἀκούσεσθαι.
439 2093 828 2165 Corrigendum
865 2100 947 2147 est
975 2092 1129 2156 ἡδέως
1173 2092 1277 2166 (ἀν)
1321 2093 1543 2163 ἑκάτεροι
1579 2096 1813 2163 ἀκούειν,
1853 2115 2038 2170 quem-

53 2182 342 2238 admodum
385 2182 538 2245 ἡδέως
579 2182 644 2236 ἂν
696 2182 931 2246 ἀκούοιμι
973 2187 1026 2235 et
1074 2181 1197 2236 sim.
1240 2198 1398 2254 saepe
1445 2182 1864 2241 Atheniensibus
1909 2197 2038 2244 sunt

53 2273 108 2327 in
150 2288 258 2326 ore.
338 2269 548 2342 Inspice
599 2268 757 2348 modo
796 2269 910 2323 Vll.
954 2273 1004 2324 9.
1062 2272 1216 2324 ταῦτ’
1263 2269 1329 2324 ἀν
1383 2269 1514 2334 ἥδιόν
1569 2293 1657 2327 σου
1705 2274 2035 2343 διηγουμένου

0 2408 1 2440 ἶ
51 2361 381 2426 ἀκούοιμι.
1975 2347 1980 2351 ’

128 2448 399 2504 Futurum
453 2446 653 2502 ἀκούσω
693 2462 790 2518 pro
832 2447 1119 2513 ἀκούσομαι
1174 2463 1372 2519 ponere
1417 2449 1551 2505 solet
1585 2451 1778 2506 vitiosa
1826 2454 2037 2525 sequio-

51 2554 173 2593 rum
224 2538 479 2600 συνήθειαι.
558 2535 848 2608 Dionysius
904 2534 1426 2603 Halicarnassensis,
1476 2539 1568 2610 qui
1623 2546 1796 2595 scatet
1851 2542 2036 2598 istius-

52 2625 195 2683 modi
237 2623 546 2689 erroribuS,
598 2623 816 2696 scripsit
856 2623 1171 2686 ἀκούσοντας
1212 2642 1309 2697 pro
1362 2628 1730 2694 ἀκουσομένους
1773 2630 1827 2685 in
1866 2631 1927 2686 Α.
1967 2632 2032 2693 R.

54 2714 115 2768 V.
157 2718 247 2770 57.
291 2729 340 2785 p.
371 2716 483 2768 980
524 2712 585 2767 R.
627 2711 861 2777 σύνθημα
894 2712 1215 2779 ληψομένους
1255 2714 1342 2768 κοιὶ
1383 2711 1420 2769 ἀ
1459 2715 1540 2771 δεῖ
1574 2716 1821 2784 πράττειν
1855 2721 2032 2778 ἀκού·

48 2823 306 2864 σοντοις.
387 2800 724 2873 Quamquam
767 2801 821 2853 in
875 2801 1079 2873 optimo
1118 2818 1331 2873 quoque
1384 2803 1648 2876 scriptore
1698 2807 1922 2880 antiquo
1960 2809 2035 2866 lc·

49 2891 223 2965 gendo
255 2898 309 2947 et
349 2887 696 2945 diiudicando
736 2895 966 2944 aetatem
1008 2890 1338 2946 contriverat
1376 2890 1668 2967 Dionysius
1704 2901 1880 2952 tamen
1919 2899 2032 2972 ipse

50 2979 385 3054 negligenter
436 2976 724 3033 admodum
765 2984 819 3032 et
866 2978 1055 3034 vitiose
1095 2978 1314 3034 scribit:
1369 2980 1532 3036 etiam
1573 2984 1894 3041 ἀπολαύσειν
1934 3005 2032 3060 pro

50 3069 440 3126 ἀπολαύσεσθοιι
484 3065 618 3122 solet
657 3082 852 3138 ponere
878 3108 891 3131 ,
938 3065 1058 3122 vide
1095 3067 1147 3121 in
1188 3067 1476 3124 Reiskiana
1515 3070 1750 3128 editione
1792 3091 1840 3145 p.
1888 3080 2027 3132 1044

50 3165 104 3212 et
147 3161 305 3213 ¹051.
387 3155 647 3227 Sequitur
694 3155 747 3209 in
800 3154 984 3211 eadem
1035 3172 1092 3210 re
1149 3155 1368 3212 Veteres
1418 3174 1536 3230 pag.
1575 3163 1738 3216 2024.
1821 3161 1920 3217 Sed
1961 3165 2027 3220 de

49 3245 168 3301 eius
208 3243 532 3316 negligentia
573 3242 704 3299 alias
739 3242 971 3316 plurima
1009 3260 1271 3318 exponere
1307 3246 1359 3300 in
1401 3247 1581 3302 animo
1622 3257 1734 3305 est:
1778 3267 1920 3307 nunc
1956 3252 2023 3309 ad

50 3332 461 3389 Oeconomicum
503 3338 759 3388 revertor.

129 3420 187 3475 ln
240 3436 353 3493 cap.
391 3420 503 3476 v11.
547 3424 599 3475 2.
651 3422 752 3476 οὐδ’
793 3420 857 3475 ἀν
918 3421 1028 3495 [γε]
1089 3425 1173 3477 νῦν
1214 3454 1272 3462 -
1326 3423 1479 3491 ἓῶροις
1532 3423 1753 3480 delenda
1807 3435 1887 3482 est
1946 3447 2029 3484 vo-

52 3508 169 3575 cula
223 3529 325 3573 γε.
385 3524 545 3579 quam
602 3511 869 3566 sententia
926 3509 1025 3565 loci
1083 3527 1300 3582 prorsus
1355 3513 1597 3583 respuit,
1656 3520 1707 3567 et
1763 3515 1806 3568 si
1861 3533 2022 3587 quam
