2436 4068
1028 205 1134 254 419

94 357 246 419 Κῦρον
284 351 430 404 οἴοιτο
481 350 846 411 αἰσθήσεσθαι,
905 355 987 401 est
1043 346 1260 418 quidem
1315 350 1456 416 αὐτῷ
1511 350 1563 403 in
1615 351 1834 422 optimis
1887 351 2073 416 libris,

94 439 186 495 sed
224 456 290 493 ex
330 438 524 491 vicinis
577 452 760 492 errore
809 441 997 489 natum
1046 443 1099 490 et
1148 435 1431 491 delendum
1486 453 1601 491 esse
1648 439 1831 509 arguit
1881 457 2073 495 nomen

92 532 247 595 Κῦρον
284 527 338 580 in
383 524 560 580 verbis
601 540 739 595 quae
778 524 960 577 statim
999 530 1319 594 sequuntur.
1401 525 1612 581 Puerile
1646 528 1790 581 enim
1830 535 1884 581 et
1931 529 2073 600 inep⁴

93 625 211 670 tmn
248 623 331 669 est.
368 612 575 668 dicere:
628 615 652 664 ὁ
690 616 845 679 Κῦρος
885 611 1108 671 πολλοὺς
1164 609 1280 678 εἶχε
1331 615 1452 679 πρὸς
1504 616 1563 668 τὸ
1611 616 1909 670 κινδυνεύειν
1961 637 2076 685 προ·
2138 667 2140 669 ,

89 703 260 768 θύμως
293 701 547 769 ἔχοντας,
578 698 701 754 ὅπου
723 721 801 760 τις
842 702 1031 765 Κῦρον
1066 698 1212 752 οἴοιτο
1244 701 1574 764 αἰσθήσεσθαι
1595 745 1609 764 ,
1653 709 1842 757 contra
1876 706 2078 775 optime

91 789 252 846 habet
289 787 412 844 ὅπου
451 810 531 850 τις
570 793 726 855 Κῦρον
766 786 913 841 οἴοιτο
953 787 1283 848 αἰσθήσεσθαι
1336 789 1517 842 πολλοὶ
1567 785 1696 851 ἦσαν
1737 793 1781 845 οἱ
1829 793 2076 849 κινδυνεύ·

90 900 164 934 ειν
197 878 492 940 ἐθέλοντες,
532 875 694 947 idque
727 876 904 947 ipsum
942 872 1162 928 habebis
1203 874 1248 928 si
1289 877 1430 943 αὐτῷ
1475 879 1816 948 expunxeris.

165 966 228 1022 ln
268 965 309 1020 I.
351 982 421 1019 tx.
465 967 554 1019 29.
606 966 874 1030 τεκμήριον
914 963 966 1016 δὲ
1005 962 1187 1016 τούτου
1246 963 1333 1017 καὶ
1387 964 1539 1019 τόδε·
1591 966 1736 1033 παρὰ
1785 968 1880 1032 μὲν
1920 968 2079 1036 Κύρου

90 1054 270 1111 δούλου
316 1053 455 1113 ὄντος
493 1052 654 1114 οὐδεὶς
705 1054 864 1120 ἀπῄει
902 1053 1023 1119 πρὸς
1070 1050 1308 1115 βασιλέα
1331 1093 1344 1112 ,
1405 1051 1761 1123 supplendum
1809 1062 1891 1110 est
1938 1057 2082 1125 παρὰ

92 1145 187 1210 μὲν
248 1141 398 1217 (γὰρ)
452 1141 648 1208 Κύρου,
700 1139 971 1194 constanti
1017 1138 1161 1192 enim
1221 1155 1325 1193 usu
1378 1139 1470 1193 ubi
1521 1149 1728 1206 σημεῖον
1772 1143 1825 1196 δέ
1865 1150 1960 1197 aut
1999 1166 2080 1199 τε·

93 1233 301 1299 κμήριον
335 1229 390 1284 δέ
428 1227 737 1301 praecedit,
778 1226 983 1282 videbis
1022 1226 1128 1294 γάρ
1171 1227 1224 1280 in
1268 1227 1384 1298 ipso
1423 1235 1743 1298 argumento
1791 1230 2079 1303 interponi.

95 1319 415 1390 Loquuntur
466 1317 656 1372 Graeci
691 1332 878 1369 omnes
927 1316 983 1368 in
1025 1314 1118 1369 tali
1157 1330 1250 1378 re,
1293 1322 1350 1369 ut
1391 1315 1725 1388 Antiphanes
1765 1318 1906 1389 apud
1958 1321 2079 1373 Por-

94 1406 248 1480 phyr.
291 1405 357 1460 de
393 1405 604 1460 Abstin.
638 1404 702 1458 11.
751 1408 834 1458 17.

471 1495 739 1560 τεκμήριον
779 1494 853 1546 δ’·
894 1487 1018 1544 ὅταν
1058 1492 1164 1558 γὰρ
1205 1492 1513 1558 ἑκατόμβας
1553 1494 1685 1552 τινές

470 1582 649 1636 θύωσιν
688 1580 774 1634 ἐπὶ
814 1579 1010 1640 τούτοις
1050 1577 1248 1633 ἅπασιν
1291 1577 1480 1641 ὕςατος

476 1667 922 1743 (ἁπαξα)ποὶντων
963 1666 1050 1720 καὶ
1092 1667 1382 1732 λιβανωτὸς
1423 1669 1655 1731 ἐπετέθη.

168 1758 340 1827 Quam
376 1757 609 1830 plurima
650 1756 812 1811 huius
847 1755 926 1810 rei
964 1754 1207 1826 exempla
1247 1762 1405 1821 sunt,
1444 1763 1496 1811 et
1532 1756 1968 1829 frequentissima
2000 1765 2082 1814 est

91 1863 155 1902 ea
192 1845 446 1919 loquendi
474 1843 834 1909 consuetudo,
877 1844 1193 1915 praesertim
1241 1843 1544 1918 Thucydidi
1587 1852 1640 1899 et
1676 1843 1990 1901 Oratoribus
2026 1855 2080 1901 et

94 1934 336 1996 Platoni.
390 1934 484 1989 ubi
522 1935 791 1999 τεκμήριον
833 1931 918 1990 δέ.
975 1939 1186 1997 σημεῖον
1231 1933 1284 1987 δέ
1307 1975 1322 1994 ,
1379 1933 1654 2001 μαρτύριον
1695 1934 1784 1998 δέ,
1823 1934 1985 1990 αἴτιον
2026 1937 2081 1990 δέ

92 2022 366 2095 praecedit
415 2030 469 2078 et
528 2021 847 2093 interposito
908 2019 1014 2086 γάρ
1081 2030 1503 2091 argumentum,
1562 2020 1858 2086 indicium,
1918 2039 2081 2077 causa

90 2110 459 2182 subiungitur.
540 2109 643 2176 Qui
686 2109 741 2162 in
785 2107 868 2161 his
904 2107 1117 2163 dicendi
1169 2125 1325 2162 usum
1380 2108 1474 2164 diu
1514 2114 1567 2164 et
1616 2109 1847 2164 multum
1903 2109 2078 2166 obser·

89 2201 296 2256 vaverit
334 2198 483 2253 dabit
523 2197 657 2252 mihi
697 2197 862 2250 etiam
906 2198 958 2250 in
1014 2194 1383 2267 Xenophontis
1426 2196 1540 2252 loco
1588 2197 1693 2264 γαρ
1748 2201 1926 2254 omitti
1971 2217 2084 2273 nonr

88 2289 341 2362 potuisse.
424 2286 585 2340 Recte
626 2284 769 2339 docti
811 2283 1054 2338 homines
1099 2283 1454 2339 emendarunt
1496 2285 1670 2340 locum
1728 2288 1781 2341 in
1835 2288 2074 2360 Xenoph.

90 2375 276 2451 Symp.
317 2374 405 2430 lv.
452 2378 540 2430 17.
602 2374 870 2439 τεκμήριον
925 2373 1013 2425 δέ·
1056 2372 1404 2440 θαλλοφόρους
1443 2374 1565 2440 γαρ
1612 2384 1676 2444 τῇ
1726 2377 1918 2446 Ἀθηνᾷ
1958 2378 2076 2439 τοὺς

32 2487 34 2490 ’
88 2466 280 2525 καλοὺς
331 2463 576 2530 γέροντας
618 2461 956 2525 ἐκλέγονται,
1008 2459 1099 2514 ubi
1140 2461 1488 2530 θαλλοφόρους
1541 2463 1605 2516 δὲ
1645 2471 1709 2531 τῇ
1760 2466 1951 2536 Ἀθηνᾷ
1997 2474 2079 2520 est

15 2583 17 2586 >
87 2554 144 2608 in
184 2552 338 2608 libris
377 2550 643 2605 omnibus,
727 2548 927 2603 Eadem
962 2565 1121 2620 opera
1163 2549 1368 2603 Isaeum
1410 2550 1621 2620 corrige
1661 2550 1807 2606 Orat.
1849 2553 1942 2611 XI.
1989 2558 2076 2608 40.

32 2625 38 2679 Ϊ
86 2642 354 2707 τεκμήριον
397 2639 485 2698 δέ·
538 2637 693 2692 εἴκοσι
742 2641 879 2703 μνοῖς
934 2636 1170 2704 ἑκάτερος
1211 2640 1351 2702 ἡμῶν
1404 2638 1487 2691 ἐπὶ
1532 2647 1595 2707 τῇ
1637 2641 1844 2703 γυναικὶ
1889 2649 2075 2709 προῖκα

87 2727 291 2796 ἔλαβε,
331 2734 392 2782 tu
432 2726 621 2799 supple
660 2725 814 2780 εἴκοσι
859 2724 1006 2799 (γὰρ)
1048 2730 1186 2791 μνοῖς
1225 2728 1333 2780 κτὲ.

14 2821 17 2827 “
165 2815 224 2871 ln
246 2816 445 2870 vicinia
481 2814 629 2869 locus
668 2821 751 2869 est
791 2813 931 2868 unde
967 2814 1204 2867 iuniores
1247 2814 1453 2869 utiliter
1489 2832 1810 2886 cognoscere
1833 2818 2071 2888 possint,

87 2903 353 2977 quomodo
391 2902 551 2959 verba
593 2902 829 2957 insiticia
870 2902 924 2956 in
958 2901 1188 2957 alienam
1225 2902 1403 2957 sedem
1447 2903 1724 2959 insinuare
1758 2921 1814 2959 se
1849 2904 2070 2960 soleant.

84 2991 240 3060 Quod
298 2992 442 3047 enim
482 2991 522 3045 1.
567 3009 634 3045 ix.
678 2995 769 3046 51.
824 2990 1128 3045 rectissime
1178 2989 1378 3061 legitur
1428 2991 1622 3053 πάντες
1662 2995 1706 3047 οἱ
1757 2994 1870 3061 περὶ
1915 2995 2072 3048 αὐτὸν

86 3082 232 3149 Φίλοι
287 3081 373 3135 καὶ
430 3078 765 3148 συντράπεζοι
821 3077 1115 3148 μαχόμενοι
1180 3080 1433 3134 ἀπέθανον
1497 3081 1620 3148 ὑπὲρ
1675 3080 1836 3148 Κύρου
1861 3123 1874 3147 ,
1934 3083 2072 3144 πλὴν

88 3169 331 3236 Ἀριαίου.
386 3165 530 3230 οὗτος
587 3169 639 3222 δὲ
689 3167 1015 3232 τεταγμένος
1065 3168 1363 3236 ἐτύγχανεν
1416 3169 1501 3223 ἐπὶ
1558 3171 1628 3237 τῷ
1681 3171 1919 3238 εὐωνύμῳ
1982 3176 2070 3224 τοῦ

88 3259 300 3312 ἱππικοῦ
344 3255 548 3325 ἄρχων,
590 3254 806 3310 videant
841 3272 1000 3327 quam
1043 3255 1276 3311 absurde
1317 3257 1588 3312 invectum
1611 3258 1682 3312 sit
1725 3258 1849 3312 hinc
1892 3259 1942 3311 in
1970 3256 2069 3312 Xe-

90 3344 375 3416 nophontis
392 3342 803 3401 oeconomicum
825 3343 912 3399 lv.
942 3348 1026 3400 19.
1068 3345 1238 3413 ἐκείνῳ
1280 3343 1459 3418 (Cyro)
1501 3347 1543 3399 οἱ
1582 3347 1726 3414 φίλοι
1766 3345 2068 3401 ἀποθανόντι

90 3433 431 3487 συναπέθανον
476 3431 667 3494 πάντες
718 3433 832 3500 περὶ
869 3434 955 3487 τὸν
991 3435 1156 3501 νεκρὸν
1192 3433 1485 3500 μαχόμενοι
1527 3437 1689 3505 [πλήν
1723 3454 1786 3498 γε
1827 3436 2068 3501 Ἀριαίου.

89 3521 310 3584 ’Λριαῖος
349 3521 389 3573 δ’
429 3518 615 3589 ἔτυχεν
651 3520 734 3575 ἐπὶ
777 3524 847 3588 τῷ
888 3522 1126 3589 εὐωνύμῳ
1167 3522 1535 3593 τεταγμένος].

168 3605 442 3666 Manifesta
483 3608 820 3680 interpolatio
855 3617 1069 3665 tenetur
1105 3611 1155 3664 in
1196 3610 1233 3665 1.
1268 3627 1318 3666 x.
1364 3615 1408 3664 1.
1489 3609 1751 3680 Compone
1789 3609 1921 3665 mihi
1956 3627 2068 3666 ver·

1692 3703 1727 3733 :n
1752 3699 1766 3716 .
