2436 4068
1267 236 1336 284 50

318 380 466 453 plum
503 383 732 433 aetatem
774 377 897 432 tulit
938 379 991 431 in
1031 377 1311 430 notissimo
1350 390 1509 428 versu
1551 373 1864 431 Theocriteo
1905 378 2015 432 XV.
2053 383 2150 434 94:

584 469 658 533 μὴ
696 467 834 535 φύη,
873 465 1194 527 Μελιτῶδες,
1237 460 1287 523 ὃς
1328 462 1500 528 ἀμέων
1536 464 1774 529 καρτερὸς
1808 463 1912 526 εἴη.

320 554 490 610 forma
529 555 647 616 δύην
685 555 739 608 in
778 554 1007 607 Homero
1036 568 1141 604 non
1176 550 1291 606 sine
1324 549 1561 623 periculo
1596 552 1763 605 evasit
1802 557 1854 606 et
1885 569 1916 606 a
1948 553 2163 609 Criticis
2196 570 2303 610 ser·

318 649 442 697 vata
481 648 563 698 est
599 643 655 695 in
698 640 885 713 odyss,
922 660 957 694 1.
1000 643 1125 694 577.

622 727 856 795 θάρσυνον
890 729 964 792 μή
1000 727 1080 788 τίς
1120 747 1204 792 μοι
1247 727 1547 788 ὑποδδείσας
1586 726 1781 787 ἀναδύη
1804 767 1818 782 .

322 825 375 873 et
407 816 490 872 his
525 838 572 871 σ.
610 819 750 876 548,
794 835 840 868 υ.
879 817 986 868 286
1024 817 1112 870 οὐκ
1145 814 1517 881 εἴα-λώβης
1554 814 1795 882 ἴσχεσθαι
1817 813 2025 883 -όφρ’
2056 813 2131 868 ἔτι
2165 817 2305 880 μάλ-

317 919 405 960 λον
445 904 535 966 δύη
575 901 710 971 ἄχος
750 903 980 984 κραδίην,
1023 902 1114 956 ubi
1153 902 1279 956 olim
1313 920 1590 974 perperam
1635 902 2012 957 coniunctivus
2044 903 2135 971 δύη
2170 902 2306 973 lege-

317 992 494 1048 batur.
573 989 721 1045 Idem
762 990 956 1043 vitium
992 996 1073 1044 est
1112 991 1168 1044 in
1209 991 1451 1043 Timonis
1488 991 1697 1050 Σίλλοις
1739 989 1880 1060 apud
1921 989 2142 1044 Sextum
2182 990 2308 1044 Em-

317 1080 420 1152 pir.
457 1078 575 1134 adv.
610 1077 861 1133 Mathem.
901 1077 990 1133 IX.
1033 1076 1071 1151 S
1118 1081 1205 1132 40.
1278 1077 1623 1149 Protaqora3‚
1663 1077 1869 1148 inquit,
1910 1081 2095 1150 suqam
2134 1094 2304 1149 capes-

317 1167 438 1221 sivit
1365 1164 1501 1235 ὄφρα
1539 1167 1612 1231 μη
1653 1163 1821 1226 αὕτως

622 1254 943 1321 Σωκρατικὸν
981 1254 1133 1308 πίνων
1173 1253 1374 1322 ψυχρὸν
1414 1255 1566 1307 ποτὸν
1601 1251 1704 1307 ἄϊδι
1743 1253 1871 1323 δύη,

317 1342 434 1414 lege
462 1340 589 1397 ἀϊδα
623 1343 745 1404 δύη,
789 1341 844 1395 id
873 1348 954 1396 est
973 1341 1233 1396 ἀποθάνοι.
1288 1341 1567 1395 Contrario
1601 1356 1783 1394 errore
1823 1338 1965 1412 apud
1997 1336 2307 1411 Aristopha-

317 1447 441 1486 nem
477 1431 532 1484 in
573 1430 781 1500 Equitt.
816 1446 893 1483 vs.
940 1434 1083 1484 1056
1119 1429 1262 1501 apud
1302 1445 1487 1483 omnes
1521 1427 1864 1483 circumferri
1896 1426 2076 1482 video:

546 1518 637 1572 καί
667 1539 724 1571 κε
760 1518 889 1582 γυνη
926 1516 1066 1586 φέροι
1106 1516 1268 1585 ἄχθος
1308 1518 1424 1572 ἐπεί
1462 1538 1546 1571 κεν
1586 1518 1708 1583 ἀνὴρ
1740 1516 1947 1577 ἀναθείη
1972 1558 1985 1579 ,

318 1606 411 1660 ubi
450 1606 854 1660 coniunctivum
901 1606 1109 1675 ἀναθείη
1160 1606 1393 1677 requiro.
1473 1605 1755 1659 Caeterum
1805 1609 1997 1673 φυῆναι
2053 1609 2106 1657 et
2154 1603 2304 1672 φυείς

314 1711 420 1749 11011
459 1694 564 1747 nisi
607 1709 725 1747 sero
765 1693 906 1746 natis
946 1692 1222 1747 Graeculis
1262 1693 1642 1748 semibarbaris
1684 1694 1739 1746 in
1779 1709 1882 1747 usu
1922 1692 2170 1755 fuerunt,
2211 1689 2305 1745 sed

315 1783 452 1846 ἔδυν,
491 1782 623 1845 δῦθι,
662 1781 836 1841 δῦναι,
892 1780 979 1841 δύς
1034 1788 1115 1834 sat
1161 1782 1267 1835 cito
1307 1781 1448 1853 apud
1496 1797 1681 1835 omnes
1732 1780 2020 1851 depravata
2072 1779 2200 1833 sunt
2246 1779 2304 1832 in

314 1869 601 1935 ε’δυσάμην,
640 1867 1011 1934 ἀπεδυσάμην,
1050 1869 1332 1933 ἀπόδυσαι,
1390 1870 1727 1932 ἐκδύσασθαι,
1766 1867 2126 1933 ε’νδυσάμενος,
2167 1883 2306 1938 quae

314 1957 517 2012 formae
538 1972 723 2010 omnes
746 1956 1029 2010 Veteribus
1058 1964 1183 2011 sunt
1219 1974 1439 2028 prorsus
1473 1955 1753 2018 barbarae,
1794 1972 2120 2026 quamquam
2160 1972 2302 2009 nunc

312 2046 657 2100 librariorum
698 2044 828 2097 vitio
873 2046 1108 2116 optimus
1146 2045 1373 2116 quisque
1412 2045 1667 2099 Veterum
1710 2045 1786 2097 ita
1826 2042 2026 2098 dixisse
2063 2049 2301 2115 putatur.

276 2201 281 2204 .
315 2133 374 2187 In
418 2132 643 2187 Bekkeri
684 2130 880 2186 Anecd.
923 2149 975 2202 p.
1013 2135 1152 2196 427,
1193 2135 1280 2194 25.
1320 2132 1528 2186 editur:
1570 2133 1878 2185 Ἀποδῦσαιε

616 2222 821 2285 μᾶλλον
851 2221 894 2274 δ’
928 2220 1140 2274 ἀπόδυθι
1176 2220 1385 2289 ταχέως
1428 2260 1441 2275 .
1485 2262 1496 2272 .
1542 2260 1554 2274 .
1595 2219 1861 2288 Παμφίλη

617 2308 858 2375 ἡμέτερος
896 2309 918 2362 o‘
964 2313 1158 2370 πλοῦς.

317 2397 411 2451 ubi
435 2395 855 2451 emendandum:
895 2396 1185 2459 ἀπόδυσαι,
1228 2401 1434 2462 μᾶλλον
1475 2398 1518 2452 δ’
1556 2396 1786 2450 ἀπόδυθι.
1832 2394 1857 2420 ¹*
1883 2396 1908 2419 ²*

617 2483 830 2539 ἀπόδυθι
870 2485 1104 2552 ταχέως,
1145 2485 1414 2554 Πάμφιλ’,
1458 2485 1750 2551 ἧμέτεροςό
1791 2486 1977 2544 πλοῦς.

316 2573 517 2628 excidit
568 2589 762 2627 nornen
811 2572 1013 2627 Comici
1065 2579 1119 2627 et
1178 2572 1387 2628 fabulae
1435 2580 1488 2627 et
1536 2573 1825 2644 repetitum
1872 2570 2110 2634 ἀπόδυθι,
2163 2571 2304 2641 quod

317 2661 525 2716 scribae
570 2661 751 2715 oculos
804 2660 1005 2716 fefellit.
1093 2662 1359 2730 Παμφίλη
1410 2661 1701 2715 ridiculum
1756 2666 1860 2714 est:
1916 2675 2019 2712 non
2067 2657 2306 2713 solebant

316 2749 573 2804 mulieres
621 2750 888 2804 ἀποδῦναι.
970 2748 1201 2803 Docebat
1246 2749 1644 2805 Grammaticus
1686 2747 1897 2801 ἀπόδυθι
1951 2745 2143 2799 melius
2191 2762 2306 2800 esse

315 2853 478 2909 quam
519 2836 795 2891 ἀπόδυσαι.
875 2825 1156 2891 Nesciebat
1189 2836 1333 2891 enim
1365 2837 1624 2891 ἀπόδυσαι
1659 2844 1711 2890 et
1747 2833 2105 2889 ἀποδύσασθαι
2146 2840 2199 2887 et
2239 2835 2307 2888 si·

315 2924 467 2979 milia
499 2925 678 2978 omnia
713 2923 956 2978 inaudita
987 2925 1142 2996 plane
1175 2924 1461 2979 Veteribus
1482 2932 1535 2979 et
1569 2925 1795 2979 barbara
1831 2938 1960 2976 esse.
2015 2922 2127 2975 Iam
2158 2928 2303 2986 tum,

315 3021 379 3068 ut
412 3012 629 3083 opinor,
670 3013 747 3066 sic
785 3018 939 3067 erant
968 3019 1222 3084 corrupta
1255 3013 1580 3084 exemplaria
1612 3018 1709 3066 τῶν
1740 3014 2003 3073 παλαιῶν,
2044 3025 2180 3079 quae
2211 3011 2304 3080 qui

314 3099 599 3155 emendare
653 3116 757 3152 non
809 3107 1019 3170 poterat
1070 3100 1362 3154 imbibebat
1412 3101 1715 3171 opinionem
1775 3098 1993 3158 falsam,
2051 3097 2301 3167 quemad·

315 3188 534 3243 modum
572 3203 716 3240 nunc
751 3187 843 3256 qui
877 3188 1071 3242 vitium
1107 3181 1269 3242 huius
1308 3190 1521 3259 generis
1555 3205 1657 3241 non
1695 3185 2100 3247 animadvertit,
2141 3184 2303 3238 simul

314 3292 470 3330 suam
511 3275 830 3330 Graecitatis
875 3275 1157 3329 scientiam
1204 3282 1257 3330 et
1308 3277 1555 3331 notitiam
1606 3275 1921 3345 corrumpit.
2003 3273 2105 3339 Qui
2160 3271 2303 3342 apud

313 3362 521 3419 He1·od;¹
548 3363 610 3416 V.
654 3365 758 3416 106
801 3378 968 3432 aequo
1009 3364 1187 3417 animo
1234 3363 1449 3433 legunt:
1498 3364 1634 3423 θεοὺς
1682 3363 1938 3427 ἐπόμνυμι
1987 3361 2104 3420 τοὺς
2143 3362 2299 3426 βασι·

309 3451 480 3512 ληίους
514 3452 588 3516 μὴ
619 3450 722 3516 ιμὲν
763 3449 997 3517 πρότερον
1036 3451 1348 3505 ἐκδύσασθαι
1389 3452 1473 3505 τὸν
1519 3451 1653 3518 ἔχων
1700 3451 1881 3503 κιθῶνα
1920 3449 2298 3514 καταβήσομαι

308 3540 359 3600 ἐς
405 3538 591 3602 Ἰωνίην
637 3538 752 3608 πρὶν
788 3535 852 3592 ἀν
902 3558 976 3592 τοι
1026 3540 1201 3609 Σαρδὼ
1248 3538 1570 3608 δασμοφόρον
1617 3539 1804 3602 ποιήσω
1848 3552 2019 3608 neque
2059 3537 2300 3601 sentiunt

2431 3430 2436 3573 f

2430 3604 2433 3640 i
