2436 4068
1018 196 1124 245 439

73 346 245 400 ἄλλων
298 347 556 401 πολιτῶν,
623 341 728 394 imo
782 356 904 393 vero
958 340 1198 403 ε’γκαλεῖ.
1279 339 1470 411 Elapsa
1530 346 1611 392 est
1674 347 1824 394 vetus
1883 341 2051 397 forma

76 434 200 488 ibid.
243 436 271 502 §
307 434 429 484 176.
470 434 570 483 τῶν
608 427 784 482 ἄλλων
816 428 1080 494 πρέσβεων
1113 426 1295 485 ἔκαε-ον
1334 433 1512 481 καλῶ
1551 427 1640 482 καὶ
1677 430 1808 483 δυοῖν
1848 430 2052 499 θοὶτερον

73 524 102 585 ἢ
141 527 416 587 μαρτυρεῖν
456 520 484 581 ἢ
520 517 823 582 ἐξόμνυσθαι
863 515 1246 580 ἀναγκάσω.
1327 516 1595 570 Futurum
1634 517 1744 584 χέω
1786 518 2054 574 incolume

70 609 137 663 ad
179 625 275 662 nos
316 606 560 678 pervenit
615 603 742 657 ibid.
787 606 816 674 §
856 606 984 657 215.
1036 607 1091 657 οὐ
1130 604 1236 671 γαρ
1273 606 1375 668 ἐγὼ
1426 604 1655 672 κρίνομαι
1696 606 1910 673 τήμερον
1950 608 2052 661 οὐδ’

69 698 283 763 ἐγχεῖ
328 695 473 760 μετὰ
525 694 673 746 ταῦθ’
725 690 847 758 ὕδωρ
901 692 1061 751 οὐδεὶς
1110 692 1242 755 ἐμοί.
1322 691 1605 747 Servatum
1663 700 1743 747 est
1803 693 2050 750 futurum

67 788 427 852 προκαλοῦμαι
476 783 531 835 in
572 778 719 835 Orat.
758 779 869 833 XX.
915 784 963 833 5.
1022 780 1248 838 πολλοὺς
1287 776 1344 832 εὖ
1385 788 1545 835 ποιεῖν
1602 786 2050 848 προκαλεῖσθ’

69 875 206 939 ὑμᾶς
234 905 309 912 —
339 871 548 930 πάντας
583 866 858 934 ἀπείρξετε
893 871 984 921 τοῦ
1017 869 1428 936 φιλοτιμεῖσθαι.
1509 869 1620 922 Non
1662 871 1791 925 ilem
1828 874 2049 929 διατελῶ

68 963 120 1015 in
164 959 310 1015 Orat.
350 958 486 1013 XXI.
529 961 620 1011 66.
675 962 869 1023 πρῶτον
909 957 1003 1021 μὲν
1042 956 1460 1023 ἀφαιρεθήσομαι
1497 959 1589 1019 τὴν
1625 958 1760 1020 νίκην
1800 993 1877 1002 —-
1915 961 2052 1018 ἔπει.

63 1070 134 1104 τα
181 1079 250 1089 -
287 1043 792 1115 προπηλακιζόμενος
849 1044 1268 1107 διατελέσαι,
1321 1043 1413 1097 sed
1453 1043 1599 1098 nulla
1654 1054 1735 1100 est
1786 1047 2052 1105 dubitatio

64 1138 196 1211 quin
216 1139 435 1191 διατελῶ
471 1132 858 1188 Demosthenes
894 1133 1190 1204 scripserit.
1231 1131 1364 1185 Ibid.
1407 1135 1586 1204 §119.
1630 1132 1877 1190 futurum
1906 1146 2049 1194 καλῶ

66 1233 308 1298 superest
347 1231 402 1278 et
437 1224 537 1292 ε’λᾷ
588 1226 618 1294 §
652 1226 789 1285 151,
829 1220 968 1293 quod
1010 1220 1322 1292 saepissime
1362 1221 1414 1273 in
1450 1220 1630 1275 ἐλάσει
1666 1223 1800 1277 solet
1835 1224 2048 1296 refingi.

67 1314 322 1386 Superest
360 1316 504 1366 καλῶ
561 1309 806 1364 futurum
851 1317 905 1364 et
947 1311 998 1363 in
1057 1309 1208 1364 Orat.
1254 1309 1433 1364 XLIX.
1481 1314 1586 1374 18,
1626 1316 1679 1364 et
1717 1310 1899 1366 LVIII.
1942 1318 2013 1368 54
2039 1359 2051 1379 ‚

66 1410 116 1458 et
156 1402 286 1457 LIX.
328 1405 398 1455 24
432 1407 486 1455 et
521 1402 612 1454 28.
692 1399 945 1453 Recurrit
980 1397 1153 1452 forma
1188 1398 1378 1451 vitiosa
1418 1399 1472 1451 in
1510 1396 1656 1452 Orat.
1687 1399 1877 1454 XXIII.
1924 1405 2048 1458 125.

66 1491 269 1552 δικαίως
310 1489 820 1555 ἔγκαλέσουσιν
859 1489 902 1541 οἱ
943 1488 1023 1552 μὴ.
1057 1485 1340 1553 τυχόντες,
1377 1503 1474 1558 pro
1506 1488 1837 1552 ἐγκαλοῦσιν.
1886 1490 2053 1547 Recte

65 1577 223 1634 habel
266 1579 319 1631 in
358 1576 503 1632 Orat.
543 1577 730 1631 XXIV.
776 1581 899 1631 159.
959 1575 1274 1640 τεθαύμακα
1311 1577 1406 1638 τὴν
1442 1577 1822 1643 ἀναισχυντίαν
1853 1609 1930 1619 —
1961 1585 2051 1634 τοῦ
2092 1582 2094 1585 ’

62 1668 159 1733 μὲν
198 1669 242 1721 εἰ
295 1673 520 1727 καλεῖ,
577 1670 667 1720 τοῦ
709 1667 761 1719 δὲ
802 1667 846 1718 εἶ
883 1663 1087 1732 πάρεισι
1142 1663 1228 1716 καὶ
1285 1667 1789 1729 συναπολογήσεται.
1870 1666 2049 1722 Etiam

66 1758 293 1821 ἐγκαλεῖ
327 1754 572 1809 futurum
612 1760 844 1807 aetatem
886 1752 1011 1806 tulit
1052 1754 1106 1805 in
1150 1750 1294 1806 Orat.
1335 1752 1439 1806 LV.
1489 1757 1575 1806 17.
1621 1754 1643 1806 ὂ
1682 1754 1823 1818 μετα
1872 1756 2053 1811 τοῦτόν

65 1849 433 1911 μοι’γεωργῶν
486 1846 583 1896 τῶν
634 1842 874 1906 γειτόνων
933 1842 1006 1906 ἐγ
1024 1846 1255 1903 καλεῖ,
1314 1846 1369 1893 et
1430 1846 1823 1907 προσκαλοῦμαι
1870 1843 2051 1900 LVIII.

65 1936 155 1987 29.
210 1931 542 2000 σχετλιάζων
582 1933 775 1997 περιῄει
816 1931 902 1983 καὶ
952 1929 1170 1997 φάσκων
1211 1930 1283 1988 εἰς
1318 1931 1518 1995 ’Ἄρειον
1571 1930 1746 1994 πάγον
1795 1933 2052 2001 Δημοχά-

60 2042 147 2088 ρην
186 2021 759 2087 προσκαλεῖσθαι.
839 2018 1110 2071 Futurum
1166 2018 1407 2081 ἐγκαλῶν
1469 2017 1737 2072 incolume
1787 2021 1955 2074 evasit
1995 2023 2050 2075 in

60 2109 314 2164 Isocratis
355 2106 503 2162 Orat.
543 2109 665 2173 πρὸς
708 2107 1064 2173 Καλλίμαχον
1120 2110 1148 2176 §
1186 2107 1277 2158 56.
1333 2103 1478 2168 ἦλθον
1518 2110 1922 2174 συκοφαντήσειν
1963 2111 2049 2164 καὶ

0 2198 1 2251 f
60 2197 268 2267 ψευδεῖς
308 2199 450 2263 αὐτῷ
491 2195 941 2262 παρακαταθήκας
983 2195 1318 2258 ἐγκαλῶν.
1399 2193 1458 2247 In
1493 2194 1734 2250 eiusdem
1791 2197 2051 2252 Archida«

63 2301 151 2340 mo
204 2286 356 2353 §82
413 2300 580 2354 quum
646 2283 871 2338 Urbinas
911 2284 1251 2347 διατελοῦμεν
1305 2281 1598 2348 obtulerit,
1652 2285 1888 2356 turpiter
1942 2303 2050 2340 ser-

62 2381 188 2428 vant
225 2372 592 2436 διατελέσομειι
645 2371 921 2434 EditoreS‚
962 2371 1054 2442 qui
1093 2369 1217 2423 libri
1263 2370 1448 2424 eximii
1492 2372 1710 2426 vitiosas
1748 2374 2048 2445 scripturas

64 2468 173 2517 tam
216 2460 415 2516 multas
455 2460 760 2514 inconsulto
802 2466 1136 2530 receperunt.

63 2574 66 2577 ·
139 2549 215 2605 Ad
255 2549 385 2603 haec
432 2548 675 2619 exempla
711 2547 904 2618 reliqui
946 2545 1047 2601 loci
1087 2546 1362 2602 emendari
1402 2545 1595 2601 debent
1639 2556 1688 2602 el
1714 2591 1726 2612 ,
1768 2557 1826 2603 ut
1864 2552 2051 2622 paucis

58 2635 351 2709 defungar,
390 2638 722 2691 ἐκκαλεῖσθαι
761 2634 1093 2690 reddendum
1133 2633 1387 2688 Aeschini
1430 2636 1482 2688 in
1509 2636 1828 2692 Timarchea
1871 2644 2049 2710 §174.

56 2732 115 2782 et
153 2725 236 2781 bis
272 2727 605 2780 ἐπικαλεῖται
655 2724 902 2796 Lycurgo
944 2724 998 2776 in
1040 2723 1328 2778 Leocratea
1369 2727 1397 2795 §
1439 2728 1504 2778 17
1548 2732 1600 2778 et
1645 2729 1748 2780 145
1774 2768 1787 2789 ,
1828 2727 2048 2782 similia-

59 2829 165 2888 que
200 2813 339 2887 apud
381 2813 530 2867 ahos,
613 2811 898 2883 Sequiores
938 2812 993 2864 in
1038 2810 1238 2865 talibus
1278 2819 1536 2883 perpetuo
1575 2821 1825 2883 peccant;
1875 2832 2047 2888 neque

56 2911 152 2959 tos
186 2918 479 2967 curamuS,
519 2899 676 2955 modo
715 2917 841 2954 suos
882 2916 1065 2954 secum
1106 2915 1316 2954 errores
1356 2898 1603 2955 habeant.
1686 2901 1900 2957 Eruditi
1939 2922 2046 2960 ma-

58 2991 218 3063 gistri
257 2990 442 3045 sedulo
492 2989 781 3043 admonent
823 2987 887 3042 de
929 2988 1288 3059 AntIquorum
1344 3004 1463 3043 usu.
1546 2990 1739 3044 Moeris
1796 2991 2047 3048 Atticisla

57 3094 114 3153 p.
153 3083 272 3135 126.
349 3084 546 3134 Καλῶ
586 3077 672 3131 καὶ
715 3077 799 3131 ἐπὶ
843 3081 933 3131 τοῦ
982 3075 1230 3131 καλέσω
1270 3078 1538 3137 Ἀττικῶς.
1580 3079 1666 3133 ἐπὶ
1713 3079 1767 3133 δὲ
1807 3085 1895 3134 τοῦ
1939 3083 2046 3135 ἐνε,

60 3173 218 3231 ςῶτος
256 3167 408 3235 μόνου
448 3171 796 3230 Ἑλληνικῶς,
838 3181 959 3219 nam
1004 3165 1080 3218 sic
1130 3163 1240 3218 sere
1279 3166 1562 3237 scripsisse
1617 3165 1886 3222 hominem
1936 3172 2046 3223 exi-

61 3257 241 3311 etImo.
321 3255 663 3310 Festinanter
714 3253 781 3308 ad
821 3252 967 3307 hunc
1007 3251 1184 3307 locum
1226 3254 1471 3308 nonnihil
1520 3263 1785 3310 annotans
1838 3257 2046 3312 Pierso-

63 3357 198 3406 nus,
250 3349 438 3398 contra
492 3359 555 3398 ac
604 3342 770 3408 solet,
826 3341 882 3395 in
938 3341 1320 3411 gravissimum
1376 3359 1614 3399 errorem
1671 3362 1726 3399 se
1778 3345 2046 3416 implicuit

64 3430 170 3485 hue
211 3429 431 3484 trahens
467 3430 594 3499 Φέρε
629 3452 714 3486 νυν
755 3431 1001 3485 καλέσω
1041 3431 1450 3497 καταβᾶσασοι
1492 3433 1777 3505 eLysislr.
1818 3437 1944 3488 864.
1987 3442 2041 3489 ct

60 3534 124 3572 ex
168 3517 320 3572 Pluto
353 3520 481 3571 964.

362 3606 489 3673 φέρε
528 3625 611 3659 νυν
651 3607 752 3670 ἐγὼ
792 3613 888 3663 τῶν
930 3607 1116 3662 ἔνδοθεν
1158 3609 1405 3664 καλέσω
1447 3609 1578 3662 τινα.
