2436 4068
1067 183 1172 232 259

32 374 37 380 .
124 331 236 396 περὶ
283 328 487 383 τούτων.
570 326 628 380 In
670 325 755 382 his
804 325 1135 382 confidenter
1188 327 1475 398 pronuntio
1515 326 1890 398 ludimagistro
1930 326 2112 383 deberi

123 418 229 471 duo
268 414 523 469 vocabula
557 418 908 483 προσποιεῖσθε
950 412 1114 477 εἶναι,
1158 415 1352 486 quibus
1386 416 1671 488 expunctis
1710 416 1929 471 demum
1965 423 2112 472 recte

120 503 370 577 procedet
420 503 592 557 oratio
636 512 690 559 et
732 504 1000 558 sententia
1050 503 1152 557 loci
1194 503 1477 559 constabit.
1556 504 1634 558 Ea
1679 520 1766 559 res
1822 504 1956 558 mihi
1998 513 2110 559 tam

120 598 267 647 certa
297 598 353 646 et
399 590 615 646 evidens
655 609 772 647 esse
823 590 1072 654 videtur,
1129 598 1188 644 ut
1235 593 1504 646 neminem
1554 607 1778 658 eorum,
1830 594 1925 664 qui
1975 592 2111 647 bene

119 679 318 736 Graece
350 681 556 741 sciant,
599 679 729 732 mihi
771 678 1146 732 oblocuturum
1190 695 1305 733 esse
1345 679 1627 734 confidam.
1680 686 1784 743 “Ως
1819 681 1900 736 vel
1940 679 2108 748 ὥσπερ

119 768 173 821 in
218 766 413 821 talibus
452 774 546 820 aut
588 757 979 821 nominativum
1019 768 1248 820 assumit
1289 774 1383 820 aut
1419 769 1715 837 genitivum
1752 777 1844 824 aut
1890 785 2108 823 accusa·

118 856 290 909 tivum
322 863 375 909 et
416 862 563 909 certa
596 854 711 925 lege
745 855 1101 909 constitutum
1131 863 1214 909 est
1248 873 1353 927 quo
1382 873 1511 910 casu
1544 859 1616 911 sit
1657 859 1711 911 in
1749 875 1960 930 quoque
1991 857 2108 912 loco

116 942 411 998 utendum:
456 944 635 1014 itaque
673 943 727 996 iu
772 942 967 996 talibus
1004 945 1370 998 nominativus
1410 952 1463 998 et
1504 962 1629 999 cum
1670 947 1978 1000 accusativo
2017 963 2105 1018 op-

117 1032 246 1086 time
296 1048 389 1103 per
428 1030 672 1103 copulam
716 1031 1066 1102 coniungitur
1106 1039 1160 1086 et
1206 1050 1332 1088 cum
1377 1033 1614 1104 genitivo
1665 1041 1719 1088 ct
1770 1042 1991 1098 contra,
2046 1042 2107 1088 ut

113 1121 168 1174 in
209 1120 462 1175 Isocratis
496 1117 740 1174 Antidosi
781 1123 931 1191 §89.
971 1119 1138 1189 ὥσπερ
1179 1121 1541 1186 ἀντιλέγοντός
1579 1142 1710 1183 τινος
1746 1124 1775 1187 ἢ
1815 1127 1967 1178 τοῦτο
1998 1124 2103 1178 δέον

111 1209 269 1264 αὑτὸν
306 1209 619 1276 ἀποφαίνειν
660 1214 714 1262 et
755 1208 809 1262 iu
847 1211 999 1282 §69.
1057 1210 1160 1277 οὐχ
1198 1212 1262 1270 ὥς
1302 1208 1458 1278 ἄριςα
1494 1211 1593 1264 τῶν
1633 1217 1822 1265 λοιπῶν
1862 1232 2103 1279 γεγραμ-

111 1297 260 1363 μένον
300 1300 427 1352 ἀλλ’
465 1300 531 1357 ὥς
571 1298 628 1350 ἐκ
667 1298 847 1352 τούτου
886 1297 1096 1362 μάλιςα
1149 1301 1370 1365 φανερὸς
1417 1299 1758 1365 γενησόμενος
1799 1301 1906 1353 κτὲ.
1963 1298 2103 1353 Thu-

114 1384 235 1460 cyd.
270 1385 362 1442 IV.
407 1392 456 1441 5.
511 1388 555 1441 οἱ
608 1386 660 1439 δὲ
703 1387 753 1439 ἐν
801 1386 1044 1455 ὀλιγωρίᾳ
1082 1387 1338 1440 ἐποιοῦντο
1371 1389 1438 1447 ὡς
1487 1387 1515 1450 ἢ
1565 1390 1667 1456 οὐχ
1721 1390 2103 1453 ὑπομενοῦντας

112 1479 260 1540 σφοῖς
319 1475 346 1537 ἢ
399 1475 576 1544 ῥαδίως
637 1474 919 1542 ληψόμενοι
976 1475 1094 1544 βία.
1151 1473 1217 1528 cf.
1281 1474 1525 1549 Thucyd.
1569 1476 1656 1531 Vl.
1713 1480 1801 1532 24.
1863 1476 2102 1548 Xenoph.
2152 1531 2154 1533 ,

110 1562 329 1618 Memor.
363 1563 403 1617 1.
447 1568 498 1618 6.
545 1569 606 1627 5,
655 1563 722 1617 ΙΙ.
768 1567 818 1618 2,
866 1567 958 1627 15,
1024 1562 1089 1618 ΙΙ.
1138 1567 1187 1616 7.
1221 1566 1284 1628 8,
1341 1563 1539 1635 quibus
1594 1563 1729 1620 adde
1787 1565 2099 1637 Euripidem

112 1651 167 1706 in
208 1651 494 1725 Hippolyto
534 1667 607 1706 νε.
641 1655 779 1707 991:

772 1742 774 1745 ’
945 1746 1121 1807 πρῶτα
1161 1742 1204 1795 δ’
1237 1739 1460 1809 ἄρξομαι
1496 1741 1671 1807 λέγειν

487 1824 594 1882 ὅθεν
630 1828 693 1893 μ’
728 1829 953 1891 ὑπῆλθες
993 1835 1185 1896 πρῶτον
1222 1831 1288 1889 ὡς
1325 1829 1605 1898 διαφθερῶν

484 1918 607 1971 κούκ
646 1914 971 1979 ἀντιλέξονθ’.

107 2010 163 2060 et
205 2004 616 2060 Demosthenem
661 2022 780 2077 pag.
824 2008 946 2060 182.
1001 2003 1098 2059 ὅσα
1138 2007 1182 2060 δ’
1225 2006 1542 2071 ἐβουλήθητε
1586 2006 1683 2072 μὲν
1730 2006 1874 2070 μετα
1921 2011 2098 2061 ταῦτα

106 2093 152 2148 δ’
193 2093 551 2159 ἀπεβλέψατε
602 2094 724 2161 πρὸς
772 2096 1036 2157 ἀλλήλους
1077 2097 1142 2155 ὡς
1192 2095 1350 2154 αὐτὸς
1390 2094 1485 2158 μὲν
1537 2091 1722 2155 ἕκαςος
1774 2096 1829 2149 οὐ
1879 2096 2096 2158 ποιήσων

107 2183 192 2237 τὸν
233 2182 284 2236 δὲ
327 2182 546 2243 πλησίον
594 2180 857 2249 πράξοντα
897 2182 1035 2236 οὐδὲν
1070 2186 1279 2236 πώποτε
1328 2182 1450 2247 ὑμῖν
1489 2181 1714 2247 ἐγένετο.
1796 2181 1886 2236 Sic
1925 2199 2096 2254 quum

32 2285 34 2291 '
104 2268 305 2325 Graece
346 2267 632 2324 dicendum
678 2270 751 2324 sit
788 2270 1051 2336 μέμνησθε
1098 2271 1324 2338 Ὁμήρου
1373 2271 1439 2330 ὡς
1478 2275 1576 2324 τῶν
1615 2271 1835 2328 aenae-&u
1872 2270 2096 2333 ἀνηκόων

103 2358 343 2419 παιδείας
397 2356 549 2411 ὄντων
600 2365 653 2413 et
708 2359 837 2414 item
892 2359 1155 2425 μέμνησθε
1210 2361 1436 2430 Ὀμήρου
1489 2361 1552 2420 ὥς
1599 2359 1920 2428 εὐσχήμονές
1960 2381 2093 2422 τινες

103 2445 191 2501 iai
232 2451 648 2515 περιφρονοῦντες
684 2448 847 2517 ι’ςορία
885 2449 971 2503 τὸν
1011 2449 1203 2513 δῆμον,
1250 2455 1544 2519 utrumque
1583 2447 1683 2503 hoc
1734 2465 1830 2520 per
1880 2448 2098 2521 copulas

102 2534 201 2600 μέν
236 2541 289 2589 et
328 2534 381 2588 δέ
419 2534 494 2589 ita
529 2536 871 2590 connectitur
907 2542 967 2590 ut
1008 2535 1255 2592 dicatur:
1309 2540 1375 2598 ὡς
1408 2542 1506 2591 τῶν
1558 2538 1654 2603 μὲν
1702 2537 1924 2594 δικαςῶν
1973 2539 2095 2600 ἀνη-

4 2626 49 2667 »³
102 2622 227 2678 κόων
264 2622 505 2684 παιδείας
554 2622 742 2687 ὄντων,
783 2625 930 2689 ὑμεῖς
971 2624 1023 2678 δὲ
1064 2625 1386 2692 εὐσχήμονές
1427 2645 1562 2685 τινες
1611 2625 1698 2679 καὶ
1741 2630 2095 2695 περιφρονοῦν-

102 2730 189 2773 τες
222 2711 386 2782 ἱςορία
423 2714 510 2766 τὸν
550 2713 732 2777 δῆμον,
773 2718 827 2766 et
861 2712 1204 2768 manifestum
1241 2721 1322 2768 est
1357 2716 1707 2780 προσποιεῖσθε
1743 2711 1872 2769 εἶναι
1915 2714 2094 2787 inepte

100 2814 216 2855 esse
251 2798 584 2872 adscriptum
627 2799 692 2854 ab
732 2816 828 2864 eo,
869 2801 961 2872 qui
1003 2802 1265 2856 rationem
1306 2800 1407 2855 loci
1446 2818 1773 2874 quamquam
1817 2804 2093 2875 apertissi-

101 2903 244 2942 mam
280 2904 383 2942 non
428 2887 714 2960 perspexit.
799 2887 1019 2944 Scatent
1048 2889 1267 2945 Codices
1314 2888 1595 2944 Aeschinis
1630 2890 1840 2946 mendis
1875 2899 1929 2947 et
1972 2893 2091 2966 (mi-

101 2990 224 3031 rum
273 2973 445 3048 dictu)
496 2976 911 3048 antiquissimus
961 2979 1200 3033 omnium
1253 2977 1311 3032 F.
1346 2976 1703 3033 coislinianus
1738 2981 1878 3043 249,
1928 2997 2086 3052 quem

100 3062 323 3120 Parisiis
360 3080 534 3136 nuper
568 3071 740 3120 totum
790 3067 1032 3129 excussi,
1085 3066 1338 3138 quoniam
1378 3073 1460 3120 est
1510 3066 1904 3123 »Demosthenis
1943 3068 2089 3123 Pari-

39 3174 44 3213 ;
101 3152 214 3206 sino
254 3152 290 3207 S
328 3161 494 3207 aetate
524 3171 626 3225 par
661 3154 763 3207 nisi
800 3155 1068 3226 superior,
1109 3155 1312 3210 sacculo
1346 3155 1541 3209 decimo
1579 3156 1801 3228 scriptus
1839 3156 1894 3210 in
1927 3175 2085 3211 mem·

37 3222 46 3315 ζ
101 3239 326 3295 brauis”
369 3240 630 3315 (Dindors.
673 3242 727 3296 in
771 3243 990 3315 praefat.
1016 3243 1272 3299 Scholior.
1298 3245 1352 3298 in
1385 3243 1632 3299 Aeschin.
1658 3260 1706 3315 p.
1729 3243 1825 3316 1.)‚
1870 3246 2087 3315 nequis·

99 3329 271 3383 simus
328 3336 408 3385 est
460 3336 514 3385 et
567 3331 811 3387 omnium
867 3331 1208 3387 deterrimus,
1301 3330 1484 3387 Obiter
1538 3332 1783 3403 absterge
1835 3331 2083 3403 putidum

14 3413 42 3486 ἲ
101 3416 359 3472 emblema
400 3435 461 3474 cx
507 3418 776 3474 Timarch.
820 3422 968 3491 564.
1010 3418 1066 3476 εὖ
1109 3421 1458 3486 ἐβουλεύσατο
1506 3421 1754 3494 [ἡσυχίαν
1795 3420 1945 3492 ἔσχε]
1992 3422 2079 3476 καὶ

101 3505 370 3570 ἠγάπησεν
412 3509 452 3560 εἰ
502 3506 595 3579 [τι]
641 3511 714 3573 μη
748 3509 1033 3576 προσλάβοι
1078 3511 1245 3566 καινὸν
1281 3510 1454 3564 κακόν.

179 3594 236 3647 ln
284 3611 357 3649 vs.
400 3598 503 3649 ’2.ὃό
548 3612 625 3665 sq.
