2436 4068
1296 169 1398 218 768

386 308 519 363 liber
576 327 637 364 ex
689 310 870 381 paucis
915 308 1232 379 quibusdam
1282 309 1440 364 Codd.
1498 310 1620 363 Mss,
1677 312 1847 383 iisque
1905 331 2075 386 neque
2133 321 2355 373 vetustis

386 414 557 469 neque
597 398 855 467 in·tegriS‚
897 398 1040 449 omni
1082 413 1274 466 genere
1322 397 1637 451 mendorum
1679 400 1897 467 obsitis,
1954 420 2179 474 quorum
2234 423 2356 476 pars

384 494 527 539 certe
567 486 691 538 olim
746 484 986 537 sollerter
1033 483 1288 555 deprensa
1343 492 1394 538 et
1446 494 1687 540 correcta
1739 496 1840 544 est.
1924 490 2076 544 Iuvat
2115 494 2350 548 virorum

383 573 658 627 doctorum
702 572 1100 626 emendationes
1147 581 1320 626 certas
1372 580 1424 627 et
1475 574 1745 630 evidentes
1790 577 1890 631 sub
1933 595 2098 632 unum
2142 597 2354 651 conspe-

385 667 531 714 ctum
574 677 803 731 ponere,
862 667 921 713 ut
964 667 1214 730 appareat
1257 660 1438 730 quales
1481 662 1588 715 sint
1630 663 1706 716 illi
1749 664 1964 719 Codices
2019 666 2156 721 unde
2196 668 2356 723 verba

382 748 744 819 Xenophontis
786 748 1157 802 constituenda
1198 748 1347 802 nobis
1387 750 1530 811 sint,
1570 757 1623 804 et
1666 758 1724 804 ut
1763 752 1830 806 ad
1871 753 2088 808 eandem
2146 754 2355 810 laudem

382 837 595 889 illorum
638 837 892 905 exemplis
930 836 1279 908 adspiremus.
1362 837 1419 889 In
1464 837 1614 890 libris
1654 840 1822 910 igitur
1858 848 1938 894 est
1967 842 2031 894 ΙΙ.
2066 845 2116 895 2.
2174 843 2355 898 τέκνων

383 942 479 996 pro
531 931 762 993 τεχνῶν,
824 924 962 995 quod
1019 925 1214 995 reperit
1259 923 1502 978 Castalio.
1545 926 1636 979 III.
1684 933 1730 980 1.
1790 932 1912 988 ναῦς
1967 931 2228 991 καλλίςας
2263 948 2358 1001 pro
2400 936 2402 938 ’

382 1014 576 1067 ναυσὶ
620 1014 911 1078 καλλίςας,
953 1013 1183 1067 correxit
1235 1013 1474 1066 Weiske.
1498 1013 1585 1066 IV.
1632 1019 1716 1068 10.
1774 1017 2107 1086 παραφαίνη,
2158 1018 2356 1089 optime

383 1100 676 1156 Schneider
713 1107 1019 1170 παραφανῇ.
1055 1101 1144 1154 IV.
1191 1103 1272 1153 12.
1315 1105 1411 1153 τῶν
1450 1099 1600 1163 ξένων
1636 1107 1732 1155 τῶν
1769 1104 2106 1170 βουλομένων.
2187 1105 2356 1160 Leun-

382 1189 586 1244 clavius
614 1191 683 1257 τῷ
717 1189 1028 1256 βουλομένῳ.
1063 1188 1151 1242 IV.
1194 1194 1278 1242 15.
1321 1189 1587 1255 τριακόσια
1629 1192 1905 1255 ἦμιμναῖα.
1968 1192 2183 1248 Leuncl.
2241 1197 2355 1260 ἧμι-
2394 1184 2402 1242 Ᾰ
2434 1247 2436 1250 .

379 1278 682 1343 μναῒονᾸν.
708 1281 795 1331 2⁵2.
839 1276 1246 1342 μισθωσάμενοι,
1292 1276 1595 1347 Stephanus
1613 1280 1992 1344 μισθωσάμενοι.
2011 1281 2099 1336 IV.
2127 1285 2214 1336 ⁶26.
2257 1284 2353 1338 ὑπὸ
2411 1297 2436 1306 ““

383 1367 528 1432 νόμον
551 1372 644 1420 aut
679 1366 772 1418 ὑπὸ
797 1365 986 1429 νόμων,
1024 1364 1279 1429 ὑπονόμων
1302 1365 1518 1419 Leuncl.
1545 1366 1632 1420 lV.
1658 1370 1744 1421 52.
1787 1369 2099 1435 φοβεῖσθαι,
2135 1369 2354 1442 Stepha-

384 1472 486 1508 nus
505 1455 773 1523 φοβεῖσθε.
796 1452 883 1506 IV.
902 1456 992 1506 56.
1034 1451 1280 1517 κάλλιον,
1313 1453 1615 1524 Stephanus
1632 1455 1822 1509 κάκιον.
1846 1455 1986 1510 idem
2010 1460 2355 1525 ἀποτελοῖμεν
2396 1448 2436 1518 {⁷

382 1543 686 1596 emendavit
722 1558 817 1612 pro
851 1543 1168 1594 ἀποτελοῖεν.
1210 1540 1298 1594 lv.
1324 1545 1412 1595 40.
1453 1542 1744 1609 εἰρημένης,
1781 1544 2007 1598 Castalio
2041 1548 2262 1612 εἰρήνης,
2302 1553 2356 1601 et
2432 1591 2433 1594 η

382 1637 470 1687 41.
524 1631 747 1698 ἐγερθείη
803 1645 899 1700 pro
956 1629 1212 1696 οὲγερθείη.
1252 1628 1340 1682 lv.
1385 1633 1473 1683 45.
1514 1631 1838 1700 οὶναφαύςῳ,
1891 1632 2159 1688 Brodaeus
2197 1637 2357 1689 Ἀνα-

378 1722 584 1790 φλύςῳ.
627 1719 715 1772 IV.
760 1721 846 1771 47.
891 1716 1202 1783 περιπόδων,
1244 1715 1380 1770 idem
1418 1718 1719 1784 περιπόλων.
1762 1720 1823 1773 V.
1867 1724 1918 1773 4.
1968 1722 1996 1784 ἢ
2050 1724 2136 1786 οὐ,
2193 1723 2355 1777 Hein-

379 1807 512 1862 dorf.
555 1812 668 1861 ποῦ.
700 1806 760 1859 V.
785 1809 835 1860 6.
878 1803 1042 1871 ὅμως,
1077 1804 1378 1876 Stephanus
1401 1808 1562 1871 ὠμῶς.
1606 1806 1692 1861 VI.
1733 1812 1782 1861 5.
1825 1805 1907 1868 οὓς
1945 1809 1987 1862 δ’
2027 1808 2103 1863 ἂν
2144 1807 2350 1866 ἕλοιεν

380 1898 547 1962 θεούς,
589 1894 889 1966 Stephanus
923 1894 1165 1947 οὶνέλοιεν.

454 1986 606 2040 Nunc
647 1986 758 2054 ipse
811 1982 1006 2036 librum
1056 1998 1368 2052 percurram
1422 1983 1754 2053 singulorum
1808 1983 2044 2040 locorum
2102 1986 2258 2042 fidem
2302 1993 2354 2042 et

382 2075 745 2129 sinceritatem
788 2072 1080 2126 excutiens.
1161 2071 1321 2125 Plane
1370 2073 1630 2126 assentior
1684 2071 2008 2128 Schneidero
2047 2074 2087 2128 I.
2131 2079 2180 2128 2.
2243 2097 2353 2131 σκο·

379 2169 555 2219 ποῦντι
596 2164 653 2225 δή
688 2181 770 2226 μοι
820 2159 876 2233 [ἑὲ
907 2159 1180 2231 ἐπενόησα]
1228 2163 1375 2213 τοῦτο
1415 2161 1508 2224 μὲν
1549 2162 1691 2222 εὐθὺς
1732 2163 2077 2228 ἀνεφαίνετο,
2118 2163 2278 2218 verba
2317 2163 2353 2219 ἅ

379 2252 630 2313 ἐπενόησα
672 2248 1015 2319 expungenti.
1098 2247 1413 2318 Pervulgato
1465 2265 1646 2302 errore
1684 2249 1942 2303 scribitur
1980 2251 2046 2304 II.
2091 2255 2150 2304 2:
2203 2252 2351 2317 μέγα
2411 2284 2414 2296 -

377 2343 428 2396 δὲ
469 2339 554 2393 καὶ
596 2339 652 2392 τὸ
693 2337 797 2390 dm)
832 2342 928 2390 τῶν
984 2342 1179 2403 τεχνῶν
1230 2336 1316 2389 καὶ
1371 2342 1467 2390 τῶν
1507 2339 1664 2390 οἰκιῶν
1715 2337 2028 2402 οέπιέναι,
2079 2339 2186 2392 imo
2228 2356 2350 2394 vero

378 2433 608 2484 ἀπεῖναι.
686 2425 798 2479 Non
840 2425 983 2479 abire
1035 2423 1189 2477 domo
1229 2431 1282 2478 et
1321 2423 1386 2477 ab
1424 2424 1650 2478 artificio
1703 2424 1809 2478 illis
1843 2442 2004 2496 grave
2045 2432 2098 2479 et
2138 2426 2355 2482 damno-

380 2535 498 2572 sum
542 2522 656 2578 est,
698 2513 789 2569 sed
842 2514 1032 2567 abesse.
1111 2511 1235 2566 Dele
1287 2512 1547 2566 emblema
1589 2513 1654 2566 ΙΙ.
1702 2517 1767 2568 4:
1811 2514 1929 2582 πρὸς
1972 2515 2022 2568 δὲ
2062 2516 2130 2582 τῷ
2171 2517 2351 2585 ἀγαθῷ

385 2607 476 2679 [τῷ
530 2604 734 2663 τούτους
790 2603 847 2655 ἐκ
893 2605 982 2655 τοῦ
1037 2600 1411 2655 συντάττεσθαι
1467 2601 1746 2674 ἀφεθῆναι]
1794 2602 1878 2656 καὶ
1933 2602 2120 2667 κόσμος
2173 2603 2236 2657 ἂν
2289 2613 2353 2675 τῇ

376 2695 525 2748 πόλει
567 2692 661 2753 εἴη.
741 2689 1208 2760 Interpolationem
1250 2691 1430 2759 arguit
1479 2690 1670 2743 vitiosa
1712 2692 1910 2745 oratio:
1972 2690 2063 2744 sed
2103 2691 2266 2746 etiam
2302 2694 2348 2747 si
2410 2688 2427 2780 ζ.

377 2782 577 2853 optima
618 2784 756 2832 esset
796 2795 899 2831 non
944 2776 1046 2831 fert
1081 2777 1228 2830 locus
1270 2776 1559 2848 insipidum
1597 2777 2041 2832 additamentum.
2120 2780 2180 2833 In
2226 2783 2253 2851 §
2297 2787 2347 2837 ὅ.
2414 2776 2436 2826 «ἶ

377 2872 579 2924 inserta
615 2865 802 2936 copula
851 2865 1052 2919 scribe:
1105 2870 1200 2919 τῶν
1246 2864 1345 2938 (τε)
1389 2863 1562 2919 ἄλλων
1598 2897 1672 2907 —
1712 2866 1798 2920 καὶ
1847 2871 1935 2920 τοῦ
1982 2868 2210 2922 ἱππικοῦ.
2289 2869 2350 2923 In
2412 2870 2424 2933 3ss

381 2962 410 3028 §
455 2961 504 3010 7.
559 2954 819 3009 emblema
860 2954 1076 3024 irrepsit
1134 2954 1187 3006 in
1238 2952 1403 3007 haec:
1461 2955 1502 3007 εἰ
1546 2954 2005 3022 μετοικοφύλακοές
2062 2976 2128 3020 γε
2185 2955 2350 3024 ὥσπερ
2404 2954 2427 3040 ᾗ

376 3043 814 3114 ὄρφανοφύλακας
883 3041 1092 3113 [ἀρχὴν]
1139 3043 1444 3107 καθιςαῖμεν
1484 3043 1572 3096 καὶ
1628 3044 1821 3104 τούτοις
1875 3044 2002 3108 τιμη’
2055 3064 2132 3103 τις
2185 3046 2348 3108 ε’πείη.
2407 3040 2429 3109 ‘f

378 3134 511 3188 Esse
570 3131 667 3184 hoc
725 3147 908 3182 nomen
966 3130 1302 3198 mayz‘scratus
1356 3129 1551 3183 sciolus
1606 3131 1658 3183 in
1714 3147 1805 3184 ora
1863 3130 1987 3183 libri
2044 3130 2344 3204 adscripsit.
2408 3119 2415 3170 ἕ

377 3221 592 3276 Graecis
634 3219 745 3289 ipsa
803 3215 970 3269 forma
1027 3217 1294 3280 nominis,
1337 3224 1396 3270 ut
1455 3218 1851 3287 νομοφύλακες,
1911 3219 2344 3287 εἶρηνοφύλακες,

375 3311 506 3364 satis
548 3307 599 3360 id
642 3304 940 3370 indicabat,
983 3311 1042 3358 ut
1083 3305 1136 3357 in
1180 3305 1242 3357 V.
1290 3310 1347 3358 1:
1389 3302 1469 3372 ἆρ’
1522 3310 1610 3360 οὐκ
1666 3305 1806 3369 ἄξιον
1859 3307 1943 3359 καὶ
2003 3308 2345 3377 εἷρηνοφύω

373 3390 594 3456 λακας
642 3393 946 3454 macetum
985 3394 1180 3460 Ἀρχήν
1219 3391 1461 3446 additum
1503 3401 1555 3447 et
1602 3411 1697 3464 per
1731 3411 1788 3448 se
1836 3395 2088 3448 vitiosum
2131 3402 2246 3458 est,
2292 3403 2344 3450 et

371 3484 684 3558 praesertim
732 3481 823 3535 ubi
870 3480 1034 3548 ὥσπερ
1085 3481 1525 3550 ὄρφανοφύλακας
1569 3482 1857 3554 Xenophon
1907 3482 2173 3538 adiecerat
2230 3501 2343 3538 rem

370 3592 463 3646 per
503 3590 558 3627 se
587 3571 784 3626 claram
821 3569 1058 3642 exemplo
1100 3569 1326 3625 reddens
1366 3571 1529 3625 etiam
1566 3570 1863 3626 clariorem.
1946 3573 2113 3638 Ἀρχή
2154 3572 2335 3626 eadem
