2436 4068
1240 227 1348 277 590

307 377 395 430 τὸν
434 381 574 434 σῖτον
626 379 679 426 et
733 371 930 425 similia
970 370 1183 433 omnia,
1245 377 1297 423 et
1336 371 1542 437 καρπῶν
1584 370 1665 424 vel
1705 372 1848 424 σίτου
1902 370 2188 435 συγκομιδή
2233 371 2288 424 in
2408 387 2419 438 ’,τ

310 463 403 518 tali
443 479 502 516 re
543 461 742 514 usitata
779 475 895 513 esse
937 459 1058 529 quis
1100 456 1314 511 taudem
1352 456 1623 511 docendus
1661 458 1779 511 est?
2409 447 2418 470 ¹

382 551 445 604 In
489 551 518 618 ᾗ
562 552 651 602 20.
713 548 765 601 ἐν
803 553 908 607 τοῖς
948 544 1354 605 πλουσιωτάτοις
1404 544 1687 611 λεγόμενόν
1727 566 1785 599 σε
1833 544 2131 610 ε’πιςοὲμεθα
2179 562 2292 599 cor·

308 639 426 708 rige
468 635 929 700 καταλεγόμενον,
984 633 1125 706 quod
1166 650 1263 705 pro
1295 634 1658 700 ἀριθμούμενον
1700 634 2003 688 rectissime
2056 632 2162 687 dici
2204 650 2292 705 po-

305 732 446 789 test,
484 724 766 789 λεγόμενον
802 740 907 776 non
951 723 1102 777 item.

376 814 438 868 In
484 815 512 883 §
557 815 646 867 22.
703 811 852 864 locus
894 817 975 865 est
1029 811 1292 865 miserum
1337 810 1390 862 in
1443 808 1659 863 modum
1704 815 1992 879 corruptus
2033 815 2086 862 et
2128 808 2290 862 inter-

303 901 546 974 polatus,
609 899 699 954 ubi
758 899 857 953 hoc
916 899 1091 953 solum
1150 899 1282 953 satis
1342 896 1584 967 intelligo
1637 898 2018 961 ἀπολογεῖσθαι
2072 895 2168 961 μέν
2227 911 2294 950 ex

298 986 745 1061 praecedentibus
795 990 850 1042 οὐ
898 987 1004 1054 γαρ
1055 987 1179 1040 δοκῶ
1232 1005 1305 1039 σοι
1347 1001 1462 1038 esse
1510 1001 1832 1055 suspensum
1871 990 1924 1038 et
1977 1000 2074 1054 pro
2134 984 2280 1038 αὐτοὶ

300 1081 479 1131 ταῦτα
519 1076 884 1130 διατελεῖν
924 1080 1159 1140 μελετῶν
1201 1072 1585 1143 corrigendum
1628 1089 1744 1126 esse
1785 1073 1941 1144 xor&
1961 1074 2138 1126 ταῦτα
2186 1071 2290 1124 δια

300 1164 542 1224 τέλους
595 1167 862 1229 μελετῶν,
904 1163 996 1216 sed
1040 1162 1304 1233 posterior
1341 1177 1465 1231 pars
1506 1161 1765 1214 orationis
1803 1159 2118 1214 bimembris
2157 1161 2293 1213 οέπο-

300 1253 569 1317 λογεῒσθαι
604 1251 701 1318 μέν
738 1284 812 1291 -
845 1257 1151 1317 κατηγορεῖν
1193 1250 1245 1303 δέ
1281 1255 1391 1303 tam
1433 1248 1572 1302 male
1614 1248 1850 1302 mulcata
1888 1254 1969 1302 est
2009 1255 2065 1301 ut
2101 1246 2171 1311 ‚de
2213 1265 2292 1302 re-

303 1339 574 1394 stituenda
620 1356 744 1394 vera
777 1339 1006 1394 lectione
1049 1337 1444 1408 desperandum
1481 1352 1599 1389 esse
1636 1335 1770 1388 mihi
1806 1335 2069 1389 videatur.
2149 1335 2294 1390 Nihil

303 1428 421 1482 sani
461 1427 684 1482 extundi
728 1443 882 1498 posse
922 1443 985 1480 ex
1039 1425 1257 1494 vulgata
1305 1424 1575 1494 scriptura
1633 1431 1938 1491 κατηγορεῖν
1980 1424 2030 1477 δὲ
2071 1426 2125 1478 οὐ
2168 1426 2291 1480 δοκῶ

302 1537 377 1570 σοι
410 1548 484 1556 —
519 1513 576 1569 εὖ
609 1516 661 1570 δὲ
702 1519 972 1574 ποιοῦντας
1013 1513 1218 1576 οὐδένα,
1262 1512 1424 1565 etiam
1465 1512 1511 1565 si
1555 1517 1767 1566 caetera
1806 1517 1952 1566 recte
1994 1510 2189 1566 habere
2239 1517 2293 1567 et

304 1602 581 1659 commode
621 1604 915 1674 composita
954 1618 1068 1655 esse
1109 1598 1457 1663 viderentur,
1502 1600 1634 1652 satis
1672 1606 1753 1653 est
1793 1600 2183 1672 perspicuum.1

393 1691 557 1745 Initio
611 1693 640 1761 §
686 1694 776 1745 24.
838 1688 1101 1744 excidisse
1157 1687 1434 1759 complura
1492 1685 1698 1741 dudum
1750 1688 1853 1740 viri
1910 1687 2053 1741 docti
2114 1704 2291 1742 sense-

300 1785 450 1836 runt.

376 1865 436 1921 In
480 1882 595 1937 cap.
634 1861 751 1920 xli.
789 1868 836 1918 2.
876 1865 1008 1919 satis
1049 1880 1318 1936 superque
1358 1869 1441 1917 est
1492 1862 1765 1916 Socratem
1807 1861 1986 1917 dicere
2020 1861 2287 1932 φυλάττει
2404 1918 2406 1922 .

295 1953 402 2023 γαρ
435 1955 657 2022 ἰσχυρῶς
690 1953 764 2019 μὴ
798 1950 1079 2021 ἅποβοέλῃς
1113 1955 1205 2016 τὴν
1240 1951 1559 2016 ἐπωνυμίαν,
1600 1955 1654 2004 et
1698 1955 1879 2004 utrum
1921 1950 2290 2022 Xenophontis
2376 1948 2397 1974 ‘²
2418 1964 2426 1982 ⁸

296 2042 477 2114 potius
517 2056 586 2095 an
627 2041 776 2094 scioli
815 2040 1096 2095 cuiusdam
1144 2040 1213 2093 sit
1251 2037 1680 2093 additamentum
1719 2038 1798 2110 [τὸ
1843 2038 1965 2106 ἀνὴρ
2001 2041 2160 2100 καλὸς
2198 2041 2290 2093 καὶ·

297 2130 456 2195 γαθὸς
499 2131 807 2200 κεκλῆσθαι]
830 2171 844 2193 ,
882 2126 1153 2201 imprimis
1175 2134 1296 2199 post
1334 2144 1394 2181 ea
1438 2143 1574 2198 quae
1598 2125 1754 2180 modo
1793 2125 2177 2180 Ischomachus
2210 2126 2292 2181 di-

296 2224 448 2270 xerat
496 2214 587 2270 ΧΙ.
643 2220 742 2280 21,
790 2214 1013 2270 cuilibet
1048 2214 1239 2268 lubens
1289 2213 1553 2268 iudicium
1594 2215 1865 2285 permitto.
1959 2213 2120 2268 Aliud
2171 2215 2291 2268 vitii

293 2320 465 2376 genus
505 2311 587 2359 est
620 2306 675 2358 in
719 2305 786 2358 iis
824 2319 960 2375 quae
1001 2304 1257 2357 continuo
1307 2307 1640 2373 sequuntur:
1695 2307 1898 2356 πολλῶν
1939 2322 2013 2356 σοι
2054 2301 2172 2362 ἴσως
2213 2301 2285 2356 ὅν-

292 2412 393 2448 των
432 2392 738 2458 ἐπιμελείας
779 2391 1054 2458 δεομένων,
1112 2390 1200 2445 uhi
1251 2387 1611 2462 supplendum
1664 2396 1745 2443 est
1791 2388 1943 2444 ὄντων
1998 2388 2136 2463 (τῶν)
2176 2391 2284 2445 ἐπι-

292 2480 512 2545 μελείας
557 2480 819 2546 δεομένων.

369 2568 756 2639 Interpolatum
794 2573 875 2621 est
910 2568 964 2620 in
1005 2569 1032 2636 §
1078 2571 1144 2621 10
1188 2565 1267 2638 [τὸ
1302 2566 1527 2632 ἐπιμελῆ
1565 2563 1835 2637 ποιῆσαι],
1875 2563 2110 2618 refertur
2140 2566 2283 2620 enim

294 2658 444 2709 τοῦτο
495 2651 561 2709 ad
612 2654 986 2727 praecedentia
1040 2653 1379 2720 ἐπιμέλεσθαι
1426 2653 1681 2718 διδάσκω,
1732 2659 1788 2707 et
1837 2658 2047 2724 poterat
2100 2652 2166 2707 ad
2220 2654 2286 2708 δι-

296 2743 484 2798 δακτὸν
520 2740 649 2798 εἶναι
692 2742 930 2814 suppleri
986 2741 1334 2815 (quamquam
1390 2741 1586 2812 frigide
1627 2747 1680 2795 et
1731 2738 2032 2813 pueriliter)
2076 2742 2135 2795 τὸ
2177 2741 2291 2795 ἐπι-

293 2838 434 2896 μελῆ
473 2828 682 2893 εἶναι,
727 2829 820 2884 sed
862 2830 1086 2885 minime
1125 2832 1185 2887 τὸ
1225 2832 1451 2895 ἐπιμελῆ
1493 2834 1790 2889 ποιῆσαι.

371 2917 432 2971 In
475 2921 503 2988 §
548 2922 613 2971 12
651 2918 896 2973 αδύνατοί
925 2918 1048 2972 εἰσιν
1089 2919 1437 2983 ἐπιμελεῖς
1480 2916 1747 2970 ἔσεσθαι
1789 2914 2163 2984 refingendum
2204 2922 2284 2969 est

293 3007 348 3059 in
401 3005 647 3059 ἀδύνατοί
699 3006 822 3059 εἰσιν
875 3005 1242 3071 ἐπιμέλεσθαι,
1299 3005 1554 3076 quoniam
1610 3004 1823 3063 δυνατός
1878 3004 2015 3069 εἶμι,
2076 2999 2172 3063 οἷός
2226 3003 2284 3056 τέ

293 3095 398 3159 εἶμι
439 3097 494 3147 et
529 3092 782 3161 αδύνατός
832 3094 937 3159 εἶμι
989 3092 1236 3147 futurum
1289 3099 1556 3164 respuunt
1603 3097 1657 3146 et
1711 3107 1964 3162 praesens
2014 3089 2285 3161 postulant

293 3180 376 3235 vel
418 3181 720 3235 aoristum.-
779 3179 987 3234 Vitium
1029 3181 1171 3235 unde
1214 3188 1403 3235 natum
1441 3181 1514 3234 sit
1552 3179 1688 3233 mihi
1726 3178 1908 3232 videor
1955 3179 2280 3249 perspicere.

296 3268 471 3340 Supra
507 3276 743 3323 veterem
783 3273 836 3321 et
874 3269 1165 3337 genuinam
1206 3267 1435 3321 formam
1472 3267 1839 3333 ἐπιμέλεσθαι,
1881 3283 1987 3337 qua
2027 3265 2137 3320 sola
2185 3266 2282 3320 Xe-

294 3355 621 3427 nophontem
666 3371 824 3409 usum
868 3371 982 3408 esse
1018 3355 1292 3408 Dindorfio
1344 3355 1430 3428 (ad
1473 3355 1663 3427 Cyrop.
1702 3353 1741 3407 1.
1779 3371 1841 3408 ·11.
1885 3354 1974 3427 10)
2019 3353 2282 3417 concede,

294 3442 629 3515 adscriptum
672 3451 753 3498 est
790 3465 891 3508 εισ,
935 3450 993 3497 ut
1032 3444 1390 3508 ἐπιμελεῖσθαι
1432 3443 1839 3506 restitueretur,
1881 3442 1972 3496 sed
2011 3448 2282 3496 corrector

292 3531 370 3586 sic
407 3533 638 3596 erravit,
683 3539 741 3586 ut
782 3532 943 3586 vides.
1026 3532 1309 3586 Praeterea
1359 3529 1622 3585 articulus
1676 3529 2005 3602 supplendus
2056 3531 2107 3583 in
2165 3546 2277 3600 sqq.
