2436 4068
1268 225 1374 275 υ288

333 365 767 432 κοιτοικησοέμενος
807 366 1029 419 Isocrat.
1069 365 1310 435 Aeginet.
1355 371 1383 439 §
1417 370 1515 430 024,
1555 383 1619 420 ex
1660 370 1968 425 melioribus
2007 370 2157 425 libris
2192 389 2304 426 cor-

335 462 500 510 recta.
579 454 734 525 Apud
780 454 931 507 Dion.
974 452 1141 506 Halic.
1184 453 1243 506 A.
1279 453 1342 507 R.
1380 454 1419 507 I.
1465 458 1551 507 22.
1608 455 1898 512 Vaticanus
1944 459 2308 525 συνοικησάμε-

337 564 406 599 νοι
443 542 690 598 exhibet:
734 541 941 610 corrige
980 539 1358 605 ἐνοικισάμενοι.
1441 541 1623 596 Sicubi
1670 543 1799 598 llaec
1838 554 1990 600 erant
2038 548 2091 600 in
2130 546 2312 601 futuro

337 630 583 703 ponenda
622 627 906 682 dicendum
947 634 1062 681 erat
1104 630 1403 683 necessario
1442 629 1782 697 ἐξοικιοῦμοιι,
1822 634 2183 700 εἰσοικιοῦμοιι,
2221 656 2311 689 κοι-

337 722 655 783 τοικιοῦμοιι,
705 720 1063 781 μετοικιοῦμοιι
1105 722 1206 769 cet.
1249 723 1301 770 et
1341 719 1579 787 passivae
1619 718 1855 784 formae,
1907 719 2311 788 ἐξοικισθήσομοιι

337 814 439 862 cet.
501 811 648 859 certo
707 804 1092 875 perspicuoque
1147 802 1458 858 discrimine
1511 806 1575 859 ab
1627 806 1712 860 his
1765 807 2048 863 distabant.
2127 811 2313 882 Itaque

335 893 585 960 διοικίζειν
638 891 788 946 πόλιν
843 893 914 952 εἷς
954 891 1133 956 κώμοις
1184 890 1343 946 habet
1390 894 1664 964 passivum
1717 898 2034 960 διοικισθῆνοιι
2082 897 2147 952 de
2204 899 2271 952 iis
2298 941 2311 962 ,

336 982 430 1053 qui
467 980 603 1035 hello
653 978 810 1032 fracti
859 985 914 1032 et
962 987 1140 1034 vetere
1179 981 1353 1052 patria
1392 988 1598 1036 vastata
1642 984 1846 1054 expulsi
1888 1002 1982 1056 per
2033 1003 2196 1058 pagos
2239 986 2314 1040 di·

339 1070 511 1141 spersi
552 1067 830 1130 habitant,
873 1067 1114 1139 utapud
1151 1068 1421 1123 Demosth.
1465 1069 1529 1123 de
1567 1070 1624 1123 F.
1660 1070 1716 1124 L.
1759 1089 1808 1142 p.
1847 1077 1971 1128 366.
2016 1075 2078 1147 (οἱ
2115 1074 2311 1147 Φωκῆς)

335 1156 646 1226 διῳκισμένοι
687 1156 831 1210 κοιτόι
869 1156 1047 1222 κώμοις
1087 1155 1174 1210 κοιὶ
1218 1157 1550 1226 παρῃρημένοι
1592 1158 1661 1212 τοὶ
1701 1156 1872 1224 ἔνι-λοι,
1924 1168 1976 1215 et
2013 1179 2136 1233 pag.
2177 1167 2312 1217 445:

340 1246 565 1311 Θκβοιῒοι
605 1246 647 1299 οἱ
683 1244 1028 1304 διοικισθέντες
1062 1246 1132 1312 τῷ
1173 1243 1340 1312 λόγῳ,
1381 1244 1472 1298 ubi
1513 1245 1566 1298 in
1610 1262 1713 1300 uno
1749 1246 1938 1303 Codice
1977 1249 2157 1303 addila
2189 1249 2316 1320 legi·

337 1342 432 1390 tur
470 1332 717 1404 magistri
760 1332 1132 1403 interpretatio
1176 1334 1218 1386 οἱ
1267 1333 1615 1404 [διαιρεθέντες
1673 1332 1769 1392 οὕς-ε
1827 1337 1900 1400 μὴ
1960 1337 2084 1402 ὁμοῦ
2135 1337 2308 1410 οἰκεῖν]

339 1422 723 1485 διοικισθέντες,
783 1427 836 1474 et
895 1419 961 1475 de
1017 1422 1129 1492 ipsa
1184 1420 1451 1475 Mantinea
1511 1421 1756 1493 Xenoph.
1811 1423 2012 1478 Hellen.
2053 1425 2217 1480 V.-11.
2263 1429 2314 1482 7.

338 1511 570 1580 διῳκίσθη
627 1510 670 1563 δ’
717 1511 746 1571 ἦ
799 1508 1091 1563 Μοιντίνειοι
1129 1517 1403 1577 τετραχῇ,
1456 1515 1509 1562 et
1561 1526 1715 1581 saepe
1755 1510 1900 1566 alibi.
1980 1511 2077 1565 Ubi
2137 1519 2316 1566 autem

339 1599 539 1654 Graece
595 1595 650 1650 id
707 1594 994 1649 dicendum
1039 1602 1154 1659 est,
1212 1595 1352 1667 quod
1395 1595 1645 1668 Spartani
1692 1614 1722 1651 a
1758 1599 2181 1653 Mantinensibus
2230 1617 2318 1671 po·

338 1685 580 1748 stulant,
620 1690 681 1737 ut
739 1683 841 1754 ipsi
898 1681 1083 1737 relicta
1134 1690 1314 1738 vetere
1371 1685 1545 1755 patria
1587 1688 1821 1757 pagatim
1873 1703 1967 1741 rus
2019 1687 2318 1743 habitatum

338 1772 671 1836 concedant,
714 1770 1013 1841 requiritur
1052 1770 1289 1825 medium
1331 1772 1664 1840 διοικίζομοιιε
1720 1774 1796 1827 ita
1852 1775 2020 1846 igitur
2056 1775 2316 1847 agebant:

341 1865 397 1918 οὐ
438 1860 758 1926 σπεισόμεθοι
804 1861 847 1913 εἶ
888 1860 962 1924 μὴ
997 1860 1084 1912 κοιὶ
1129 1860 1404 1914 διοικιεῖσθε
1455 1861 1599 1915 κοιτοὶ
1650 1863 1862 1927 κώμοις,
1905 1862 2046 1917 unde
2098 1865 2153 1918 in
2207 1881 2320 1918 ora-

339 1951 487 2004 tione
522 1947 820 2011 indirecta,
862 1963 967 2017 qua
1005 1947 1294 2019 Xenophon
1332 1948 1539 2013 utitur,
1583 1948 1713 2003 haec
1753 1956 1833 2003 est
1873 1953 2171 2006 necessaria
2206 1969 2320 2006 ver-

340 2038 535 2093 borum
587 2034 971 2091 conformatio:
1030 2037 1119 2089 οὐκ
1178 2035 1387 2104 ἔφοισοιν
1439 2037 1739 2091 σπείσεσθοιι
1800 2040 1842 2093 εἰ
1901 2040 1974 2104 μὴ
2025 2040 2110 2094 κοιὶ
2170 2041 2321 2095 διοι-

341 2132 596 2181 κιοῖντο
645 2123 787 2178 κοιτόι
830 2125 1026 2188 κώμοις.
1108 2122 1238 2189 Quis
1291 2131 1373 2178 est
1421 2125 1511 2195 qui
1567 2125 1820 2180 διοικοῖντο
1872 2144 2033 2182 sensu
2089 2145 2317 2183 vacuum

343 2230 461 2269 esse
499 2221 553 2267 et
594 2211 784 2265 vitiose
819 2209 1025 2263 dictum
1069 2227 1172 2264 non
1215 2212 1450 2264 sentiat?

423 2298 636 2355 Accidit
682 2303 863 2351 autem
902 2303 963 2351 ut
1015 2296 1186 2351 futuri
1232 2298 1396 2353 medii
1451 2299 1620 2353 forma
1666 2300 1718 2353 in
1766 2300 2067 2356 Atticorum
2104 2304 2320 2375 scriptis

342 2406 490 2445 nunc
545 2402 810 2457 nusquam
859 2392 1132 2456 appareat.
1227 2386 1485 2440 Permulti
1541 2388 1667 2441 anni
1724 2394 1889 2454 sunt,
1951 2406 2014 2444 ex
2065 2408 2169 2462 quo
2221 2391 2320 2446 hoc

343 2477 624 2532 observare
649 2474 820 2544 coepi,
862 2490 1034 2544 neque
1060 2491 1146 2528 me
1177 2474 1331 2528 facile
1367 2474 1592 2544 fugisset
1626 2475 1930 2531 huiusmodi
1955 2477 2125 2532 forma
2147 2480 2318 2534 sicubi

346 2570 602 2621 exstaret.
685 2561 741 2616 Si
784 2561 968 2616 dixero
1008 2563 1177 2634 ipsam
1218 2562 1514 2634 analogiam
1557 2563 1688 2617 satis
1739 2566 1879 2619 tueri
1916 2565 2114 2621 formas
2147 2570 2320 2623 οἱκιοῦ-

345 2674 483 2720 μοιι,
539 2650 884 2716 ἐξοικιοῦμοιι,
950 2652 1288 2716 διοικιοῦμοιι,
1348 2651 1558 2704 etiamsi
1619 2668 1884 2723 nusquam
1945 2663 2322 2726 compareant,

344 2758 450 2796 non
492 2739 676 2793 dubito
727 2737 839 2792 sore
883 2738 1163 2811 plerosque
1203 2739 1294 2810 qui
1331 2739 1585 2793 διοικοῖντο
1635 2742 1867 2796 retinere
1921 2742 2110 2796 malint
2161 2761 2322 2815 quam

345 2829 573 2883 formam
622 2827 860 2897 recipere
902 2843 1062 2897 quam
1109 2844 1263 2881 nemo
1303 2826 1500 2880 viderit
1541 2845 1815 2899 umquam.
1896 2830 2082 2902 Itaque
2126 2834 2323 2904 optime

346 2916 527 2972 evenit
579 2921 638 2968 ut
685 2915 737 2967 in
781 2914 1077 2968 Heraclidis
1114 2915 1424 2969 rarissimae
1483 2914 1682 2970 formae
1737 2918 1957 2971 unicum
2019 2921 2320 2992 exemplum

347 3012 494 3060 certa
537 3003 638 3057 fide
677 3004 927 3073 supersit.
1007 3003 1219 3056 Eximet
1253 3005 1395 3057 enim
1432 3004 1744 3075 scrupulum
1793 3022 2003 3060 omnem
2046 3024 2120 3061 vs,
2157 3012 2242 3062 46.

644 3092 838 3151 ’Ὕλλος
879 3093 922 3145 δ’
963 3092 1184 3159 οἷδελφοί
1221 3092 1287 3154 θ’,
1328 3088 1422 3144 οἷσι
1465 3094 1738 3159 πρεσβεύει
1778 3093 1957 3158 γένος,

649 3178 887 3244 {nv-050³,
924 3176 1022 3240 ὅπη
1063 3185 1162 3243 γῆς
1203 3179 1395 3244 πύργον
1436 3181 1740 3245 οἶκιούμεθοι.

419 3266 588 3322 Lubet
627 3266 879 3319 nonnulla
922 3266 986 3319 de
1027 3266 1187 3320 verbo
1225 3267 1469 3334 διοικίζειν
1509 3275 1561 3321 et
1602 3268 1917 3335 διοικίζεσθοιι
1966 3269 2048 3322 his
2098 3271 2316 3326 subiun-

345 3373 506 3427 gere,
548 3360 609 3408 ut
643 3355 737 3407 uni
778 3360 831 3406 et
869 3354 1024 3408 alteri
1059 3355 1172 3407 loco
1210 3362 1460 3426 corrupto
1501 3364 1552 3408 et
1600 3355 1914 3425 interpolato
1955 3357 2126 3412 obiter
2165 3377 2315 3430 opem

345 3444 531 3498 feram.
612 3441 750 3509 Quid
794 3450 933 3495 esset
974 3443 1291 3510 διοικίζεσθοιι
1327 3444 1523 3513 optime
1565 3444 1950 3514 interpretatus
1991 3452 2071 3499 est
2104 3449 2316 3501 Ammo-

346 3533 497 3594 nius,
540 3532 630 3602 qui
673 3530 908 3592 dicitur,
952 3530 1015 3583 de
1056 3531 1118 3585 D.
1163 3531 1224 3584 V.
1268 3548 1315 3585 v.
1398 3532 1663 3598 Οἷκίζετοιι
1706 3549 1823 3602 pag.
1862 3538 1986 3587 101.
2030 3535 2316 3602 διοικίζετοιι

344 3620 394 3671 δὲ
440 3618 629 3691 (πόλις)
673 3623 699 3682 ἡ
743 3620 797 3672 ἐκ
839 3623 964 3682 μιοῖς
1001 3619 1196 3681 πόλεως
1232 3621 1437 3684 μεγέθει
1498 3620 1774 3687 Ξσχυούσιος
1822 3623 1891 3681 εἷς
1933 3623 2108 3676 πολλοὶ
2149 3643 2316 3677 κοιτοι·
