2436 4068
1045 182 1150 231 417

394 326 505 389 ἐμοὶ
542 326 760 389 μελήσει
803 328 980 377 ταῦτα
1021 325 1106 377 καὶ
1149 331 1362 385 λευκαῖς
1402 323 1593 392 κόραις.

394 431 485 483 eqo
518 411 798 483 providebo
836 430 947 465 rem
986 412 1139 465 islam
1180 421 1227 466 et
1265 412 1416 466 albae
1451 412 1697 483 virqineS.

93 503 198 557 vid.
238 501 475 555 Ciceron.
517 500 584 554 de
621 500 852 554 Divinat.
890 499 930 552 1.
974 504 1063 554 57.
1107 507 1160 554 et
1200 517 1458 572 compone
1493 499 1696 554 Hellen.
1739 499 1823 554 VI.
1866 517 1937 556 ιν.
1982 499 2070 556 50.

96 592 282 661 ltaque
314 588 649 661 Xenophonti
691 586 1023 642 reddendum
1064 604 1181 642 esse
1214 604 1431 643 censeo:
1472 590 1782 658 ἀπεκρίνατο
1820 586 1896 644 ὅτι
1931 590 2072 655 αὐτῷ

92 679 375 743 μελήσοι.
2149 671 2151 674 ἵ

164 765 432 819 Tenemus
472 763 697 818 sciolum
735 765 789 817 in
828 764 869 817 I.
913 781 1022 817 vm.
1070 767 1154 817 18.
1206 764 1259 816 in
1308 763 1510 818 verbis:
1561 764 1792 837 [λέγουσι
1845 765 1898 821 δέ
1939 787 2071 826 τινες

88 855 152 915 ὥς
192 852 280 907 καὶ
314 859 434 913 ταῖς
473 851 659 905 ἀσπίσι
718 852 839 918 πρὸς
892 852 963 905 τοὶ
1004 851 1196 918 δόρατα
1245 852 1530 913 ἐδούπησαν
1589 852 1755 921 φόβον
1812 857 2071 915 ποιοῦντες

88 947 194 1001 τοῖς
229 939 448 1012 ἵπποις].
529 938 835 1006 Quomod0,
878 956 1111 1011 quaeso,
1162 937 1293 993 haec
1338 938 1585 994 oculatus
1637 942 1789 995 testis
1837 941 2075 997 scribere

90 1044 344 1099 umquam
380 1027 591 1099 potuit?
672 1027 753 1081 An
795 1027 1198 1099 Xenophontem
1238 1026 1416 1098 ipsum
1452 1026 1604 1081 illum
1635 1043 1910 1083 armorum
1941 1037 2075 1085 stre·

90 1117 265 1189 pitum
302 1123 357 1170 et
397 1114 664 1186 fragorem
701 1132 804 1169 non
847 1114 1182 1170 exaudivisse
1220 1114 1507 1186 putemus?
1588 1115 1872 1171 Praeterea
1927 1128 2073 1171 nunc

86 1219 299 1276 quoque
338 1202 552 1257 dicendi
593 1220 765 1274 genus
821 1203 1166 1274 impostorem
1221 1203 1402 1274 arguit
1450 1209 1503 1257 et
1555 1220 1652 1258 suo
1707 1205 1821 1276 ipse
1874 1205 2075 1259 indicio

90 1308 241 1347 sorex
281 1291 542 1363 proditur.
623 1293 756 1359 Quis
796 1292 1055 1346 Veterum
1102 1291 1238 1346 dixit
1278 1307 1535 1362 umquam
1575 1292 1743 1361 φόβον
1780 1300 1939 1348 ποιεῖν
1976 1313 2072 1347 τινι

90 1396 188 1454 pro
223 1381 452 1447 ἐμποιεῖν
494 1381 576 1435 vel
619 1380 887 1448 παρέχειν.
971 1380 1136 1446 Φόβον
1176 1386 1338 1434 ποιεῖν
1379 1385 1462 1433 est
1509 1398 1754 1451 pavorem
1811 1381 2075 1445 excitare,

90 1485 322 1533 movere,
357 1469 527 1538 φόβον
547 1470 803 1535 ἐμποιεῖν,
844 1476 1095 1524 terrorem
1128 1469 1373 1523 incutere.
1416 1467 1617 1523 Deinde
1650 1469 1806 1541 quid,
1847 1486 2075 1541 quaese,-

87 1563 170 1612 est
224 1559 425 1612 δουπεῖν
475 1566 540 1626 τῇ
594 1557 775 1612 ἀσπίδι
824 1559 945 1624 πρὸς
998 1558 1055 1611 τὸ
1112 1557 1263 1625 δόρυὲ
1343 1557 1609 1612 Arrianus
1660 1557 1837 1631 (cuius
1896 1557 2072 1613 locum

89 1644 451 1700 Schneiderus
507 1644 747 1716 attulit),
816 1645 1186 1717 Xenophontis
1239 1646 1480 1700 imitator
1537 1645 1848 1716 diligentior
1906 1646 2077 1701 multo

87 1749 251 1805 quam
303 1732 540 1797 felicior,
593 1733 728 1787 dixit
765 1733 805 1787 I.
860 1751 927 1788 vl.
986 1739 1036 1788 7.
1090 1741 1196 1795 τοῖς
1256 1734 1427 1802 δόρασι
1484 1735 1735 1797 δουπῆσαι
1795 1735 1916 1802 πρὸς
1974 1736 2073 1796 τὰς

88 1823 315 1882 ἀσπίδας
339 1863 353 1884 ,
391 1828 445 1876 et
484 1822 563 1876 sic
616 1821 956 1893 sequioribus
1013 1822 1159 1893 loqui
1200 1830 1518 1877 consuetum
1567 1829 1681 1887 est,
1736 1823 1929 1877 Atticis
1969 1840 2075 1878 non

91 1911 235 1964 item.
315 1909 536 1964 Veteres
575 1908 839 1981 quomodo
879 1910 932 1962 in
972 1909 1064 1963 tali
1102 1927 1161 1964 re
1194 1909 1339 1981 loqui
1375 1910 1579 1965 soleant
1618 1910 1737 1965 vide
1773 1910 1862 1966 IV.
1890 1929 1938 1966 v.
1986 1915 2074 1966 18.

84 1999 184 2060 τὰς
204 1999 434 2059 ἀσπίδας
472 1999 594 2065 πρὸς
630 1998 702 2052 τοὶ
743 1998 934 2064 δόρατα
970 1997 1233 2065 ἔκρουσαν,
1271 2005 1324 2052 et
1364 2000 1582 2053 omnino
1620 1998 1842 2053 verbum
1883 1998 2073 2067 κρούειν

85 2086 151 2142 de
186 2085 494 2140 huiusmodi
534 2086 809 2140 collisione
852 2086 1215 2157 usurpabant,
1258 2104 1360 2139 non
1406 2093 1598 2157 ψοφεῖν
1620 2094 1715 2141 aut
1754 2086 1925 2156 ψόφον
1965 2107 2073 2143 ποι-

85 2182 176 2231 εῖν.
255 2173 520 2229 Diodorus
569 2173 786 2228 Siculus
821 2174 987 2228 XVII.
1031 2179 1118 2229 58.
1176 2175 1229 2228 in
1272 2174 1437 2228 simili
1492 2193 1550 2229 re
1595 2175 1731 2230 dixit
1774 2182 1892 2237 ταῖς
1934 2178 2075 2244 σαρί-

84 2284 201 2324 σαις
240 2262 340 2323 τὰς
378 2263 607 2323 ἀσπίδας
658 2263 892 2316 τύπτειν.
975 2263 1043 2318 Et
1083 2270 1165 2317 est
1222 2261 1438 2333 quidem
1478 2265 1660 2324 δοῦπος
1713 2264 1855 2336 apud
1905 2265 2073 2319 Xenod

85 2351 335 2424 phontem
378 2350 441 2404 ΙΙ.
485 2367 538 2404 ιι.
587 2354 671 2405 19.
726 2350 792 2404 ab
844 2350 1061 2405 Ionibus
1118 2358 1395 2414 sumtum,
1455 2352 1657 2406 δουπεῖν
1713 2352 1913 2408 dixisse
1965 2370 2069 2408 non

82 2438 236 2495 facile
274 2438 629 2501 crediderim,
674 2439 766 2494 sed
808 2439 1081 2510 sequiores
1117 2439 1374 2494 vocabula
1407 2439 1641 2495 obsoleta
1677 2442 1856 2495 omnia
1894 2448 1948 2496 et
1991 2443 2071 2495 in·-

85 2533 381 2583 ten-mortua
421 2526 583 2582 stulte
626 2527 1021 2599 recoquebant‚
1064 2527 1204 2599 quod
1259 2528 1312 2581 in
1351 2527 1449 2582 hoc
1500 2529 1611 2599 ipso
1654 2528 1815 2583 verbo
1870 2531 2071 2586 δουπεῖν

82 2614 367 2672 facientem
400 2616 738 2691 perineptum
770 2615 1024 2670 historiae
1059 2617 1376 2687 scriptorem
1407 2615 1546 2671 ridet
1576 2617 1848 2672 Lucianus
1878 2618 2066 2686 Quom.

83 2703 146 2760 u.
177 2704 232 2759 C.
275 2720 391 2775 cap.
431 2702 592 2758 XXII.
674 2703 954 2759 Caeterum
991 2722 1118 2758 cave
1150 2712 1304 2776 putes
1340 2704 1604 2760 Graecum
1649 2705 1876 2761 militem
1918 2725 2069 2762 suum

81 2791 328 2867 clypeum
365 2799 419 2846 et
457 2790 663 2846 hastam
707 2810 855 2846 suam
904 2792 1198 2857 collisisse,
1242 2810 1472 2864 namque
1513 2796 1593 2848 sic
1634 2793 1811 2865 inepte
1860 2793 2067 2851 dictum

78 2881 184 2939 crit.
200 2882 292 2943 τὴν
313 2880 516 2936 ἀσπίδα
551 2880 670 2946 πρὸς
712 2882 770 2935 τὸ
806 2880 918 2947 δόρυ
952 2882 1166 2948 κρούειν,
1208 2880 1301 2935 sed
1345 2882 1716 2954 unusquisque
1750 2884 1841 2945 τὴν
1881 2885 2066 2939 ἑαυτοῦ

81 2970 279 3025 ἀσπίδα
318 2970 439 3036 πρὸς
474 2969 533 3023 τὸ
568 2973 657 3023 τοῦ
693 2969 1001 3037 παραςοὶτου
1023 2969 1135 3036 δόρυ
1176 2968 1402 3037 ἔκρουεν,
1445 2986 1603 3042 quem
1648 2978 1857 3026 tantum
1895 2989 2067 3027 armo·

81 3074 203 3115 rum
253 3056 517 3128 fragorem
571 3057 615 3110 si
666 3058 788 3127 quis
837 3057 903 3112 ad
962 3056 1327 3129 Xenophontis
1383 3075 1542 3113 aures
1599 3076 1700 3113 non
1761 3062 2066 3131 pervenisse

81 3146 419 3218 suspicatur,
463 3161 565 3200 non
609 3161 798 3200 recuso
837 3162 942 3217 quo
982 3146 1162 3200 minus
1210 3147 1257 3200 ei
1304 3145 1485 3202 videar
1534 3154 1682 3202 certa
1731 3155 1786 3203 et
1830 3150 2066 3219 genuina

82 3234 382 3290 inconsulto
421 3233 718 3289 convellere
767 3234 1011 3289 voluisse.
1095 3235 1331 3299 Λέγεται
1378 3235 1677 3290 rectissime
1728 3236 1957 3307 positum
2006 3236 2058 3290 iu

81 3322 148 3375 iis
186 3320 379 3385 rebus,
430 3321 628 3395 quibus
671 3321 961 3395 Xenophon
1007 3340 1108 3378 non
1152 3322 1461 3379 interfuerit
1502 3324 1646 3395 ipse,
1709 3324 1826 3378 vide
1868 3324 1906 3378 1.
1952 3341 2058 3378 vin.

84 3413 152 3463 24
194 3415 248 3464 et
287 3412 383 3471 28,
422 3417 476 3465 et
513 3411 727 3475 ἐλέγετο
770 3410 808 3464 Ι.
857 3427 962 3464 νιιι.
1007 3414 1039 3464 9
1080 3418 1133 3465 et
1175 3412 1217 3466 Ι.
1262 3429 1308 3466 x.
1350 3416 1399 3466 7.
1455 3411 1518 3467 de
1562 3413 1627 3467 iis
1683 3412 1870 3474 rehuS,
1925 3428 2060 3483 quas

84 3496 189 3550 illis
222 3497 352 3567 ipsis
388 3496 576 3553 diebus
613 3515 678 3554 ex
718 3497 1056 3554 sermonibus
1098 3497 1375 3554 hominum
1426 3505 1718 3572 acceperat.

161 3582 373 3639 Excidit
416 3588 732 3658 praepositio
771 3588 808 3641 l.
854 3604 959 3641 vm.
1004 3590 1091 3642 22.
1149 3587 1435 3655 νομίζοντες
1478 3619 1549 3631 -
1591 3589 1637 3642 εἴ
1670 3608 1718 3640 τι
1767 3596 2062 3655 παραγγεῖ·

1693 3682 1729 3710 ΖΗ
