2436 4068
1327 190 1430 240 756

394 335 650 401 εὐδόκιμον
703 331 829 387 εἶναι
886 330 1090 394 ἒξεςινῖ
1155 332 1326 387 Merae
1379 334 1609 404 ineptiae
1662 331 1761 387 hae
1814 338 1957 387 sunt.
2036 334 2096 389 Id
2147 336 2285 407 quod
2321 356 2351 393 a

394 424 739 494 Xenophonte
780 422 1038 490 scriptun]
1078 426 1156 472 est
1194 422 1406 474 restitui
1449 439 1547 474 non
1586 426 1788 491 potest:
1832 438 1967 492 quae
2002 420 2161 476 suerit
2197 427 2352 480 omis-

390 529 568 566 sorum
614 509 890 563 verhorum
936 516 985 560 et
1027 506 1433 577 depravatorum
1489 511 1752 561 sententia
1791 526 1854 562 ex
1905 511 2024 563 aliis
2081 513 2352 582 scriptori..

387 600 487 653 bus
529 615 627 651 non
687 603 764 650 est
805 594 1018 649 difficile
1059 595 1122 647 ad
1181 595 1582 664 intelligendum
1626 603 1706 649 est
1761 598 2095 667 potissimum
2151 615 2213 651 ex
2268 599 2351 654 his

389 685 662 742 Plutarchi
710 684 834 756 Lyc.
879 687 965 736 22.
1020 683 1081 755 (οἱ
1122 681 1236 754 νέοι)
1279 683 1484 746 μάλιςα
1546 685 1688 749 παρα
1741 687 1856 745 τοὺς
1894 686 2139 746 κινδύνους
2180 687 2350 754 ἐθεροέ-
2406 695 2436 755 ξ;

388 795 537 829 πευον
590 775 679 835 την
739 772 898 835 κόμην
957 771 1182 837 λιπαροίν
1241 793 1298 824 τε
1341 772 1612 836 φαίνεσθαι
1667 772 1752 825 καὶ
1804 774 2197 840 διακεκριμένην.
2276 774 2351 829 Cf.

390 861 580 916 Herod.
621 860 729 913 v11.
775 863 880 911 208
923 867 975 912 et
1017 862 1142 913 209.
1228 858 1370 912 Unde
1411 859 1670 928 suspicari
1707 861 1875 930 possis
1912 861 2034 914 olim
2074 862 2150 915 sic
2187 860 2350 917 fuisse
2396 854 2436 923 Ξ·

390 951 687 1020 scriptum:
747 945 879 1008 ἕξεςι
922 947 972 1000 δὲ
1013 949 1081 1013 τῷ
1121 946 1208 1014 νέῳ
1272 946 1510 1018 (λιπαρῷ)
1568 947 1654 1000 καὶ
1701 947 1816 1020 (τοὶς
1864 949 2030 1014 κόμας
2081 948 2352 1021 δια)κεκρι-
2389 940 2436 1075 23

387 1038 519 1104 μένῳ
561 1037 630 1095 εἷς
668 1034 850 1101 μάχην
890 1033 1045 1098 ἰέναι,
1103 1033 1191 1087 sed
1250 1033 1500 1087 hariolari
1551 1033 1648 1087 hoc
1688 1043 1767 1088 est
1807 1043 1859 1090 et
1901 1036 2033 1089 nihil
2074 1037 2151 1090 sic
2193 1037 2354 1091 effici·

392 1133 521 1190 tur,
561 1124 662 1176 nisi
707 1131 763 1176 ut
807 1121 872 1174 ab
914 1122 1350 1192 interpretatione
1403 1121 1647 1191 vulgatae
1700 1124 1998 1195 scripturae
2034 1132 2225 1179 cautus
2266 1125 2352 1180 ab·

389 1214 624 1276 stincaS,
665 1209 806 1264 unde
849 1209 981 1262 nihil
1021 1211 1133 1263 sani
1173 1209 1389 1264 extundi
1433 1216 1633 1280 potest,
1675 1218 1727 1264 et
1769 1219 1942 1266 metus
1976 1221 2092 1277 est,
2133 1214 2177 1266 si
2213 1229 2240 1268 e
2278 1220 2352 1268 ta·
2388 1203 2423 1286 J

391 1301 532 1356 libus
575 1298 902 1371 pertinacius
943 1297 1142 1368 aliquid
1185 1297 1376 1352 elicere
1417 1296 1662 1361 studeaS,
1723 1315 1788 1353 ne
1825 1301 1936 1354 veri
1974 1307 2026 1354 et
2066 1303 2199 1355 certi
2239 1319 2356 1356 sen·

389 1406 544 1453 sum,
586 1388 674 1457 qui
715 1394 767 1438 in
813 1392 863 1438 te
903 1393 1017 1450 est,
1058 1385 1320 1440 obtundas
1360 1393 1411 1440 et
1452 1385 1724 1456 depraves,
1805 1388 1953 1454 Quod
1996 1387 2352 1443 Schneiderus

389 1477 628 1548 reposuit
686 1474 1052 1541 κεκτενισμένῳ
1115 1473 1205 1547 (ex
1266 1474 1516 1528 Herodoti
1571 1474 1745 1528 verbis
1787 1476 1898 1530 Vll.
1942 1480 2066 1532 208.
2127 1479 2242 1538 τοὺς
2303 1477 2354 1532 δὲ

387 1564 486 1634 ὥρα
526 1564 623 1623 τας
665 1562 831 1627 κόμας
881 1561 1274 1634 κτενιζομένους)
1319 1570 1366 1616 et
1411 1561 1698 1616 barbarum
1736 1570 1816 1616 est
1853 1581 1946 1635 pro
1990 1566 2354 1634 ἐκτενισμένῳ,
2388 1566 2396 1602 5
2428 1575 2431 1586 ²

389 1662 441 1708 et
483 1670 584 1706 non
628 1649 896 1720 significat
938 1649 988 1702 id
1032 1649 1170 1719 quod
1213 1649 1310 1703 loci
1353 1646 1616 1704 sententia
1654 1653 1897 1722 requirit.
2394 1703 2401 1727 ἵ,

463 1741 522 1795 In
579 1755 691 1809 cap.
738 1738 872 1792 XIV.
916 1742 965 1791 5.
1020 1739 1197 1792 nescio
1238 1737 1498 1808 quomodo
1534 1738 1800 1792 claudicat
1840 1740 2103 1794 sententia
2146 1741 2198 1793 in
2239 1757 2353 1795 ver·
2393 1755 2402 1806 j

388 1829 470 1884 his
507 1828 589 1881 ἐπὶ
632 1828 699 1894 τῷ
742 1828 1034 1888 κεκτῆσθαι.
1118 1827 1280 1880 Recto
1339 1826 1468 1879 mihi
1522 1826 1624 1880 talo
1679 1835 1822 1882 stare
1873 1829 2145 1882 videretur
2185 1829 2227 1881 si
2271 1829 2354 1884 ἐπὶ
2390 1854 2433 1885 s

387 1921 456 1986 τῷ
519 1914 768 1989 (πλεῖς-ον)
822 1917 1134 1979 κεκτῆσθαι,
1190 1914 1268 1968 νθΙ
1313 1914 1611 1988 (πάμπολυ)
1668 1917 1983 1979 κεκτῆσθαι,
2041 1916 2120 1970 vel
2174 1916 2354 1977 huius·

387 2005 532 2067 modi
571 2003 696 2075 quid
754 2002 995 2056 additum
1045 2010 1220 2068 esset,
1275 2010 1327 2056 et
1369 2004 1420 2056 in
1477 2005 1505 2072 ξ
1545 2007 1596 2057 4.
1650 2020 1973 2075 quamquain
2015 2004 2144 2059 ferri
2179 2012 2353 2076 potest
2392 2011 2416 2074 ᾗ,

389 2092 523 2153 ὅπως
565 2094 637 2158 μη
676 2092 991 2160 ῥᾳδιουργίας
1034 2093 1137 2145 ἀπὸ
1197 2098 1293 2145 τῶν
1349 2090 1497 2154 ξένων
1550 2093 1627 2157 ἐμ
1646 2093 1864 2158 πίμπλ
1882 2114 2098 2156 αιντο,
2157 2099 2356 2164 quanto

390 2182 584 2236 melius
631 2186 681 2234 et
722 2179 1083 2246 Ἀττικώτερον
1138 2178 1465 2233 scriberetur
1513 2181 1939 2245 οξναπίμπλαιντο
2000 2180 2352 2236 Ruhnkenius
2410 2209 2422 2252 .;

391 2270 457 2326 ad
499 2270 635 2323 Tim.
676 2284 724 2320 V.
765 2265 1068 2326 Ἀνοὲπλεως
1111 2267 1367 2321 ostendet.
1450 2267 1658 2333 Quanto
1698 2269 1857 2322 etiam
1902 2269 2093 2322 melius
2134 2277 2183 2324 et
2221 2269 2357 2322 auti-

392 2376 496 2431 quo
538 2357 798 2426 scriptore
837 2353 1052 2424 dignius
1104 2354 1350 2408 decurret
1394 2355 1656 2408 sententia
1697 2357 1741 2408 si
1778 2356 1874 2420 μέν
1915 2357 2171 2426 omissum
2212 2355 2392 2409 revo-‘

394 2446 540 2501 cabis
580 2451 630 2498 et
678 2442 814 2496 male
861 2443 1148 2512 repetitum
1204 2444 1460 2507 ἐπίςαμοιι
1516 2459 1817 2515 expunges,
1872 2454 1930 2498 ut
1987 2445 2063 2498 sic
2122 2444 2362 2513 legatur:
2411 2451 2413 2481 ῑ

387 2535 651 2597 ,ἐπίςαμαι
689 2532 739 2584 δὲ
782 2531 867 2584 καὶ
925 2530 1209 2598 πρόσθεν
1250 2531 1368 2595 μὲν
1423 2529 1732 2593 ξενηλασίας
1783 2532 2096 2598 γιγνομένας
2139 2563 2211 2571 -—
2253 2536 2362 2586 νῦν
2411 2547 2419 2594 53

397 2623 461 2676 δὲ
502 2623 617 2679 τοὺς
660 2620 926 2679 δοκοῦντας
970 2620 1191 2685 πρώτους
1229 2615 1354 2672 εἶναι
1397 2621 1503 2673 κτέ.
2416 2614 2423 2662 J

473 2709 531 2762 In
576 2708 685 2761 XV.
732 2710 759 2777 §
800 2712 849 2760 5.
890 2710 954 2767 οὓς
994 2710 1195 2772 μήποτε
1234 2709 1486 2774 οἷπορήσαι
1519 2709 1772 2773 βασιλεὺς
1814 2710 1999 2775 ἱερῶν
2039 2709 2095 2772 ἤν
2129 2729 2179 2761 τι
2218 2708 2361 2778 δεηθῇ
2407 2770 2408 2773 ¹

399 2799 521 2857 θεοῖς
545 2797 1066 2861 συμβουλεύσασθαι,
1108 2795 1499 2849 emendandum
1542 2803 1622 2849 est
1654 2798 1866 2863 ἱερείων,
1905 2796 1955 2849 id
1995 2803 2073 2850 est
2097 2795 2365 2860 θυμάτων,
2392 2796 2418 2870 :3'

401 2902 630 2954 namque
672 2883 806 2946 hoc,
861 2902 960 2937 non
1004 2884 1214 2947 θυσίας,
1255 2882 1355 2937 loci
1397 2885 1658 2937 sententia
1701 2883 1923 2954 flagitat.
2006 2883 2140 2950 Quid
2184 2885 2361 2938 notius
2390 2868 2401 2933 f*

398 2981 480 3028 est
521 2989 678 3042 quam
721 2973 876 3038 ἱερεῖα
931 2971 1038 3026 dici
1083 2973 1152 3026 τοὶ
1191 2973 1438 3036 θύματα,
1478 2972 1582 3033 ἤτοι
1642 2973 1768 3037 βοῦς
1804 2974 1831 3035 ἢ
1874 2972 2117 3038 πρόβατα
2160 2972 2187 3033 ἢ
2235 2969 2290 3032 ὗς
2332 2959 2406 3226 ἢξ

394 3059 425 3116 δ’
455 3082 503 3115 τι
540 3059 604 3114 ἂν
643 3067 747 3118 τοῖς
788 3060 910 3118 θεοῖς
950 3060 1146 3121 θύηται.
1226 3059 1418 3112 Notum
1461 3066 1540 3113 est
1579 3060 1741 3113 etiam
1785 3059 1893 3126 ἱεροί
1933 3067 1983 3113 et
2023 3062 2179 3127 ἱερεῖα
2218 3060 2360 3114 inter
2416 3067 2418 3072 ’

399 3167 455 3204 se
508 3164 662 3218 saepe
717 3148 1046 3217 permutari:
1099 3147 1216 3200 vide
1266 3145 1430 3199 Anah.
1468 3147 1554 3200 Vl.
1598 3165 1644 3200 v.
1694 3154 1714 3200 1
1770 3155 1821 3201 et
1863 3147 1974 3201 V11.
2015 3165 2118 3200 vul.
2163 3152 2226 3211 5,
2269 3146 2359 3201 ubi
2412 3146 2419 3190 s«

396 3239 505 3293 ἰδὼν
554 3237 606 3289 δὲ
658 3235 727 3289 τα
773 3237 973 3302 ἱερεῖα
1025 3236 1303 3296 Εὐκλείδης
1345 3231 1485 3287 εἶπεν
1534 3252 1596 3288 ex
1654 3235 1960 3288 melioribus
2014 3235 2165 3288 libris
2222 3234 2436 3301 male

392 3332 666 3396 receptum
721 3330 833 3384 θεῖς
887 3339 1071 3376 verum
1115 3329 1195 3374 est
1247 3321 1386 3390 quod
1434 3322 1628 3376 habent
1688 3323 1976 3378 deteriores
2033 3325 2141 3379 ἰδὼν
2193 3324 2243 3378 δὲ
2283 3321 2354 3378 τοὶ
2396 3383 2398 3385 ‚

392 3412 570 3480 ἱεροὶ,
609 3420 728 3466 easta
769 3412 942 3474 enim,
985 3426 1118 3481 quae
1155 3408 1417 3479 haruspex
1457 3411 1698 3481 inspicit,
1737 3411 1808 3465 τοὶ
1843 3411 1950 3479 ἱεροί
1988 3399 2351 3484 appellantur,

392 3502 663 3565 victimae,
705 3516 840 3571 quae
881 3498 1225 3554 immolantur
1261 3495 1326 3550 ad
1366 3514 1520 3562 aras,
1568 3499 1638 3552 τοὶ
1677 3501 1848 3567 ἱερεῖα.
