2436 4068
1338 214 1443 263 214

392 378 486 434 pro
524 359 705 428 ξυνῇδη
747 364 799 413 et
838 359 890 411 in
937 355 1215 411 Phaedone
1251 357 1340 408 65.
1385 355 1445 408 E.
1502 361 1768 409 servatam
1810 372 1841 409 a
1880 355 2067 410 Photio
2109 357 2372 412 sinceram

390 449 716 519 scripturam
757 445 945 512 σχεδὸν
981 443 1076 509 μέν
1116 462 1166 495 τι
1205 443 1294 510 ᾔδη
1335 458 1430 513 pro
1470 444 1603 512 ᾔδειν
1645 443 1883 514 recipere
1919 459 2024 498 non
2062 449 2142 499 est
2183 461 2376 504 ausus,

393 552 553 607 quam
606 534 788 587 invitis
837 547 1049 602 quoque
1103 529 1255 582 libris
1290 536 1343 584 et
1394 530 1507 601 ipso
1563 529 1750 584 Photio
1800 536 2069 601 receptam
2119 533 2376 603 oportuit.

390 622 596 677 Addam
640 620 804 674 alium
847 617 1084 671 Platonis
1138 616 1314 671 locum
1368 624 1429 672 ut
1469 618 1642 671 obiter
1693 616 1950 671 mendum
2003 621 2272 675 eximam:
2322 620 2377 673 in

391 709 644 780 Apologia
685 710 772 760 51.
815 706 877 760 D.
937 704 1138 774 legitur
1177 706 1219 759 εἰ
1251 707 1363 771 ἐγὼ·
1402 706 1618 778 [πάλαι]
1666 705 1983 772 ἐπεχείρησα
2025 706 2271 774 πράττειν
2305 707 2377 761 τὰ

390 795 638 850 πολιτικαὶ
675 793 846 848 πάλαι
888 786 953 846 ἂν
993 793 1254 855 ἀπωλώλη
1301 795 1388 848 καὶ
1428 795 1565 859 ὑμᾶς
1600 794 1840 862 ὠφελήκη
1873 793 2045 855 οὐδέν,
2091 794 2182 848 ubi
2229 811 2374 866 egre-

389 884 512 953 gius
562 881 696 936 liber
750 880 1069 936 Bodleianus
1106 897 1136 934 a
1177 881 1353 951 prima
1401 898 1567 935 manu
1622 887 1801 935 servat
1841 880 2077 934 Platonis
2119 898 2375 947 manum,

391 970 486 1024 sed
525 971 703 1040 inepte
744 969 938 1040 aliquis
979 970 1131 1041 prius
1170 969 1342 1024 πάλαι
1385 969 1449 1023 de
1490 985 1587 1022 suo
1628 967 1840 1022 adiecit.
1921 968 2152 1023 Librarii
2194 975 2376 1024 autem

392 1065 541 1113 tanta
589 1059 887 1129 pertinacia
935 1078 1030 1111 -ειν
1086 1058 1140 1111 in
1192 1057 1277 1112 bis
1321 1074 1413 1128 pro
1452 1078 1507 1119 -η
1548 1055 1919 1119 substituunt,
1975 1063 2037 1110 ut
2082 1058 2135 1111 in
2177 1057 2378 1111 Avibus

389 1145 659 1217 Aristopb.
702 1151 827 1200 511.
886 1147 975 1199 οὐκ
1024 1147 1114 1214 ᾔδη
1163 1146 1256 1210 ’γώ
1302 1162 1407 1198 non
1450 1144 1664 1206 desint,
1708 1145 1801 1214 qui
1844 1147 1932 1199 οὐκ
1984 1147 2116 1214 ᾔδειν
2157 1147 2249 1210 ’γώ
2297 1161 2379 1200 re-

390 1234 724 1304 scripserint.
805 1233 866 1287 In
908 1233 1265 1304 Aristophane
1306 1233 1429 1286 libri
1478 1246 1663 1286 omnes
1714 1232 1902 1302 optimi
1956 1234 2175 1303 pessimi
2214 1234 2377 1287 inter-

390 1321 553 1393 polati
607 1326 769 1385 sunt,
819 1320 961 1391 quod
1010 1320 1124 1375 leve
1166 1320 1368 1374 malum
1404 1326 1520 1383 est,
1577 1321 1622 1372 si
1665 1319 1786 1391 quis
1829 1321 2091 1375 rationem
2133 1327 2187 1375 et
2237 1326 2377 1375 vete-

389 1425 512 1464 rum
568 1409 890 1463 Criticorum
934 1409 1313 1463 auctoritatem
1368 1407 1588 1462 audebit
1629 1405 1876 1461 futilibus
1926 1407 2120 1462 scribis
2164 1415 2378 1480 antepo-

389 1510 550 1562 nere,
606 1513 751 1550 nunc
799 1495 950 1550 video
1001 1495 1291 1566 Bergkium
1344 1495 1643 1550 Ravennati
1688 1495 1822 1549 libro
1881 1494 2002 1566 plus
2053 1513 2215 1568 quam
2268 1496 2376 1551 illis

389 1585 632 1648 credere,
675 1601 842 1655 quum
877 1583 1106 1638 ediderit
1144 1584 1199 1636 in
1234 1583 1523 1654 Equitibus
1558 1588 1659 1639 8⁰21
1696 1589 1748 1638 et
1788 1587 1949 1638 1044.
1991 1585 2278 1649 ἐλελήθεις,
2318 1585 2374 1641 in

388 1673 577 1744 Vespis
617 1676 744 1726 800.
795 1672 1043 1733 ᾔκηκόειν.
1125 1670 1388 1726 Similiter
1431 1672 1488 1725 in
1542 1674 1678 1727 Pace
1718 1674 1845 1726 616.
1888 1678 1941 1725 et
1982 1672 2035 1724 in
2087 1671 2375 1728 Ecclesiaz.

390 1766 479 1816 52.
523 1759 853 1828 ἐγρηγόρειν,
895 1758 1020 1811 ibid.
1057 1762 1184 1813 650.
1227 1758 1537 1813 ἐπεπόνθειν.
1618 1759 1766 1813 Idem
1808 1765 1989 1814 tamen
2031 1760 2211 1814 nescio
2249 1777 2375 1832 quo·

388 1849 546 1904 modo
599 1849 653 1901 in
711 1846 1147 1901 Acbarnensibus
1183 1851 1266 1901 10.
1320 1846 1467 1901 dedit
1509 1844 1594 1901 ὅτε
1641 1848 1700 1909 δὴ
1748 1849 1993 1915 ’κεχήνη,
2048 1863 2374 1920 quamquam

387 1940 670 1992 Ravennas
711 1952 814 1988 non
870 1934 970 1988 hoc
1009 1933 1100 1988 sed
1141 1936 1351 2001 κεχήνει
1394 1934 1621 1997 obtulit,
1679 1941 1732 1989 et
1769 1936 1824 1988 in
1881 1934 2083 1990 Avibus
2117 1941 2244 1991 511.
2285 1939 2375 1992 οὐκ

387 2027 477 2095 ᾔδη
519 2027 611 2090 ’γώ
653 2039 835 2078 errare
889 2039 991 2075 non
1043 2022 1236 2092 potuit.
1320 2022 1548 2077 Formae
1588 2022 1845 2077 barbarae
1888 2024 2041 2092 ᾔδην,
2083 2024 2374 2090 ἐνενοῇκην,

387 2115 731 2176 ἐπεποιῇκην,
773 2110 1260 2165 Grammaticorum
1306 2110 1548 2165 socordia
1604 2117 1760 2165 natae
1801 2118 1928 2166 sunt
1954 2153 1968 2177 ,
2021 2128 2252 2183 quorum
2288 2112 2374 2167 ob·

389 2217 548 2256 scura
606 2199 808 2253 mentio
866 2204 946 2251 est
1001 2196 1142 2267 apud
1206 2197 1541 2253 Heraclidem
1599 2198 1872 2253 Eustathii
1929 2198 1995 2253 ad
2057 2197 2248 2272 odyss.
2304 2210 2371 2255 Ψ.

387 2307 439 2362 p.
479 2292 624 2350 815,
670 2291 761 2343 27.
816 2285 995 2340 πολλοὶ
1047 2285 1097 2338 δὲ
1148 2287 1235 2340 καὶ
1289 2287 1382 2340 σὺν
1432 2288 1502 2354 τῷ
1553 2306 1577 2339 ν
1618 2287 1918 2354 προφέρουσι
1969 2289 2060 2349 τὴν
2112 2287 2374 2355 εἰρημένην

385 2378 599 2444 γραφὴν
640 2380 738 2428 τῶν
780 2374 1214 2439 ὑπερσυντελικῶν
1268 2374 1411 2442 ᾔδην
1469 2374 1713 2438 λέγοντες
1760 2374 1846 2428 καὶ
1899 2376 2236 2438 ἕνενοήκην
2284 2377 2371 2430 καὶ

388 2463 810 2526 ἐπεποιῇκην.
892 2461 1062 2515 Erant
1108 2460 1163 2514 hi
1209 2461 1407 2515 vetusti
1449 2462 1750 2532 scripturae
1794 2478 2042 2527 erroreS,
2087 2463 2283 2534 quibus
2320 2464 2374 2519 id

388 2568 560 2625 genus
607 2550 793 2604 Critici
843 2548 997 2603 facile
1055 2548 1487 2620 decipiebantur:
1550 2549 1731 2603 nullus
1787 2565 1939 2603 error
1986 2550 2248 2605 eiusmodi
2285 2569 2370 2607 su-

385 2646 564 2714 perest
603 2639 658 2691 in
698 2636 880 2700 libris,
923 2652 1094 2707 neque
1136 2653 1364 2707 usquam
1406 2638 1508 2691 ista
1546 2636 1818 2692 barbaries
1858 2639 2190 2709 conspicitur
2222 2656 2369 2711 prae·

387 2737 635 2800 terquam
695 2723 836 2795 apud
890 2723 1281 2778 Grammaticos
1332 2723 1488 2795 longe
1546 2726 1822 2796 sequiores
1879 2733 1933 2780 et
1981 2726 2098 2780 illos
2149 2726 2373 2782 Criticos

387 2817 481 2889 qui
523 2816 749 2868 istorum
793 2811 1132 2882 opinionibus
1176 2811 1379 2883 aliquid
1421 2819 1614 2884 putant
1664 2830 1779 2868 esse
1827 2813 2192 2870 tribuendum.
2277 2815 2370 2871 Se·

386 2902 565 2959 cunda
618 2916 843 2972 persona
903 2899 1044 2970 apud
1100 2906 1306 2955 veteres
1366 2907 1675 2956 constanter
1730 2901 1909 2956 exibat
1968 2903 2023 2956 in
2084 2924 2206 2967 -ης,
2268 2904 2372 2958 nisi

386 2990 529 3065 quod
587 2990 779 3058 ᾔδησθα
833 2987 958 3041 olim
1015 3005 1202 3043 omnes
1257 2988 1505 3043 dicebant
1559 3006 1662 3043 non
1714 2990 1864 3058 ᾔδης,
1917 2990 2368 3060 quemadmodum

385 3078 529 3135 οἷο-θοι
580 3094 684 3131 non
723 3074 895 3138 οἶδας,
941 3083 993 3130 et
1034 3076 1163 3141 ἧσθαι
1215 3095 1319 3131 non
1366 3075 1422 3139 ἧς
1452 3119 1464 3141 ,
1509 3083 1562 3130 et
1598 3078 1775 3145 ᾔεισθκ
1819 3093 1922 3130 non
1968 3079 2088 3146 ᾔεις.
2171 3078 2375 3134 Scribis

386 3168 544 3224 aliter
582 3166 795 3226 visum,
840 3164 1034 3234 quibus
1076 3186 1173 3227 -εις
1216 3182 1310 3237 pro
1352 3186 1436 3226 -ης
1487 3163 1723 3218 solemne
1770 3171 1884 3218 erat
1925 3165 2188 3231 scribere,
2242 3183 2372 3238 quo·

387 3257 532 3311 niam
584 3253 662 3307 sic
712 3251 890 3305 dicere
938 3252 1212 3316 solebant,
1269 3259 1323 3307 et
1361 3254 1494 3322 ᾔδεις
1539 3251 1783 3325 (subinde
1824 3251 1964 3325 ᾔδης)
2026 3270 2118 3324 pro
2158 3255 2367 3323 ᾔδησθα.

384 3343 635 3398 Vidimus
674 3340 1037 3394 Ravennatem
1091 3341 1290 3395 librum
1333 3341 1385 3394 in
1427 3339 1717 3411 Equitibus
1759 3344 1862 3394 821
1910 3347 1963 3395 et
2007 3345 2168 3396 1044.
2224 3342 2368 3397 exhi-

384 3432 510 3487 here
551 3429 838 3492 ἐλελήθεις,
895 3444 1030 3497 quae
1083 3427 1253 3483 forma
1306 3430 1374 3483 iis
1415 3435 1626 3483 tantum
1671 3428 1871 3481 usitata
1933 3435 2041 3494 est,
2103 3431 2194 3501 qui
2236 3432 2366 3499 ᾔδειν

385 3521 486 3585 ἐγώ
529 3516 813 3579 dicebant,
855 3531 957 3569 non
1003 3517 1416 3587 antiquioribus
1500 3515 1820 3587 Saepissime
1868 3518 1999 3585 ᾔδεις
2052 3524 2105 3572 et
2162 3519 2366 3588 ᾔδεισθα

385 3607 516 3661 vitio
571 3607 943 3677 irrepserunt,
1001 3610 1053 3658 at
1114 3604 1259 3660 nullo
1317 3605 1530 3678 negotio
1589 3603 1787 3675 ubique
1841 3606 2034 3675 ᾔδησθα
2093 3604 2365 3663 emendari
2435 3651 2436 3654 ,
