2436 4068
1011 192 1115 244 785

80 359 195 399 esse
254 338 679 396 existimabimus
738 344 897 409 atque
954 334 1326 402 συγκαμπτω,
1381 333 1521 406 quod
1581 349 1611 387 a
1663 333 1853 388 scribis
1913 334 2044 389 solet

78 431 342 503 genuinae
415 427 618 481 formae
670 425 960 492 συγκαπτω
1021 422 1316 487 substitui,
1377 423 1470 494 qui
1534 423 1804 477 contrario
1864 438 2050 477 errore⁴

76 519 378 574 Atticorum
419 515 603 570 καπτω
626 557 640 579 ,
679 514 967 568 ἄνακοὶπτω
1009 520 1062 567 et
1101 511 1350 576 ε’γκοὶπτω
1394 512 1448 564 in
1488 511 1747 578 κάμπτω,
1798 507 2044 577 οένακοέμ-

77 625 227 668 πτω,
266 603 563 670 ἐγκαμπτω
605 600 903 656 deformare
943 598 1191 655 assolent.

167 693 300 747 Miro
358 706 539 747 errore
597 689 689 744 sed
747 690 968 743 minime
1026 686 1352 758 infrequenti
1411 686 1615 741 laborat
1672 685 1822 741 loeus
1861 686 1925 741 lt.
1972 692 1998 740 1
2029 698 2052 741 :⁸

78 778 212 841 ὅπως
270 799 337 844 γε
387 779 490 844 μὴν
547 779 628 832 δεῖ
675 777 922 831 πωλεύειν
971 777 1110 830 δοκεῖ
1160 776 1282 840 ἡμῖν
1330 775 1590 843 γραπτέον
1644 772 1791 829 εἶναι.
1885 774 2049 830 Plane

78 867 414 922 eontrarium
468 865 756 938 Xenophon
799 864 1039 919 dixerat:
1099 863 1167 916 οὐ
1218 862 1357 916 δοκεῖ
1407 866 1528 928 ἡμῖν
1580 863 1839 931 γραπτέον
1898 861 2047 919 εἶναι.

78 955 218 1026 Lege
274 953 428 1008 modo
480 970 616 1025 quae
666 958 966 1024 sequuntur
1003 957 1058 1005 et
1106 967 1222 1005 rem
1275 949 1613 1005 manifestam
1655 967 1770 1005 esse
1827 951 2049 1007 videbiS.

80 1041 334 1097 Haerebis
389 1042 553 1096 etiam
594 1043 650 1095 in
704 1041 933 1095 vicinis:
997 1040 1131 1095 πολὺ
1185 1040 1238 1094 δὲ
1277 1045 1503 1107 κρεῖττον
1561 1043 1650 1093 τοῦ
1709 1038 2051 1107 πωλοδαμνην

79 1127 208 1186 εἶναι
248 1131 318 1197 τῷ
357 1130 453 1195 μὲν
492 1130 580 1198 νέῳ
619 1127 821 1192 εὐεξίας
861 1148 922 1183 τε
962 1128 1319 1194 ἐπιμελεῖσθαι
1356 1134 1449 1189 τῆς
1485 1128 1668 1180 ἑαυτοῦ
1704 1128 1792 1181 καὶ
1834 1129 2052 1191 ἱππικῆς

78 1219 109 1282 ἢ
152 1218 446 1286 ε’πιςαμένῳ
485 1218 574 1282 ἤδη
615 1216 931 1283 ἱππαζεσθαι
971 1219 1241 1281 μελετῶν,
1285 1216 1356 1283 τῷ
1397 1216 1448 1269 δὲ
1489 1214 1818 1283 πρεσβυτέρῳ
1853 1219 1945 1269 τοῦ
1985 1236 2046 1270 τε

77 1306 210 1362 οἴκου
249 1306 335 1360 καὶ
371 1307 471 1360 τῶν
508 1306 677 1375 φίλων
727 1305 814 1358 καὶ
866 1309 964 1358 τῶν
1003 1309 1275 1358 πολιτικῶν
1315 1302 1401 1356 καὶ
1442 1308 1540 1357 τῶν
1579 1307 1868 1368 πολεμικῶν
1907 1306 2052 1369 μῶλ-

80 1408 169 1450 λον
205 1396 234 1459 ἣ
267 1393 412 1463 ἀμφὶ
448 1394 700 1448 πώλευσιν
739 1391 1036 1459 διατρίβειν.
1115 1392 1249 1446 Miro
1282 1406 1464 1445 errore
1502 1390 1684 1462 lapsus
1717 1397 1798 1445 est
1832 1389 2053 1446 Schnei-

81 1483 245 1539 derus
282 1489 576 1536 annotans:
638 1483 885 1543 »ἱππικῆς
925 1481 963 1537 i.
1005 1497 1050 1535 e.
1090 1487 1183 1543 τῆς
1223 1484 1312 1534 τοῦ
1361 1477 1576 1533 Yam-ov?
1615 1480 1768 1550 quasi
1807 1496 1930 1533 vero
1970 1482 2057 1533 ἱπ·

79 1574 207 1635 mxi,
245 1570 420 1635 εὐεξία
461 1577 555 1624 aut
592 1587 653 1624 eo
686 1585 847 1623 sensu
884 1576 977 1623 aut
1021 1568 1126 1623 ullo
1159 1567 1262 1622 alio
1299 1585 1458 1623 sensu
1479 1567 1679 1622 Graece
1714 1566 1821 1620 diei
1858 1574 2052 1638 posset.

27 1680 29 1682 ·
81 1659 194 1715 Hoc
230 1658 383 1714 video
419 1657 826 1730 Xenophontem
862 1656 1074 1712 dicere:
1116 1657 1279 1710 satius
1315 1674 1425 1711 esse
1456 1655 1632 1710 iuveni
1665 1656 1928 1727 equitandi
1965 1674 2052 1710 ar-

82 1756 185 1804 tem
223 1747 490 1802 addiscere
522 1754 613 1801 aut
650 1747 740 1800 ubi
774 1763 890 1800 eam
919 1746 1045 1799 salis
1081 1743 1316 1798 didicerit
1353 1745 1408 1798 in
1449 1763 1508 1799 ea
1544 1762 1599 1798 se
1636 1755 1929 1809 exercere,¹
1960 1740 2055 1800 sed

82 1837 280 1910 quibus
329 1835 506 1890 verbis
555 1834 608 1889 id
657 1834 855 1888 dixerit
911 1850 1015 1888 non
1070 1833 1296 1905 reperio.
1379 1831 1519 1886 Sana
1571 1848 1688 1886 esse
1735 1829 2055 1896 videntur&

82 1925 375 1993 ἕπιςαμένῳ
412 1926 501 1989 ἤδη
539 1923 858 1992 ἱππάζεσθαι
898 1926 1165 1989 μελετᾶν,
1207 1920 1299 1976 sed
1340 1920 1479 1992 quod
1520 1919 1838 1992 praecedere
1877 1936 2058 1975 neces·

81 2015 225 2070 sario
262 2011 449 2068 debuit
486 2012 648 2067 satius
686 2029 795 2066 esse
833 2011 1098 2083 equitandi
1147 2018 1316 2064 artem
1360 2009 1657 2073 addiscere,
1713 2008 1766 2062 id
1819 2025 1943 2063 vero
1994 2025 2061 2064 ex

79 2102 260 2158 verbis
298 2101 515 2157 Graecis
554 2100 675 2155 eliei
738 2117 841 2154 non
884 2104 1090 2171 potest:
1147 2113 1379 2169 namque
1427 2099 1644 2160 ἱππικῆς
1696 2098 2055 2163 ἐπιμελεῖσθαι

79 2188 228 2246 nullo
259 2196 414 2262 pacto
452 2187 758 2260 significare
800 2188 995 2260 poterit
1035 2202 1291 2258 umquam
1335 2186 1445 2253 περὶ
1487 2186 1703 2247 ἱππικὴν
1751 2184 2057 2253 σπουδάζειν

84 2287 178 2335 aut
225 2278 460 2334 ἱππεύειν
498 2276 789 2343 μανθάνειν.
869 2273 1070 2330 Deinde
1109 2274 1250 2347 quod
1305 2275 1548 2345 sequitur
1586 2276 1676 2327 τοῦ
1712 2294 1771 2327 τε
1811 2273 1944 2327 οἴκου
1983 2304 2059 2314 -

82 2373 372 2433 πολεμικῶν
407 2364 577 2420 videri
619 2365 785 2436 possit
824 2378 1145 2435 suspensum
1186 2379 1302 2417 esse
1341 2377 1406 2416 ex
1455 2360 1614 2415 verbo
1663 2361 2065 2426 ἐπιμελεῖσθαι,

82 2454 176 2512 aed
216 2454 332 2510 fieri
364 2453 419 2508 id
461 2469 564 2508 non
608 2459 779 2525 potest
815 2458 1030 2524 propter
1070 2451 1446 2522 interpositum
1488 2450 1516 2513 ἢ
1555 2480 1630 2490 -
1661 2452 1912 2514 μελετᾶν.
1971 2448 2064 2502 vi-

83 2543 246 2600 deant
288 2542 379 2597 atii
418 2540 682 2615 quomodo
719 2540 851 2595 haee
889 2538 1190 2612 expediant.

159 2633 219 2687 ln
257 2631 325 2687 ΙΙ.
367 2635 419 2685 2.
462 2629 640 2697 ,ὥσπερ
679 2631 765 2685 τὸν
800 2630 970 2685 παῖδα
1009 2625 1133 2683 ὅταν
1173 2628 1282 2682 ἐπὶ
1323 2627 1575 2694 τέχνην
1618 2625 1771 2694 ἐκδῷ,
1812 2625 2067 2696 suspicor

84 2721 169 2775 ἐπὶ
222 2720 383 2788 τέχνῃ
433 2734 614 2774 veram
656 2717 937 2772 lectionem
986 2733 1132 2780 esse,
1184 2714 1366 2770 eodem
1407 2730 1568 2769 sensu
1608 2713 1814 2768 dietum
1855 2730 1960 2785 quo
2002 2714 2059 2768 in

84 2807 358 2874 μανθάνειν
397 2808 481 2862 ἐπὶ
531 2807 728 2876 τέχνῃ,
787 2807 871 2860 ἐπὶ
911 2806 1072 2874 τέχνῃ
1119 2804 1444 2858 διδάσκεσθαι
1503 2808 1556 2856 et
1611 2803 1731 2857 sim.
1794 2802 1941 2857 Plato
2000 2805 2055 2857 in

84 2897 374 2967 Protagora
413 2913 462 2968 p.
502 2898 630 2950 312.
672 2895 743 2956 B:
781 2896 870 2949 οὐκ
910 2893 1009 2947 ἐπὶ
1051 2892 1244 2961 τέχνῃ
1283 2891 1470 2958 ἔμαθες
1508 2892 1572 2951 ὦς
1610 2891 1909 2958 δημιουργὸς
1951 2892 2059 2946 ε’σό·

83 3004 233 3052 μενος
273 2986 398 3039 ἀλλ’
434 2985 516 3039 ἐπὶ
557 2985 767 3053 παιδεία
792 3025 805 3047 ,
845 2990 899 3038 et
939 2998 988 3054 p.
1027 2985 1155 3037 315.
1199 2981 1274 3035 A:
1316 2979 1627 3047 Ἀντίμοιρος
1662 2980 1921 3044 εὐδοκιμεῖ
1952 2981 2056 3046 μα-

85 3085 212 3131 λιςα
266 3078 364 3128 τῶν
421 3073 757 3139 Πρωταγόρου
802 3073 1042 3137 μαθητῶν
1098 3070 1183 3124 καὶ
1245 3069 1347 3124 ἐπὶ
1405 3068 1600 3138 τέχνῃ
1657 3068 1933 3134 μανθάνει,
1992 3071 2055 3129 ὡς

85 3163 301 3231 σοφιςὴς
335 3161 589 3225 ἐσόμενος.
672 3160 775 3215 Lex
814 3166 893 3215 est
937 3157 1143 3214 Solonis
1183 3156 1320 3230 apud
1369 3156 1636 3211 Plutarch.
1682 3155 1784 3210 Sol.
1823 3159 1908 3209 ⁶24.
1952 3172 2058 3227 qua

88 3248 242 3305 Solon
283 3252 337 3304 οὐ
374 3249 539 3303 δίδωσι
583 3250 824 3310 πολίταις
868 3247 1103 3313 γενέσθαι
1150 3247 1287 3307 πλὴν
1340 3251 1443 3304 τοῖς
1495 3243 1752 3304 πανεςίοις
1810 3243 2057 3312 Ἀθήναζε

86 3336 509 3405 μετοικιζομένοις
552 3337 652 3392 ἐπὶ
699 3359 729 3391 τ
742 3337 818 3405 ἐχ
829 3358 852 3390 ν
865 3358 907 3404 34.

164 3423 409 3480 Nondum
458 3431 539 3479 est
596 3432 809 3496 reperta
865 3440 986 3479 vera
1026 3424 1295 3495 scriptura
1333 3420 1420 3474 ΙΙΙ.
1469 3425 1570 3474 11:
1625 3420 1711 3474 καὶ
1758 3418 1941 3473 τᾶλλα
1982 3420 2057 3474 δι·

90 3514 388 3580 νεύματα
416 3554 429 3578 ,
472 3511 564 3567 ubi
601 3512 759 3567 Codd.
802 3514 860 3574 δὴ
895 3512 1134 3578 νεύματα
1172 3509 1458 3570 exhibent,
1503 3509 1556 3561 in
1594 3523 1699 3578 quo
1732 3507 1859 3579 quid
1898 3507 2059 3563 lateat

92 3617 194 3658 non
252 3601 494 3674 reperio,
556 3600 648 3657 sed
701 3602 986 3668 δινεύματα
1043 3598 1241 3656 nullius
1293 3596 1449 3669 pretii
1504 3595 1930 3651 correctiuneula
1980 3602 2061 3651 est
