2436 4068
1010 189 1118 240 599

79 337 339 410 oportuit.
415 334 548 401 Quis
601 334 745 387 enim
802 330 1060 403 intelligit
1110 332 1241 386 haec
1293 330 1455 385 verba
1501 330 1679 389 v1.5.
1736 330 1914 393 πάσας
1967 332 2067 394 τὰς

78 424 340 489 ἑπιςήμας
377 423 493 476 οὔτε
546 422 729 487 μαθεῖν
774 418 873 474 οἷόν
923 441 984 474 τε
1038 422 1161 485 ἡμῖν
1210 418 1367 473 ἐδόκει
1420 419 2068 487 συναποδοκιμάζειν

73 534 135 569 τε
171 519 292 571 ταῖς
347 510 531 564 πόλεσι
584 510 683 569 τας
736 507 1069 573 βαναυσικας
1123 506 1452 572 καλουμένας
1504 506 1739 574 τέχναςῖ
1821 506 1878 561 Si
1919 508 2066 564 enim

74 596 566 665 συναποδοκιμάζειν
601 613 665 651 ex
699 595 859 650 verbo
894 594 1052 650 ἐδόκει
1089 596 1191 649 erit
1229 593 1666 666 suspendendum
1702 600 1757 649 et
1787 594 1891 649 loci
1925 611 2068 650 com·
2140 664 2143 667 A

73 688 264 761 positio
303 694 359 740 et
396 683 712 755 copularum
756 684 1055 737 οὔτε-τε
1098 681 1374 736 collocatio
1423 681 1657 736 absurda
1704 689 1883 737 erunt.
1964 684 2065 739 Xe-

74 773 362 848 nophontis
402 788 625 827 manum
676 769 937 825 Stobaeus
983 769 1218 823 servavit
1265 769 1812 837 συναπεδοκιμοὶζομέν
1853 792 1913 825 τε
1947 778 2068 834 ταῖς

72 863 288 926 πόλεσι,
329 876 436 933 qua
473 866 688 930 recepta
737 858 1040 912 rectissime
1097 855 1373 911 habebunt
1416 858 1612 911 omnia.
1695 859 1753 912 In
1794 860 1889 923 iis,
1930 877 2071 932 quae

71 951 326 1007 continuo
366 953 670 1019 sequuntur
706 942 781 1000 ὅτι
819 945 907 999 καὶ
948 946 1021 999 τα
1062 946 1288 1009 σώματα
1329 946 1820 1010 καταλνμαίνεσθαι
1867 949 2064 1006 δοκοῦσι

72 1040 159 1095 καὶ
194 1038 294 1099 τὰς
328 1036 517 1104 ψυχὰς
555 1033 1018 1099 καταγνύουσι
1060 1031 1237 1086 simile
1285 1042 1367 1086 est
1402 1033 1804 1103 compositionis
1839 1036 2064 1098 vitium,

69 1124 210 1200 quod
249 1124 469 1179 tolletur
509 1128 730 1193 accepta
770 1137 801 1175 a
839 1120 1064 1176 Stobaeo
1116 1119 1347 1174 lectione
1397 1120 1681 1174 verissima
1732 1124 2063 1188 καταγνύναι

69 1231 167 1287 pro
197 1212 581 1277 καταγνύωσι,
621 1225 784 1280 quam
819 1215 1031 1280 poterat
1066 1208 1188 1279 quis
1221 1207 1572 1262 coniectando
1613 1210 1880 1280 reperire,
1918 1227 2065 1266 nunc

71 1301 137 1358 ab
177 1301 367 1356 idoneo
402 1306 539 1354 teste
579 1295 812 1351 oblatam
851 1302 1229 1367 aspernantur.

143 1390 203 1445 In
251 1387 431 1444 verbis
482 1401 620 1458 quae
678 1383 973 1455 Xenophon
1033 1383 1255 1455 respicit
1309 1382 1397 1437 IV.
1455 1387 1488 1438 2
1545 1383 1892 1439 scribendum
1946 1402 2064 1441 esse

70 1477 324 1546 ἐπίρρητοί
372 1497 431 1530 τε
485 1473 580 1528 εἶσὶ
631 1473 718 1527 καὶ
773 1471 978 1533 εἰκότως
1030 1471 1204 1537 μέντοι
1259 1468 1398 1524 πάνυ
1450 1470 1753 1535 ἀδοξοῦνται
1800 1474 1923 1540 πρὸς
1964 1478 2064 1527 τῶν

70 1568 268 1622 πόλεων
318 1563 535 1636 egregie
581 1558 922 1616 confirmabit
959 1558 1359 1614 Grammaticus
1401 1559 1456 1612 in
1497 1560 1724 1615 Bekkeri
1765 1559 1965 1614 Anecd.
2006 1577 2060 1633 p.

68 1658 212 1720 345,
254 1657 307 1708 ὅ.
386 1652 564 1706 Minus
603 1654 750 1703 recte
787 1646 1048 1702 Stohaeus
1088 1645 1269 1701 Floril.
1310 1645 1448 1703 LXI.
1490 1650 1523 1701 6
1565 1649 1688 1703 ὑπὸ
1728 1654 1826 1703 τῶν
1860 1647 2061 1703 πόλεων

65 1741 237 1799 affert.
318 1739 500 1795 Placet
538 1735 879 1808 Xenophonti
915 1733 1248 1790 consuetudo
1290 1734 1501 1801 Ionica,
1544 1753 1708 1807 quam
1742 1737 1942 1808 optime
1978 1753 2060 1792 re·

63 1830 276 1886 vocavit
326 1825 689 1883 Schneiderus
738 1823 876 1879 XVI.
919 1828 985 1879 15
1042 1823 1162 1891 πρὸς
1197 1827 1286 1878 τοῦ
1329 1823 1472 1886 ἡλίου
1518 1841 1820 1896 reponenS,
1870 1823 1924 1879 id
1974 1831 2056 1879 est

63 1921 161 1975 ὑπὸ
199 1921 290 1972 τοῦ
324 1916 502 1979 ἡλίου,
538 1930 635 1986 pro
673 1911 937 1966 librorum
979 1912 1252 1983 scriptura
1291 1912 1412 1979 πρὸς
1453 1913 1538 1967 τὸν
1579 1912 1732 1977 ἥλιον.

140 2004 444 2060 Admonent
479 2018 545 2056 ue
587 2000 718 2056 haec
757 2000 1082 2072 suspicionis
1133 1998 1506 2055 Valckenaerii
1558 2003 1610 2055 in
1655 2001 1846 2057 XVIII.
1883 2005 1916 2055 5
1958 2017 2055 2072 pro

61 2095 293 2150 ἐνύτοιεν
341 2106 599 2163 reponere
649 2088 887 2143 iubentis
937 2088 1203 2153 αγνύοιεν,
1244 2105 1382 2160 quae
1428 2090 1591 2142 etiam
1645 2096 1927 2160 propterea
1971 2095 2056 2144 est

65 2179 414 2255 improbanda
453 2179 580 2250 quia
622 2193 778 2232 nemo
817 2177 873 2230 in
918 2176 1097 2231 Attica
1130 2173 1329 2242 ἄγνυμι
1371 2176 1585 2231 dicebat
1619 2177 1711 2232 sed
1745 2177 2052 2245 καταγνυμι

62 2286 265 2326 omnes,
346 2269 500 2323 Iones
536 2264 665 2320 olim
719 2270 773 2319 et
812 2264 976 2320 Dores
1018 2263 1177 2319 verbo
1224 2264 1459 2336 simplici
1506 2263 1754 2331 Εάγνυμι
1806 2274 1900 2321 aut
1951 2267 2052 2322 1302-

61 2377 222 2425 γνυμι
258 2355 567 2412 utebantur.
609 2352 1110 2425 Nucisranqibulum
1145 2369 1176 2406 a
1218 2352 1498 2425 Spartanis
1518 2354 1950 2422 μουκηροβακτας
1973 2355 2050 2410 di-

60 2446 234 2510 citur,
273 2443 365 2499 sed
409 2443 475 2499 ab
517 2441 937 2497 Atheniensibus
977 2440 1436 2509 καρυοκατάκτης,
1483 2443 1610 2512 quia
1643 2450 1704 2498 ut
1736 2443 1812 2497 illi
1848 2443 2051 2510 Βοέγνυ-

59 2553 120 2600 ut
166 2533 399 2601 μούκηρα
451 2529 731 2595 dicebant,
781 2530 859 2584 sic
913 2530 1079 2585 Attici
1128 2530 1296 2598 κάρνα
1331 2530 1690 2596 καταγνύναι,
1729 2533 2049 2599 ἀμυγδαλῆν

59 2620 322 2685 κατᾶξαι,
360 2627 414 2675 ct
452 2618 668 2697 similia.

137 2709 268 2766 Utar
302 2725 448 2763 nunc
486 2706 661 2762 tribus
695 2705 827 2760 locis
872 2706 925 2759 in
978 2703 1330 2760 Oeconomico
1380 2705 1661 2761 emendate
1715 2708 1934 2780 scriptis
1982 2710 2049 2765 ad

59 2796 422 2855 restituendos
456 2795 600 2851 locos
637 2792 858 2849 totidem
893 2793 1124 2847 aliorum
1164 2795 1523 2866 scriptorum,
1567 2795 1657 2849 ubi
1698 2794 1884 2851 eadem
1917 2798 2050 2853 scri-

61 2891 219 2959 ptura
265 2892 361 2940 aut
413 2883 607 2938 similis
649 2881 911 2954 quaedam
965 2897 995 2935 a
1047 2880 1285 2937 librariis
1334 2882 1621 2938 obscurata
1661 2890 1758 2939 est.
1838 2885 1908 2940 Et
1945 2886 2051 2957 pri-

60 2988 211 3029 mum
244 2971 461 3045 quidem
498 2970 833 3045 Thucydidis
867 2969 1042 3025 locum
1081 2969 1349 3042 proferam
1384 2970 1448 3024 11.
1484 2976 1533 3025 7.
1574 2971 1663 3026 ubi
1702 2972 2050 3029 manifestum

61 3058 315 3115 mendum
357 3059 609 3114 omnihus
644 3066 727 3113 est
768 3058 861 3113 sed
913 3057 1149 3113 nondum
1194 3058 1453 3131 probabili
1495 3061 1828 3116 correctione
1875 3061 2049 3117 subla-

64 3151 180 3203 tum
221 3148 276 3203 in
310 3147 522 3203 verbis:
563 3147 651 3203 καὶ
674 3147 1100 3213 Λακεδαιμονίοις
1143 3149 1238 3215 μὲν
1271 3178 1345 3188 —-
1381 3155 1487 3209 τοῖς
1509 3149 1755 3204 τάκείνων
1797 3149 2049 3215 ἑλομένοις

0 3283 1 3289 ,
61 3239 185 3298 ναῦς
238 3236 723 3305 ἐπετάχθησαν
781 3238 1031 3290 ποιεῖσθαι
1076 3236 1219 3291 κατὰ
1266 3236 1485 3303 μέγεθος
1528 3242 1628 3292 τῶν
1678 3238 1907 3301 πόλεων,
1960 3237 2050 3292 ubi

0 3367 3 3385 ,
62 3324 456 3390 Λακεδαιμόνιοι
510 3340 574 3379 ex
626 3323 747 3378 aliis
798 3322 951 3378 libris
1005 3324 1083 3379 sic
1132 3323 1503 3396 recipiendum
1556 3332 1637 3380 est
1687 3332 1745 3380 ut
1796 3332 2052 3397 corrupta

0 3426 6 3459 ε
62 3412 332 3483 scriptura
375 3412 748 3480 ἐπετάχθησαν
796 3411 1131 3468 emendetur.
1223 3413 1562 3484 Quamquam
1618 3412 1787 3467 forma
1832 3412 2050 3482 τέταχα

0 3530 6 3540 ·
63 3498 203 3570 apud
247 3498 600 3554 Athenienses
640 3518 743 3555 non
786 3501 975 3556 crebro
1015 3501 1281 3564 occurrit,
1332 3499 1490 3556 habet
1526 3508 1703 3555 tamon
1746 3506 1950 3555 certam
1994 3501 2050 3554 fi-

0 3605 7 3624 ·
63 3584 219 3645 dem.
262 3594 317 3641 ut
362 3586 439 3642 vel
489 3587 853 3660 Xenophontis
887 3589 1034 3644 locus
1075 3589 1407 3644 demonstrat
1449 3588 1499 3641 in
1539 3585 1819 3642 Oeconom.
1866 3587 1955 3644 lv,
1997 3595 2046 3644 ὅ.
