2436 4068
998 188 1103 238 719

67 336 165 394 Ubi
214 351 370 405 saepe
430 331 876 386 animadverteris
936 346 1213 401 quousque
1269 329 1355 383 illa
1410 330 1644 401 fingendi
1703 331 1921 388 licentia
1979 336 2034 388 in

64 425 337 480 communi
379 424 622 475 omnium
674 419 887 473 inscitia
923 418 1174 490 progredi
1210 418 1475 488 potuerit,
1517 418 1808 490 quidquam
1847 423 2035 476 mirari

61 512 288 567 desines,
370 508 570 579 Duplex
630 507 943 560 fabellarum
989 515 1041 559 et
1083 506 1485 560 mendaciorum
1539 507 1656 561 sons
1698 516 1779 562 est
1819 517 1871 563 et
1921 527 2036 564 sca-

63 600 256 668 turigo.
338 597 502 650 Fama
544 613 604 649 ex
650 594 928 648 hominum
971 595 1476 662 αὐτοσχεδικζόντων
1531 597 1869 652 sermonibus
1909 598 2035 653 olim

59 695 222 748 nata,
281 692 334 739 et
373 683 788 738 semidoctorum
843 680 1077 752 plurima
1133 689 1334 735 temere
1387 683 1810 754 scriptitantium
1864 687 2035 758 impu-

60 774 191 830 dens
246 772 505 828 socordia.
587 770 724 837 Quid
769 769 1028 822 Romulus
1070 771 1210 822 inter
1250 785 1470 823 coenam
1522 771 1586 826 de
1627 790 1684 827 re
1726 773 2036 829 sutilissima

20 870 183 944 {cum
242 862 434 915 amicis
495 860 700 912 iocatus
762 855 923 910 suerit
982 857 1122 910 serio
1180 856 1454 928 proditum
1517 863 1807 916 memoriae
1863 871 1945 917 est
2005 880 2036 918 a

26 945 271 1006 3summo
311 950 428 1001 viro
468 954 521 1001 et
561 947 812 1000 Censorio
866 945 921 998 L.
958 945 1244 1016 Calpurnio
1282 945 1473 999 Pisone
1512 946 1679 1018 Frugi
1721 951 1862 1020 apud
1901 951 2032 1006 Geli.

20 1027 120 1113 ’ζΝ.
171 1040 231 1091 Α.
276 1037 365 1091 ΧΙ.
428 1039 512 1089 14.
592 1033 1006 1107 Nymphodorus
1068 1031 1228 1106 (apud
1291 1031 1566 1103 Sophoclis
1626 1035 1908 1095 Scholiast.
1967 1040 2034 1095 ad

16 1124 239 1197 ;0edip.
299 1123 477 1177 Colon.
524 1122 675 1195 557.)
737 1120 1052 1176 Sesostridis
1110 1120 1348 1174 edictum
1408 1125 1696 1178 memoriae
1758 1127 2034 1183 mandavit

3 1213 397 1269 ⁴‘huiusmodit
454 1213 477 1264 ὁ
517 1213 622 1279 γὰρ
664 1211 916 1277 Σέσως-ρις
957 1240 1031 1249 -
1068 1210 1186 1270 τοὺς
1246 1210 1343 1274 μὲν
1396 1207 1581 1276 ἄνδρας
1634 1215 1818 1278 ψιλοὺς
1873 1212 2034 1280 εἶναι,

53 1303 153 1363 τὰς
194 1304 247 1357 δὲ
285 1307 543 1367 γυναῖκας
585 1300 777 1354 ἀνιέναι
817 1301 918 1359 τὰς
957 1299 1149 1367 τρίχας
1189 1297 1574 1364 προσέταξε
1598 1319 1612 1330 ·
1651 1302 1737 1354 καὶ
1781 1305 1898 1364 τοὺς
1937 1305 2034 1369 μὲν

0 1315 36 1492 ,ξ
52 1391 139 1445 ἐπὶ
179 1397 277 1444 τῶν
316 1394 562 1457 κεφαλῶν
600 1388 770 1455 φέρειν
809 1388 883 1441 τοὶ
919 1387 1141 1455 <popa-lx,
1180 1388 1280 1447 τὰς
1321 1387 1372 1441 δὲ
1418 1388 1504 1440 ἐπὶ
1545 1394 1644 1443 τῶν
1683 1390 1828 1455 ὤμων
1870 1393 2030 1458 ἠνάγ-

0 1492 219 1574 gluwe·
281 1478 467 1532 ἔπειτα
529 1478 581 1530 δὲ
637 1478 778 1537 τοὺς
837 1476 953 1541 μὲν
1012 1476 1466 1540 καθημένους,
1525 1477 1646 1537 τὰς
1716 1479 1783 1532 δὲ
1839 1482 2032 1548 ὂρθοὶς

57 1569 302 1627 §saio-cn
355 1569 579 1633 οὐρεῖν.
622 1563 744 1617 vide
799 1563 940 1617 unde
980 1563 1110 1617 haec
1152 1571 1383 1634 nugator
1419 1565 1714 1636 arripuerit
1753 1568 1895 1638 apud
1935 1570 2034 1625 He·

12 1580 301 1711 irodotum
340 1654 405 1709 lt.
450 1658 541 1707 55.
621 1651 858 1706 Eandem
915 1651 1075 1705 fidem
1125 1669 1330 1706 merere
1364 1651 1601 1706 arbitror
1639 1670 1823 1709 eorum
1868 1657 2035 1727 plera·

52 1760 192 1816 que,
234 1759 371 1815 quae
412 1746 695 1814 Lycurgus
747 1747 842 1794 aut
892 1741 1035 1795 serio
1083 1748 1178 1794 aut
1220 1739 1391 1794 ioculo
1449 1739 1649 1795 dixisse
1690 1743 2035 1813 perhibetur,

11 1813 159 1905 {quo
201 1831 510 1886 retulerim:
552 1832 615 1885 σὺ
652 1830 757 1896 γὰρ
796 1834 989 1896 πρῶτον
1029 1830 1079 1882 ἐν
1121 1836 1184 1897 τῇ
1227 1829 1361 1898 οἰκίᾳ
1400 1848 1488 1882 σου
1531 1829 1735 1891 ποίησον
1778 1833 2029 1902 δημοκρα-

51 1921 171 1975 τίαν
213 1919 375 1993 (Plut.
419 1919 545 1993 Lyc.
593 1918 716 1990 19),
758 1917 969 1989 aliaque
1004 1916 1174 1971 multa
1212 1916 1622 1971 eiusdemmodi.

127 2006 390 2079 Equidem
427 2009 596 2079 igitur
636 2008 713 2060 sic
752 2006 1032 2068 existimo,
1081 2005 1320 2059 libellum
1360 2005 1472 2072 περὶ·
1513 2013 1606 2069 τῆς
1646 2013 1743 2061 τῶν
1777 2011 2032 2067 Λακώνων

10 2101 25 2155 3.
53 2098 357 2158 πολιτείαις,
399 2111 558 2167 quem
605 2095 823 2148 Veteres
873 2110 1057 2148 omnes
1100 2110 1196 2165 pro
1239 2093 1623 2164 Xenophonteo
1681 2095 2031 2165 lectitarunt,

11 2170 215 2240 ‘letiam
258 2190 539 2256 postquam
585 2183 888 2238 Demetrius
939 2182 1155 2254 Magnes
1194 2199 1319 2236 eum
1372 2182 1738 2254 Xenophontis
1790 2203 1904 2241 esse
1945 2205 2031 2244 ne·

15 2268 265 2345 {gasset,
320 2289 486 2344 quum
528 2272 675 2325 circa
716 2269 1083 2342 Xenophontis
1123 2278 1352 2324 aetatem
1396 2272 1632 2342 scriptus
1680 2289 1797 2328 esse
1838 2276 2031 2332 intelli-

16 2342 211 2435 kgatur
249 2369 303 2415 et
346 2377 517 2432 neque
557 2361 611 2414 in
654 2357 816 2413 rebus
857 2375 1029 2431 neque
1071 2360 1122 2412 in
1173 2360 1414 2413 oratione
1455 2359 1749 2431 quidquam
1793 2365 1863 2417 sit
1903 2382 2027 2420 cau-

16 2460 139 2505 ·sae
189 2450 452 2521 gravioris
513 2446 859 2520 quamobrem
915 2464 945 2501 a
1001 2446 1348 2519 Xenophonte
1407 2448 1570 2501 scribi
1630 2465 1732 2502 non
1790 2454 2027 2522 potuisse

16 2552 24 2596 ῑ·
47 2539 423 2602 existimetur,
463 2538 554 2592 sed
589 2543 778 2591 contra
817 2545 870 2591 et
911 2537 964 2590 in
1011 2536 1171 2590 rebus
1210 2537 1340 2608 ipsis
1379 2542 1432 2590 et
1475 2537 1528 2589 in
1568 2535 1803 2593 dictione
1854 2542 2023 2599 insint

16 2626 191 2691 'nude
236 2625 636 2698 Xenophontem
681 2632 956 2679 auctorem
991 2641 1378 2693 agnoscamu8‚
1421 2624 1469 2677 ei
1503 2641 1604 2678 non
1643 2642 1760 2680 esse
1796 2631 2023 2702 eripien-

16 2713 213 2781 filum,
265 2714 433 2770 donec
474 2722 527 2768 et
570 2712 699 2768 haec
752 2713 981 2767 refutata
1037 2714 1146 2765 sint
1188 2718 1241 2766 et
1274 2712 1533 2766 Demetrii
1585 2713 1846 2785 Magnetis
1886 2720 2022 2775 iudi-

12 2805 191 2884 fctum
239 2803 413 2858 dicam
468 2819 535 2856 an
588 2801 769 2874 opinio
821 2800 1158 2872 gravioribus
1197 2801 1533 2872 argumentis
1575 2802 1897 2877 indiciisque
1944 2808 2021 2864 lu·

12 2890 437 2983 geutenuoribus
476 2889 798 2945 stabiliatur.

123 2978 326 3035 Deinde
363 2978 724 3034 hunelibrum
770 2979 842 3032 ita
876 2986 1246 3050 comparatum
1287 2994 1402 3033 esse
1442 2983 1649 3042 statuo,
1695 2988 1751 3034 ut
1786 2982 2024 3057 Lycurgi

49 3066 300 3123 instituta
338 3073 391 3122 et
433 3066 575 3137 leges
612 3073 665 3120 et
713 3067 843 3139 reip.
885 3067 1325 3122 constitutionem
1383 3069 1555 3139 magis
1594 3085 1655 3123 ex
1698 3070 1930 3140 Agesilai
1972 3082 2024 3128 et

50 3154 276 3211 oliorum
318 3154 656 3211 sermonibus
710 3156 962 3227 antiquas
1015 3156 1251 3210 civitatis
1311 3156 1538 3210 virtutes
1593 3155 1840 3212 lubenter
1894 3162 2024 3216 rese·

48 3244 284 3299 rentium
340 3244 649 3315 cognoverit
704 3243 1034 3315 Xenophon,
1094 3259 1254 3316 quam
1298 3260 1364 3298 ex
1413 3260 1509 3297 sua
1552 3244 1722 3315 ipsius
1777 3245 2020 3305 observa-

51 3332 195 3387 tione
235 3339 287 3386 et
330 3347 457 3386 usu:
501 3332 679 3403 itaque
730 3333 999 3405 antiquam
1041 3333 1264 3387 civitatis
1303 3333 1461 3386 vitam
1518 3333 1688 3403 magis
1735 3350 1894 3405 quam
1937 3355 2020 3394 ae-

51 3419 291 3492 qualium
330 3419 397 3475 ab
437 3435 498 3474 eo
535 3419 801 3485 describi,
858 3421 961 3476 nisi
1002 3421 1141 3493 quod
1191 3437 1595 3491 nonnumquam
1638 3422 1875 3493 antiquis
1915 3425 2020 3483 illis

51 3506 311 3563 admiscet
364 3506 604 3562 nonnihil
645 3524 707 3562 ex
763 3508 829 3562 iis
875 3526 1012 3581 quae
1070 3509 1180 3580 ipse
1233 3510 1480 3563 vidisset:
1534 3515 1586 3562 ct
1628 3510 1705 3562 sic
1756 3510 1856 3564 sibi
1908 3514 2020 3587 ipse

51 3595 439 3667 quodammodo
483 3613 582 3650 non
628 3604 871 3652 constare
911 3606 963 3653 et
1006 3605 1189 3652 contra
1237 3598 1413 3652 dicere
1457 3596 1702 3659 videtur,
1761 3606 1817 3653 ut
1857 3618 2019 3676 supra
