2436 4068
1367 223 1468 274 194

724 364 849 420 οὕτω
886 366 1078 431 σίδηρον
1113 365 1298 431 τρωτὸν
1336 366 1424 417 οὐκ
1465 362 1578 431 ἔχει
1615 364 1819 428 δέμας;

421 453 578 509 habet
629 453 965 523 negationem
1021 452 1198 522 inepte
1257 452 1570 505 traiectam:
1627 451 1923 508 medeberis
1980 452 2106 510 huic
2165 453 2303 507 malo
2355 455 2400 508 si

420 541 750 595 correxeris:
794 537 937 598 οὗτος
978 539 1155 606 σιδήρῳ
1194 539 1301 592 κτὲ.

498 628 775 682 Soloecum
816 632 897 680 est
945 642 1018 679 VS.
1054 628 1180 679 825.

720 711 875 774 εἴπως
915 713 978 768 ἂν
1013 712 1397 778 ἀναπείσαιμεν
1437 715 1723 769 ἱκετεύοντέ
1765 735 1856 769 νιν.

419 817 651 871 namque
704 800 857 861 ε’ίπως
912 817 1016 854 non
1065 799 1168 855 sert
1224 799 1465 855 voculam
1502 801 1566 856 ἄν
1623 802 1727 857 sibi
1786 801 2040 857 additam.
2120 801 2402 856 Commode

419 889 524 959 legi
565 894 769 960 potest:

722 974 876 1036 εῗπως
917 995 989 1028 νιν
1029 974 1413 1039 ἀναπείσαιμεν
1450 976 1737 1030 ἱκετεύοντε
1772 977 1852 1050 νῴ.

494 1064 554 1118 In
598 1080 758 1118 versu
787 1066 894 1117 863
937 1079 1051 1133 sqq.
1096 1061 1342 1116 Theonoe
1382 1062 1456 1118 ita
1498 1061 1663 1118 dicit:

723 1153 850 1216 ἡγοῦ
889 1151 952 1204 σὺ
989 1151 1084 1214 μὲν
1118 1149 1345 1218 φέρουσα
1384 1152 1707 1217 λαμπτήρων
1749 1151 1909 1212 σέλας

721 1238 847 1293 θείου
888 1239 939 1292 δὲ
980 1241 1167 1302 σεμνοῦ
1208 1237 1393 1302 θεσμὸν
1430 1237 1618 1304 αἰθέρος
1658 1238 1832 1305 μυχόν

719 1328 783 1387 ὥς
825 1330 1036 1390 πνεῦμα
1076 1326 1270 1391 θολερὸν
1306 1326 1512 1392 οὐρανοῦ
1554 1324 1834 1391 δεξώμεθα.

416 1429 631 1468 versum
675 1412 913 1467 medium
955 1411 1240 1467 emendare
1279 1428 1382 1466 non
1425 1428 1675 1484 possum:
1716 1413 1931 1478 λαβέτω
1971 1414 2023 1468 δὲ
2070 1413 2155 1468 καὶ
2204 1412 2397 1477 ἄλλος,

415 1500 516 1555 hoc
554 1508 764 1555 tantum
804 1507 1013 1554 certum
1059 1507 1140 1554 est
1180 1501 1306 1554 θείου
1347 1516 1463 1554 esse
1515 1500 1624 1568 θείῳ
1659 1500 1886 1567 κάθαιρε.
1966 1500 2111 1556 More
2157 1499 2396 1558 sacerdo-

415 1595 532 1642 tum
583 1588 968 1661 Aegyptiorum
1024 1586 1302 1641 turbidum
1359 1593 1540 1642 aerem
1590 1586 1848 1659 sulphure
1894 1594 2106 1658 purgat.
2187 1587 2398 1643 Adscri-

413 1676 537 1730 bam
576 1682 628 1730 et
663 1676 776 1746 ipse
815 1675 1073 1729 nonnulla
1106 1692 1135 1729 e
1179 1673 1453 1729 Plutarchi
1506 1673 1648 1740 1000,
1702 1692 1861 1746 quem
1904 1676 2111 1746 primus
2155 1675 2396 1746 Musgra-

413 1765 534 1818 vius
577 1763 642 1818 ad
677 1762 991 1834 Euripidem
1033 1761 1278 1817 adhibuit
1318 1778 1348 1816 e
1382 1760 1518 1816 libro
1565 1763 1629 1815 de
1663 1762 1806 1816 Iside
1845 1771 1892 1816 et
1939 1761 2140 1816 Osiride
2182 1780 2230 1834 p.
2268 1766 2392 1817 585.

412 1854 469 1907 B.
532 1851 623 1905 ubi
683 1851 837 1905 docet
891 1849 1194 1904 sacerdotes
1235 1849 1526 1922 Aegyptios
1574 1851 1649 1905 ita
1705 1851 1819 1907 Diis
1877 1849 2183 1906 suffimenta
2226 1849 2397 1904 multa

411 1939 655 2003 adolere,
730 1945 790 1992 ut
858 1954 1143 2008 corporum
1202 1937 1497 1993 valetudini
1562 1937 1727 1993 simul
1780 1938 2158 2009 prospiciatur.
2221 1939 2395 2001 ἐπειδὴ

410 2028 572 2082 τοίνυν
620 2030 643 2080 0‘
704 2028 798 2094 οὲηρ
858 2026 1050 2093 νύκτωρ
1104 2029 1504 2079 πυκνοῦται-
1543 2025 1834 2085 οὶναςοέντεε
1891 2027 2034 2086 εὐθὺς
2094 2027 2391 2092 ἐπιθυμιῶσι

408 2116 606 2184 ῥητίνην
645 2114 1006 2181 θεραπεύοντες
1045 2112 1132 2167 καὶ
1174 2113 1499 2180 καθαίροντες
1538 2115 1626 2168 τὸν
1665 2113 1794 2180 οέέρα
1833 2121 1897 2181 τῇ
1942 2113 2202 2180 διακρίσει.
2283 2113 2393 2167 Hoc

409 2204 588 2274 ipsum
626 2202 795 2272 igitur
836 2199 1082 2254 Theonoe
1120 2200 1311 2271 agebat
1346 2202 1542 2267 θολερὸν
1582 2201 1703 2255 ὄντα
1743 2203 1830 2255 τὸν
1877 2201 2004 2267 οὶέρα
2043 2200 2391 2268 θεραπεύουσα

409 2291 496 2345 καὶ
539 2289 867 2355 καθαίρουσα.
949 2288 1086 2342 Hinc
1126 2287 1450 2358 intelligitur
1489 2288 1685 2355 θολερόν
1725 2305 1912 2344 verum
1949 2305 2090 2352 esse,
2133 2288 2274 2359 quod
2316 2290 2392 2342 in-

410 2377 654 2432 consulto
694 2376 750 2428 in
789 2374 1005 2442 καθαρόν
1047 2380 1318 2429 mutatum
1360 2381 1456 2429 est.
1536 2375 1659 2431 Mali
1699 2375 1842 2431 labes
1882 2382 1961 2431 est
2003 2376 2057 2430 in
2094 2375 2390 2441 δεξώμεθα,

411 2465 555 2539 (libri
589 2462 928 2535 δεξαίμεθα),
972 2463 1027 2515 in
1068 2479 1174 2532 quo
1214 2463 1416 2533 optima
1457 2464 1725 2534 scriptura
1775 2462 1906 2518 latet
1953 2480 2090 2534 quae
2137 2463 2391 2518 facillimo

408 2552 622 2623 negotio
674 2551 791 2605 erui
845 2556 1034 2620 potest.
1117 2549 1450 2604 Videbantur
1499 2550 1603 2605 sibi
1656 2550 1864 2606 scribae
1913 2551 1966 2605 in
2026 2558 2390 2605 OTPANOT-

407 2646 822 2698 ΛΕΞΩΜΕΘΑ
860 2636 1042 2691 videre
1088 2639 1294 2704 οὐρανοῦ
1344 2637 1606 2703 δεξώμεθα
1647 2655 1815 2710 quum
1856 2644 1994 2693 esset
2038 2641 2242 2705 οὐρανοῦ
2289 2640 2388 2693 ’λε-

408 2727 615 2793 ξώμεθα
658 2722 1038 2799 (αλεξώμεθα),
1093 2741 1197 2794 quo
1249 2742 1353 2779 non
1394 2732 1476 2780 est
1516 2725 1663 2780 aliud
1714 2725 1937 2781 verbum
2003 2725 2129 2780 huic
2173 2725 2252 2780 rei
2305 2741 2388 2781 ac·

410 2813 817 2869 commodatius,
898 2810 1214 2874 Ἀλέξασθαι
1256 2813 1398 2866 enim
1441 2819 1522 2867 est
1563 2829 1722 2867 omne
1769 2829 1939 2883 genus
1972 2812 2099 2867 mali
2137 2832 2168 2868 a
2207 2831 2261 2868 se
2299 2813 2386 2866 de-

401 2902 617 2974 pellere.
700 2900 993 2971 Xenophon
1028 2898 1302 2955 Mem.'IV.
1347 2904 1399 2954 5.
1445 2905 1532 2955 11.
1579 2902 1754 2956 πολλοὶ
1793 2902 2182 2968 μηχανώμεθα,
2225 2902 2286 2955 δι’
2325 2898 2387 2955 ὧν

403 2976 504 3044 ’τῶν
556 3010 614 3043 τε
666 2989 877 3053 ἀγαθῶν
929 2988 1267 3053 ἀπολαύομεν
1323 2988 1410 3043 καὶ
1471 2988 1542 3043 τοὶ
1597 2989 1739 3044 κακοὶ
1790 2987 2105 3054 ἀλεξόμεθα.
2203 2987 2388 3058 Itaque

408 3075 860 3148 quemadmodum
899 3074 1246 3146 Empedocles
1286 3091 1454 3145 quum
1504 3076 1838 3147 pestilentem
1882 3083 2102 3132 ventum
2144 3093 2172 3129 a
2213 3075 2386 3147 patria

407 3163 700 3236 depulisset
737 3161 1070 3228 αλεξανέμας
1121 3161 1299 3216 dictus
1353 3170 1467 3227 est,
1510 3164 1586 3217 sic
1632 3165 1725 3235 qui
1774 3172 1952 3219 aerem
2008 3163 2283 3217 turbidum
2334 3169 2386 3217 et

406 3257 723 3322 corruptum
781 3249 936 3304 thure
991 3256 1084 3304 aut
1142 3249 1400 3320 sulphure
1438 3258 1634 3321 purgat
1683 3252 1882 3322 optime
1930 3253 2138 3315 πνεῦμα
2193 3250 2385 3316 θολερὸν

407 3342 612 3407 οὐρανοῦ
646 3337 857 3391 dicetur
895 3337 1189 3400 αλέξεσθαι.
1272 3337 1443 3403 Quam
1493 3337 1648 3393 facile
1694 3346 2106 3395 ΛΕΞΩΜΕΘΑ
2147 3338 2200 3391 in
2241 3335 2384 3399 δεξώ·

404 3427 542 3491 μεθα
582 3424 854 3495 corrumpi
904 3426 1078 3495 potuit
1114 3441 1143 3478 a
1194 3425 1417 3490 scribis,
1470 3427 1563 3496 qui
1607 3441 2010 3496 nonnumquam
2058 3432 2382 3479 AHOAAT·

406 3521 532 3571 NAI
575 3518 931 3584 corruperunt
983 3513 1035 3567 in
1079 3513 1352 3568 ἀποδοῦναι
1407 3520 1460 3567 et
1515 3530 1576 3569 ex
1629 3520 2092 3568 ΑΠΟΛΩΛΕΚΑ
2141 3511 2382 3566 fecerunt

401 3601 702 3657 ἀποδέδωκα
743 3599 875 3655 nihil
914 3616 1136 3671 prorsus
1175 3601 1485 3672 cogitantes
1568 3602 1792 3658 Factum
1833 3600 1933 3656 hoc
1974 3606 2054 3656 est
2099 3601 2152 3653 in
2195 3599 2380 3671 Lysia,
2434 3636 2436 3673 1
