2436 4068
1324 192 1432 242 698

403 357 504 396 usu
553 338 643 394 sed
696 337 1007 398 tritissinm,
1063 340 1124 388 ut
1171 333 1312 405 apud
1352 334 1764 389 Demosthenem
1815 353 1871 389 m
1926 336 2072 391 Orat.
2110 336 2240 393 LIX.
2284 344 2370 395 49.

403 429 602 495 ἀπέδρα
654 427 738 479 τὸν
781 424 1032 489 Φρυνίωνα
1084 425 1154 482 εἰς
1209 422 1478 489 Μέγαρα,
1534 428 1586 476 et
1640 424 1694 475 in
1753 424 1940 495 Cyrop.
1979 425 2019 478 Ι.
2062 442 2130 477 lv.
2178 430 2262 479 15.
2321 429 2377 491 ἥν

402 538 479 577 τις
516 515 711 583 ἀποδρᾷ
754 533 810 565 σε
851 517 947 564 τῶν
986 512 1221 572 οἰκετῶν,
1287 509 1377 562 ubi
1420 510 1542 563 olim
1602 509 1849 566 Graeculi
1904 529 2064 565 suum
2116 514 2379 584 ἀποδράσῃ

404 604 838 663 substituerunt,
894 606 952 652 ut
993 598 1261 662 assolent,
1304 596 1444 651 unde
1500 597 1630 651 haec
1673 607 1799 653 nata
1843 607 1924 653 est
1975 599 2162 653 lectio:
2205 602 2260 663 ἤν
2301 623 2379 664 τις

403 695 522 746 ἀπο
539 688 734 757 δράσῃ
774 693 870 741 τῶν
903 689 1104 740 οἰκετῶν
1145 707 1243 749 σε,
1286 702 1422 756 quae
1458 686 1660 740 dudum
1699 695 1780 741 est
1814 687 2111 742 emendata.
2194 690 2252 742 In
2285 690 2380 744 hu·
2421 745 2426 758 ,

402 781 489 832 ius
524 777 671 831 verbi
712 775 899 829 formis
945 773 1114 827 multa
1170 773 1459 827 turbarunt
1500 777 1772 844 sequiores
1823 776 2105 841 Graeculi,
2162 795 2266 847 quo
2307 777 2382 832 sa·
2418 790 2423 820 2

403 875 551 921 ctum
604 871 686 918 est
738 871 798 917 ut
842 864 1094 917 Veterum
1139 870 1484 915 monumenta
1528 879 1589 916 ea
1636 866 1950 934 contagione
2003 862 2426 936 i111plerentur.}
2411 846 2413 850 Α

403 953 647 1012 Graeculi
691 953 986 1006 sexcenties
1040 950 1312 1018 ἀπέδρασα
1369 950 1616 1004 dicebant
1670 959 1753 1017 et,
1794 955 1838 1006 si
1891 953 2271 1007 Grammaticis
2323 955 2380 1008 fi·
2421 918 2427 991 ¹

404 1041 796 1108 (16ε,ἀπε’δρων
838 1055 1082 1111 quoque,
1137 1039 1385 1109 imperite
1437 1038 1622 1092 fictum
1667 1057 1728 1094 ex
1774 1041 2010 1107 ἀπέδρα,
2056 1050 2114 1095 ut
2164 1043 2279 1110 ἔζην
2319 1015 2429 1110 exl

404 1131 773 1200 ἕζη.113(]υ6
804 1129 1003 1199 passim
1042 1128 1288 1197 magistri
1328 1127 1667 1198 popularium
1705 1145 1939 1182 errorem
1980 1128 2429 1214 ιἘΡΙἘΙιἘηᾶυῃῑξ

403 1221 468 1275 de
504 1236 609 1274 usu
650 1218 905 1272 Veterum
942 1215 1288 1269 admonentes
1327 1222 1379 1268 et
1420 1216 1660 1287 exempla
1703 1217 1886 1270 sedulo
1923 1217 2232 1273 afferentes:
2275 1219 2380 1274 vid.
2415 1218 2430 1278 ξ

401 1308 628 1363 Bekkeri
677 1304 874 1359 Anecd.
917 1309 1105 1374 p.11,
1151 1309 1197 1357 1.
1252 1308 1389 1368 419,
1435 1308 1500 1357 15
1544 1311 1596 1358 et
1651 1322 1700 1375 p.
1740 1309 1901 1360 1066.
1986 1307 2135 1373 Quod
2198 1265 2433 1385 autem¹

402 1397 627 1464 ἀπέδραν
671 1411 765 1465 pro
803 1393 1102 1459 ἀπέδρασαν
1144 1393 1264 1463 ρουί
1306 1392 1533 1458 docent,
1588 1393 1888 1447 abutuntur
1943 1394 2217 1466 Sophoclis
2258 1403 2381 1450 noto
2410 1397 2431 1465 {³3

402 1486 516 1540 loco
557 1486 610 1537 in
661 1482 821 1536 Aiace
879 1498 956 1534 vs.
998 1483 1121 1534 168.
2410 1480 2419 1540 ξ

556 1574 680 1626 ἀλλ’
722 1569 806 1624 ὅτε
847 1572 950 1636 γάρ
992 1571 1050 1630 δὴ
1090 1570 1148 1623 τὸ
1189 1569 1273 1622 σὸν
1315 1568 1440 1634 ὄμμ’
1482 1571 1707 1637 ἀπέδραν
1744 1570 1752 1644 Ι
1789 1575 2135 1636 παταγοῦσιν.

403 1664 461 1716 in
502 1661 677 1714 soluta
713 1660 953 1712 oratione
994 1664 1086 1711 aut
1129 1657 1180 1709 in
1217 1657 1495 1711 Comoedia
1535 1661 1761 1727 ἀπέδραν
1804 1676 1900 1730 pro
1938 1661 2238 1727 ἀπέδρασαν
2275 1675 2380 1712 non

403 1753 575 1820 magis
630 1749 684 1802 in
735 1764 838 1800 usu
884 1753 963 1800 est
1015 1763 1176 1816 quam
1232 1746 1363 1813 ἔβαν
1406 1754 1500 1800 aut
1540 1747 1660 1805 ἔςαν
1706 1765 1802 1819 pro
1841 1748 2037 1814 ἔβησαν
2079 1756 2132 1800 et
2170 1747 2429 1826 {qno-xv.13

402 1839 661 1894 Dicebant
715 1853 898 1890 omnes
940 1835 1239 1903 ἀπέδρασαν
1292 1843 1345 1889 et
1385 1837 1486 1900 ἐγὼ
1527 1837 1569 1890 δ’
1612 1838 1839 1904 ἀπέδραν
1895 1837 2042 1902 μόνος
2085 1842 2137 1889 et
2177 1835 2379 1902 ἐξέδραν

401 1935 454 1983 et
494 1928 725 1993 διέδραν,
769 1931 821 1978 et
861 1925 1057 1991 ἀποδρῶ
1103 1926 1380 1997 (ἀποδρᾷς,
1425 1925 1674 1998 ἀποδρᾷ),
1717 1926 2026 1993 ἀποδραίην,
2067 1925 2403 1990 ἀποδράναι,
2417 1942 2436 2018 3

402 2015 663 2083 ἀποδράς,
718 2021 770 2067 et
822 2013 1178 2079 ἀποδράσομαι
1240 2019 1292 2066 et
1349 2014 1692 2080 ἀποδέδρακα.
1798 2014 1935 2067 Haec
2000 2014 2179 2067 omnia
2253 2013 2382 2066 scri·
2414 2034 2426 2080 3

401 2106 499 2160 hae
540 2103 788 2175 pessimis
842 2102 1014 2155 modis
1056 2101 1345 2172 depravare
1390 2101 1595 2165 solent,
1651 2110 1710 2155 ut
1754 2103 1804 2154 in
1857 2101 2210 2172 Theophrasti
2252 2100 2380 2155 Cha·
2410 2125 2426 2210 3

398 2201 532 2248 raet.
576 2197 674 2256 18,
717 2194 768 2244 2.
823 2188 905 2244 ἵνα
955 2189 1298 2258 φυλάττηται
1341 2191 1468 2243 αὐτὸ
1509 2191 1583 2255 μὴ
1623 2191 1673 2243 ἐν
1714 2198 1777 2258 τῇ
1834 2192 1922 2258 ὁδῷ
1980 2188 2427 2258 ἀποδράσῃ,
2418 2240 2426 2288 3

403 2284 491 2336 cui
530 2280 691 2334 redde
726 2279 940 2348 ἀποδρα.
1022 2278 1079 2330 Iu
1123 2278 1313 2350 Lysiae
1357 2276 1501 2331 Orat.
1533 2278 1620 2331 VI.
1658 2282 1748 2331 28
1791 2278 2040 2332 Reiskius
2075 2278 2376 2344 ἀποδράς

402 2375 583 2425 τοῦτον
636 2367 873 2438 reposuit
933 2383 1027 2436 pro
1083 2365 1398 2432 ἀποδράσας.
1495 2365 1619 2419 Sine
1672 2367 1803 2419 vitio
1857 2372 2095 2419 evaserat
2151 2290 2430 2441 ἀποδράς1

406 2463 435 2531 §
476 2463 563 2511 27.
621 2454 1040 2521 Ἀποδράσασθαι
1095 2471 1423 2524 concoquere
1466 2456 1638 2524 potuit
1691 2454 1910 2509 Lobeck.
1973 2454 2039 2507 ad
2083 2453 2376 2526 Phrynich.

401 2565 452 2620 p.
492 2550 616 2599 758.
659 2543 750 2597 sed
792 2543 923 2596 nihil
983 2543 1184 2596 certius
1236 2549 1316 2596 est
1357 2560 1517 2612 quam
1557 2543 1934 2610 ἀποδράσεσθαι
1987 2542 2185 2612 ubique
2226 2558 2378 2612 opor-
2416 2524 2436 2595 ἐξ

400 2644 514 2690 tere
556 2632 795 2687 rescribi.
894 2631 1101 2685 Similia
1155 2648 1309 2702 saepe
1368 2631 1521 2686 video
1563 2632 1776 2686 tolerari
1832 2631 2004 2684 dicam
2059 2647 2124 2683 an
2179 2629 2427 2700 negligi

402 2725 466 2778 ab
507 2721 848 2784 EditorihuS,
907 2729 966 2773 ut
1023 2720 1340 2785 τεύξασθαι,
1396 2719 1654 2785 αξασθαι,
1713 2719 2043 2788 φεύξασθαι,
2098 2714 2436 2818 θήσασθαι,Ξ

402 2821 456 2867 et
495 2812 614 2864 alia.
696 2808 1004 2863 Fastidiunt
1047 2810 1147 2861 viri
1190 2809 1333 2862 docti
1382 2810 1572 2862 merito
1615 2810 1851 2879 ineptam
1900 2809 2222 2878 scripturam
2264 2808 2369 2860 δια·
2402 2823 2436 2873 5

401 2901 643 2967 δρήσηται
687 2897 826 2968 apud
882 2896 1070 2950 Herod.
1109 2897 1200 2949 III.
1251 2901 1369 2950 155.
1428 2896 1551 2957 ὅκως
1593 2899 1665 2961 μὴ
1709 2898 2021 2964 διαδρήση
2039 2896 2155 2949 ταί
2204 2874 2423 2962 σφεας1

404 2990 426 3046 ὂ
469 2987 771 3052 Δημοκήδης
795 2985 996 3047 ,·ἀλλά
1046 3006 1134 3050 μιν
1191 2984 1396 3045 πάντως
1446 2986 1602 3039 ὀπίσω
1664 2983 1904 3047 ἀπάξω
1934 3005 2051 3038 σιν.
2132 2986 2379 3038 Potestne

403 3075 606 3130 soedior
661 3072 1025 3126 barbarismus
1075 3074 1337 3126 committi
1382 3090 1542 3144 quam
1597 3074 1652 3126 in
1694 3074 2021 3141 διαδρήσηται
2073 3079 2123 3124 et
2165 3069 2377 3133 ἀπάξω·
2418 3103 2419 3109 =

404 3164 518 3218 mv?
603 3160 704 3215 Sed
745 3177 848 3213 non
887 3161 1149 3214 minorem
1201 3178 1454 3215 nauseam
1510 3161 1692 3215 eadem
1745 3161 1914 3214 forma
1955 3176 2167 3213 movere
2221 3159 2376 3212 debet
2411 3214 2436 3235 ,Ι

402 3255 456 3307 in
499 3253 566 3305 iis
619 3248 1005 3320 scriptoribUS,
1061 3266 1191 3318 quos
1246 3266 1276 3301 a
1335 3250 1717 3303 Graeculorum
1763 3249 1906 3302 faece
1955 3249 2071 3302 iure
2131 3255 2436 3318 segrega-3j

403 3358 545 3396 mus,
627 3337 758 3392 Male
798 3337 1018 3390 Dionem
1061 3337 1301 3390 Cassium
1347 3338 1475 3391 solet
1521 3336 1810 3390 Lobeckius
1852 3337 2203 3407 ineptissimis
2246 3336 2375 3390 scri·
2402 3356 2419 3401 ‚j-

401 3429 646 3502 ptoribus
699 3426 1020 3479 immiscere.
1101 3424 1382 3477 Aelianum
1436 3442 1686 3496 peccasse
1744 3442 1899 3478 nemo
1951 3426 2267 3490 mirabitur,
2322 3430 2411 3478 et

402 3517 646 3573 Flavium
698 3514 1017 3585 Iosephum,
1080 3520 1131 3567 et
1183 3512 1561 3578 Heliodorum,
1622 3521 1674 3566 et
1727 3514 2149 3585 Byzantinorum
2211 3513 2376 3584 pessi-

400 3624 548 3661 mum
599 3619 907 3675 quemque,
965 3618 1094 3672 quos
1151 3607 1354 3656 scatere
1397 3601 1702 3656 istiusmodi
1762 3602 1908 3656 vitiis
1965 3609 2172 3656 constat
2233 3604 2380 3655 inter*

2406 1734 2423 1740 ἕ
2414 1683 2432 1725 -νζῖ
2410 1622 2436 1679 :ek-.-
2422 1597 2426 1617 .-
2415 1573 2425 1590 s
2416 1560 2436 1565 ⁴.
