2436 4068
1024 228 1126 278 169

310 376 503 443 φολκὸς
541 375 654 438 ἔην,
693 376 866 442 χωλὸς
906 375 950 428 δ’
990 370 1155 440 ἕτερον
1195 370 1356 434 πόδα,
1395 373 1464 425 τὼ
1504 371 1556 425 δέ
1595 371 1638 424 oi
1674 370 1791 435 ὤμω

310 464 500 531 stupa-cla,
541 464 625 518 ἐπὶ
667 465 811 526 ςῆθος
851 461 1297 529 συνοκωχότε.

84 567 406 625 quamquam
455 559 509 606 et
561 552 835 606 Bekkerus
886 557 940 604 et
991 547 1299 603 Dindorfius
1352 547 1406 600 in
1459 546 1773 618 nuperrima
1817 544 2066 600 Editione

81 642 324 696 vitiosam
361 641 687 711 scripturam
728 637 1050 705 συνοχωκότε
1092 635 1231 690 male
1270 642 1572 689 servarunt.
1652 635 1945 701 Κατοκωχή
1981 649 2066 688 ae-

84 735 247 784 tatem
288 727 415 781 tulit
460 728 602 799 apud
644 727 919 781 Platonem
959 722 1167 777 duobus
1206 722 1364 778 locis:
1420 724 1474 776 in
1514 722 1755 778 Phaedro
1795 739 1912 794 pag.
1958 725 2066 776 245

79 818 141 872 A.
175 815 320 883 τρίτη
361 817 413 869 δὲ
451 817 560 870 ἀπὸ
597 820 814 869 Μουσῶν
854 813 1134 879 κατοκωχή
1173 833 1232 865 τε
1272 812 1359 865 καὶ
1401 813 1598 876 μανία,
1649 811 1739 866 ubi
1780 812 1835 864 in
1881 810 2067 882 pleris-

76 920 181 976 que
218 903 372 957 libris
412 911 493 958 est
528 902 812 957 manifesta
849 899 1190 971 interpolatio
1225 900 1466 967 κατοχή,
1512 906 1565 952 et
1605 902 1658 953 in
1704 900 1830 954 Ione
1869 916 1918 971 p.
1957 902 2066 954 536

76 993 133 1047 C.
170 994 282 1062 θείᾳ
318 993 471 1062 μοίρᾳ
510 993 597 1046 καὶ
637 997 949 1058 κατοκωχῇ,
992 1003 1321 1059 quamquam
1367 987 1694 1041 tralaticium
1737 988 1931 1042 vitium
1972 1008 2067 1042 uoc-

77 1089 298 1149 τακωχῇ
347 1083 404 1134 in
444 1079 600 1151 longe
648 1078 900 1151 plurimis
949 1083 1185 1148 apparet.
1279 1074 1477 1130 Natum
1523 1075 1651 1129 hinc
1701 1072 2064 1144 κατοκώχιμος

77 1171 134 1226 in
185 1185 398 1224 summo
451 1168 651 1239 ubique
694 1165 933 1240 periculo
984 1171 1066 1219 est
1122 1181 1187 1218 ne
1239 1172 1333 1219 aut
1381 1164 1435 1217 in
1491 1163 1866 1232 κατοικώχιμος
1910 1164 2066 1219 abeat

73 1263 169 1314 aut
200 1257 304 1312 alio
339 1274 444 1328 quo
474 1258 606 1311 vitio
645 1255 988 1327 depravetur.
1070 1251 1371 1326 Hesychius
1410 1254 1788 1320 Κατοκωχήε
1830 1253 2066 1320 xxi-ozri,

74 1355 131 1402 et
165 1346 660 1414 Κωτοκώχημοεε
710 1343 968 1411 κάτοχον,
1012 1342 1220 1410 ἐχυρόν,
1262 1341 1354 1396 ubi
1395 1340 1830 1396 rescribendum:
1869 1348 2064 1395 Κειτο-

10 1470 13 1481 =
73 1435 391 1504 κῶχιμονε
434 1435 757 1503 κατόχιμον,
797 1431 1060 1499 ἐνέχυρον,
1101 1429 1262 1501 idque
1296 1428 1467 1500 perite
1500 1430 1648 1484 Isaeo
1684 1428 1927 1483 restituit
1959 1427 2063 1482 Do-

71 1521 267 1578 hraeus
305 1524 358 1577 in
400 1522 621 1577 AdverS.
662 1521 702 1575 1.
745 1538 796 1592 p.
843 1523 952 1575 288
990 1526 1042 1573 et
1080 1517 1389 1572 Dindorfius
1430 1517 1498 1572 ad
1539 1516 1723 1588 Steph.
1767 1516 1924 1571 Thes·
1965 1517 2064 1571 διε-

12 1660 13 1665 ,
70 1611 234 1666 κώλυε
273 1612 331 1666 τὸ
365 1611 548 1679 χωρίον
589 1611 869 1679 πραθῆναι,
908 1607 991 1663 ἵνα
1040 1608 1403 1675 κατοκώχιμον
1449 1607 1667 1672 γένηται
1709 1622 1805 1677 pro
1843 1605 2063 1674 acon-dxc*

12 1743 13 1747 ,
69 1719 182 1765 μον.
261 1700 441 1755 Facile
480 1699 565 1754 his
603 1699 815 1753 vincam
854 1696 1216 1764 κατοικώχιμα
1265 1694 1407 1767 apud
1447 1693 1734 1750 Moeridem
1770 1711 1835 1749 ex
1874 1693 2061 1749 eodem

12 1825 13 1832 κ
72 1804 255 1843 errore
295 1804 543 1843 manasse
580 1795 633 1842 et
674 1785 847 1841 sicubi
892 1785 1019 1840 alibi
1065 1784 1207 1856 apud
1249 1784 1469 1839 Veteres
1520 1800 1583 1838 ea
1635 1782 1806 1836 forma
1863 1781 2064 1854 legitur

73 1885 223 1933 certa
258 1875 629 1932 emendatione
667 1893 784 1931 esse
823 1873 1082 1929 utendum
1118 1879 1172 1926 et
1205 1875 1457 1940 ἀνακωχή
1502 1870 1667 1946 (unde
1707 1872 1926 1926 initium
1965 1870 2063 1926 du⁶

72 1964 273 2038 ximus)
317 1982 422 2019 non
471 1965 652 2019 minus
693 1964 1045 2035 depravatum
1099 1978 1215 2016 esse
1267 1977 1428 2032 quam
1481 1962 1776 2028 παρακωχή
1818 1967 1914 2015 aut
1951 1960 2061 2014 διοι-

10 2053 13 2074 ¹
70 2057 237 2121 κωχῆ.
297 2052 452 2108 Nulla
493 2069 750 2124 umquam
791 2051 1279 2106 Grammaticorum
1323 2051 1646 2103 auctoritate
1686 2047 1824 2103 effici
1867 2049 2066 2120 poterit

72 2150 134 2197 ut
183 2144 326 2196 inter
369 2142 623 2207 ἀνακωχή
672 2147 726 2194 et
772 2141 1013 2206 ἀνοκωχή
1064 2136 1210 2192 aliud
1262 2136 1553 2191 discrimen
1608 2153 1725 2191 esse
1777 2135 2064 2192 credamus

68 2231 174 2286 nisi
209 2229 349 2301 quod
390 2228 490 2283 hoc
522 2227 748 2300 probum
790 2235 843 2282 et
882 2227 1178 2298 genuinum
1220 2231 1325 2289 est,
1379 2224 1513 2279 illud
1558 2241 1620 2279 ex
1671 2223 2059 2279 Graeculorum

13 2365 17 2371 .
67 2318 285 2374 inscitia
342 2316 638 2389 profectum
695 2322 748 2370 et
801 2320 890 2370 τοῦ
949 2318 1156 2382 πονηροῦ
1212 2313 1504 2378 κόμματος.
1595 2312 2060 2369 Contemnendum

66 2406 238 2479 igitur
275 2423 464 2461 censeo
501 2405 846 2459 Ammonium
888 2404 965 2458 sic
1004 2401 1356 2458 scribentem:
1399 2402 1751 2470 Ἀναικωχή
1793 2401 1880 2456 καὶ
1927 2404 2063 2458 οἶνο-

65 2497 248 2564 αωχῆ
287 2494 536 2563 διαφέρει.
616 2495 897 2560 Ἀνακωχή
931 2491 1027 2558 μὲν
1068 2490 1173 2558 γάρ
1214 2491 1318 2547 ἐςιν
1361 2493 1389 2554 ἦ
1427 2490 1511 2545 ἐπὶ
1553 2494 1651 2544 τῶν
1693 2495 1809 2544 νεῶν
1848 2491 2060 2560 ἀναχώ-

12 2579 13 2587 “
63 2602 232 2655 :pne-tq,
270 2586 298 2647 ἦ
338 2583 390 2638 δὲ
429 2583 515 2637 διὰ
553 2586 642 2636 τοῦ
681 2602 703 2636 ο
745 2582 985 2649 ἀνακωχή
1030 2581 1198 2648 ἁνοχὴ
1241 2579 1403 2647 μικρὰ
1442 2579 1691 2645 πολέμου.
1771 2578 1880 2634 Nae
1921 2579 2058 2635 mul-

34 2675 183 2742 ‚num
239 2671 502 2728 falluntur
544 2672 638 2742 qui
694 2669 891 2725 librum
945 2669 1059 2736 περὶ
1112 2669 1365 2737 διαφόρων
1415 2668 1603 2732 λέξεων
1639 2667 1705 2722 ab
1741 2669 1965 2740 antiquo
2003 2676 2060 2724 et

38 2747 220 2823 {docto
278 2760 642 2815 Grammatico
702 2759 1070 2829 conscriptum
1126 2773 1242 2812 esse
1294 2758 1600 2829 opinantur.
1698 2755 1828 2810 Tam
1886 2756 2060 2813 multa

44 2845 305 2914 montinet
346 2855 397 2903 et
439 2847 711 2902 levissima
753 2854 806 2901 et
845 2845 1132 2900 salsissima
1182 2852 1241 2899 ut
1278 2845 1544 2916 sequioris
1596 2845 1789 2899 aetatis
1830 2842 2055 2917 farragi-

13 2911 186 3002 llgjem
217 2953 333 2991 esse
361 2935 738 3007 undecumque
777 2935 1054 2990 collectam
1086 2934 1241 2989 facile
1275 2934 1635 2989 demonstrari
1672 2934 1867 3006 possit,
1911 2933 2054 3006 quod

32 3018 309 3090 'lubenter
347 3024 481 3080 alias
520 3023 730 3079 faciam.
814 3024 927 3079 Una
965 3030 1126 3095 atque
1165 3022 1349 3078 eadem
1393 3023 1765 3090 est‘dvoucoxiq
1812 3023 1919 3086 ἤτοι
1960 3028 2051 3078 τοῦ

14 3094 289 3179 thaimo
327 3114 444 3168 ἀντὶ
493 3118 583 3168 τοῦ
632 3113 893 3181 ἐκεχειρίαι
935 3113 963 3175 ἢ
1004 3114 1122 3167 νεῶν
1175 3113 1259 3166 ἐπ’
1307 3111 1546 3179 ἀγκύραις
1598 3112 2049 3168 ἀποσαλευουσῶν.

55 3194 202 3258 Uihil
243 3202 412 3273 igitur
451 3219 518 3256 ne
558 3201 823 3275 Hesychio
864 3200 1079 3272 quidem
1122 3199 1477 3263 credendum,
1522 3198 1610 3253 ubi
1649 3198 1816 3254 veluti
1855 3216 1920 3254 ex
1956 3217 2048 3253 an-

56 3287 228 3362 liquis
273 3289 473 3353 λέξεσιν
521 3290 811 3361 expromit:
865 3291 1219 3358 Ἀνοικωχεῖν,
1272 3288 1685 3356 Ἀνακωχεύειν,
1738 3289 2047 3355 Ἀνακωχή,

65 3377 364 3446 ’Δνικωχῆς
400 3386 452 3433 et
492 3380 992 3446 ’Λνακωχήσαντες,
1036 3395 1266 3449 namque
1299 3381 1595 3446 οὶνοεκωχεῖν
1630 3375 1785 3430 nihili
1822 3375 2044 3429 vocabu·

16 3462 17 3467 ’
66 3461 174 3522 hm
207 3475 317 3531 est,
356 3469 708 3535 ἀνακωχεύειν
745 3484 807 3522 ex
837 3467 1176 3534 οὶνοκωχεύειν
1208 3466 1557 3537 depravatum
1578 3508 1589 3524 .
1632 3466 1787 3519 cuius
1820 3462 2048 3534 simplex

16 3549 230 3610 ‘forma
286 3555 425 3627 apud
482 3557 653 3627 ipsum
719 3555 1043 3629 Hesychium
1100 3562 1299 3609 exstat:
1375 3553 1808 3619 Ὀκωχεύεινε
1872 3551 2042 3619 ἔχειν,

64 3643 320 3711 συνέχεινε
366 3645 544 3714 itaque
594 3646 798 3711 ἀνέχειν
853 3645 1121 3698 veteribus
1174 3643 1510 3709 ἀνακωχεύειν
1560 3640 1866 3703 dicebatur,
1907 3654 2043 3710 quae

1665 3735 1702 3764 Μ
