2436 4068
1283 184 1390 233 606

358 347 423 384 an
478 352 526 385 τι
586 327 929 384 scribendum
983 328 1051 380 sit
1107 326 1454 381 constituere.
1535 325 1974 398 Quandoquidem
2029 327 2200 392 μέντοι
2247 329 2334 383 καὶ

356 418 681 486 προσ-δέονται
725 432 886 470 sensu
928 431 1156 469 vacuum
1195 420 1340 478 erat,
1391 420 1548 468 natae
1581 421 1709 468 sunt
1742 414 1883 470 leves
1938 417 2337 471 correctiuncu·

357 506 469 570 lae,
511 521 643 575 quas
678 503 811 557 nihil
847 503 1042 556 attinet
1064 519 1502 557 commemorare.
1564 502 1719 573 Apud
1757 503 2091 557 Athenaeum
2135 521 2185 575 p.
2210 508 2338 559 686.

355 594 412 646 Β.
474 591 645 645 Codex
685 592 990 644 Marcianus
1032 590 1246 645 exhibet
1285 591 1380 656 μέν
1421 613 1470 644 τι
1513 592 1598 645 καὶ
1643 591 2006 658 προσδέονται,
2047 608 2184 661 quae
2213 608 2338 646 vera

353 680 626 750 scriptura
664 685 772 742 est,
810 677 900 732 sed
941 677 1081 731 male
1122 677 1260 732 lecta
1291 695 1386 749 pro
1424 679 1519 741 μὲν
1560 680 1614 733 τί
1646 679 1732 733 καὶ
1770 679 2131 747 προσ-δέοντως
2174 695 2335 749 quam

351 768 513 837 primi
569 767 808 819 omnium
867 765 1170 836 Stephanus
1217 772 1271 820 et
1320 765 1662 820 Casauhonus
1711 772 2034 820 revocarunt
2074 766 2130 818 in
2161 766 2335 820 lucem

352 871 414 908 ac
466 861 671 909 temere
733 854 983 908 Editores
1037 853 1255 924 quidam
1311 853 1684 924 repudiarunt.
1777 854 1942 908 Recte
1995 854 2047 907 in
2103 853 2339 908 Platonis

352 941 595 996 Phaedro
636 959 683 1012 p.
723 945 849 995 258.
892 942 953 996 E.
994 958 1055 995 ex
1100 941 1317 1012 optimis
1357 940 1510 995 libris
1552 941 1760 996 editur:
1808 943 1938 1003 τίνος
1978 942 2073 1006 μὲν
2112 938 2194 996 οὖν
2234 939 2336 995 ἕνε-

353 1051 422 1084 κα
463 1029 560 1084 κᾶν
601 1050 678 1090 τις
733 1033 797 1090 ὥς
839 1031 1001 1083 εἰπεῖν
1043 1028 1172 1097 ζῴης
1223 1045 1321 1099 pro
1361 1026 1510 1082 ἕνεκα
1547 1027 1611 1082 ἄν
1664 1050 1760 1090 τις,
1840 1029 1919 1083 Ad
1968 1029 2107 1084 idem
2163 1046 2338 1084 exem·

353 1117 499 1189 plum
544 1117 1011 1172 reconcinnandus
1051 1124 1131 1171 est
1168 1116 1316 1169 locus
1356 1116 1732 1171 Demosthenis
1781 1118 1835 1170 in
1890 1116 2034 1172 Orat.
2074 1118 2335 1172 XXXVII.

352 1210 441 1260 27.
488 1204 578 1258 ubi
619 1205 833 1259 editur:
874 1205 1005 1266 τίνος
1044 1205 1149 1271 γὰρ
1189 1201 1317 1258 ἕνεκ’
1359 1203 1583 1266 ἕπειθον;
1626 1203 1718 1258 sed
1770 1203 2036 1259 edendum
2081 1212 2160 1260 est
2204 1206 2335 1268 τίνος

350 1295 456 1362 γὰρ
491 1291 673 1347 ἕνεκα
723 1295 832 1346 καὶ
881 1293 1107 1354 {wadon
1154 1298 1213 1345 ut
1254 1293 1308 1345 in
1349 1292 1442 1345 tati
1486 1308 1544 1345 re
1585 1293 1845 1346 usitatum
1898 1299 1978 1346 est
2027 1292 2222 1348 dicere.

428 1381 577 1447 Quod
620 1387 798 1434 autem
843 1380 1156 1434 dicebamus
1196 1400 1269 1433 τοι
1307 1386 1360 1433 et
1416 1400 1465 1433 τι
1515 1378 1808 1444 confundi,
1868 1379 2107 1444 videbis,
2149 1382 2192 1435 si
2236 1380 2335 1436 hoc

350 1485 504 1539 ageS,
549 1469 741 1538 passim
794 1484 889 1538 pro
935 1489 984 1522 τι
1022 1467 1211 1522 vitiose
1250 1487 1325 1522 τοι
1368 1467 1530 1521 scribi
1574 1467 1773 1521 solere:
1817 1468 1996 1523 rarius
2032 1490 2081 1522 τι
2126 1485 2220 1540 pro
2259 1489 2334 1523 τοι

350 1556 629 1626 subrepit,
683 1571 1088 1626 nonnumquam
1145 1561 1375 1626 utraque
1423 1556 1695 1626 scriptura
1755 1555 1894 1610 male
1951 1557 2337 1628 coniungitur,

349 1651 411 1698 ut
445 1644 498 1696 in
536 1643 710 1709 μέντοι
750 1664 818 1698 τι.
898 1643 1018 1698 Noli
1053 1643 1224 1712 igitur
1257 1642 1506 1697 dubitare
1544 1644 1599 1696 in
1641 1643 1781 1699 VIII.
1827 1647 1914 1697 25.
1975 1645 2056 1697 ἀεὶ
2099 1644 2202 1712 γάρ
2242 1666 2333 1699 τοι

347 1736 631 1801 προσαιτῶν
673 1730 759 1785 καὶ
802 1730 1164 1798 προσ-δεόμενος
1188 1731 1688 1799 -ποιροικολουθεῖ,
1729 1731 1859 1802 quin
1904 1732 2183 1786 verissime
2222 1732 2334 1787 Ste-

349 1821 562 1892 phanus
598 1820 680 1873 οέεὶ
725 1819 830 1887 γάρ
874 1840 932 1874 τι
987 1819 1299 1873 correxerit.

420 1908 479 1962 In
529 1925 644 1979 cap.
692 1907 757 1961 II.
813 1909 842 1977 §
891 1912 935 1960 l.
992 1906 1206 1975 ἔρχεταί
1246 1927 1324 1967 τις
1366 1905 1502 1975 ἔχων
1556 1912 1617 1948 ’-
1657 1907 1827 1961 παῖδα
1870 1906 2008 1962 πάνυ
2048 1928 2114 1972 γε
2159 1911 2335 1976 ὡραῖον

341 1998 428 2052 και)
473 1996 610 2051 πάνυ
660 2002 832 2057 καλῶς
874 1995 1228 2062 κιθαρίζοντα,
1270 1994 1652 2066 corrigendum
1699 2002 1779 2050 est
1826 1994 1963 2050 πάνυ
2014 2018 2082 2051 τε
2139 2000 2330 2065 ὡραῖον.

342 2085 487 2140 Πάνυ
535 2106 602 2151 γε
643 2101 747 2138 non
793 2084 920 2138 alihi
969 2085 1189 2155 ponitur
1228 2099 1391 2155 quam
1446 2084 1501 2136 in
1546 2084 1920 2155 responsione,
1961 2091 2014 2139 et
2066 2092 2146 2139 est
2180 2104 2331 2157 pror-

343 2193 431 2228 sus
471 2173 834 2238 assentiemur,
876 2178 938 2226 ut
982 2171 1119 2226 πάνυ
1156 2173 1252 2237 μὲν
1291 2169 1390 2226 οὖν.
1471 2171 1627 2243 Apud
1674 2172 1894 2226 Veteres
1932 2170 2069 2227 πάνυ
2108 2196 2157 2228 τι
2197 2192 2333 2229 sem-

296 2319 299 2320 .
341 2279 440 2335 per
492 2278 615 2315 curn
662 2261 946 2330 negatione
990 2261 1372 2330 coniungitur:
1414 2262 1468 2314 οὐ
1527 2259 1663 2314 πάνυ
1714 2280 1799 2324 τι,
1853 2261 2012 2321 οὐδεὶς
2064 2261 2200 2316 πάνυ
2243 2284 2331 2328 τι,

344 2352 492 2413 sim„
534 2349 628 2402 ubi
681 2365 837 2419 saepe
878 2351 931 2402 οὐ
981 2349 1119 2401 πάνυ
1173 2368 1271 2402 τοι
1327 2346 1492 2401 scribi
1543 2348 1598 2400 in
1641 2346 1794 2401 libris
1847 2347 2080 2414 videbis,
2135 2350 2330 2421 quibus
2407 2379 2411 2386 .

341 2447 402 2493 tu
458 2437 590 2491 nihil
648 2436 871 2491 tribues,
970 2436 1135 2490 Οὐδὲν
1182 2435 1321 2490 πάνυ
1385 2451 1598 2507 quoque
1657 2434 1940 2501 dicebant,
1998 2437 2138 2508 quod
2200 2439 2328 2509 quid

340 2526 612 2598 significet
668 2542 771 2579 non
829 2530 1003 2596 potest
1071 2524 1265 2579 melius
1319 2523 1550 2594 perspici
1619 2539 1782 2593 quam
1830 2539 1895 2577 ex
1950 2525 2326 2597 Aristophanis
2404 2535 2414 2555 ³''

340 2614 637 2679 versimile,
693 2612 785 2668 sed
832 2612 1149 2678 emendato,
1209 2612 1300 2684 qui
1347 2627 1492 2665 nunc
1544 2610 1771 2665 vitiosus
1824 2610 2024 2682 legitur
2063 2614 2118 2667 in
2169 2615 2329 2669 Nubi-
2404 2615 2433 2638 ³·

341 2704 441 2758 bus
482 2721 559 2758 ve.
606 2706 732 2757 755.

483 2794 673 2858 ’Ἔχεις
714 2811 798 2855 ’τις
842 2822 917 2831 -
952 2790 1052 2844 Μόι
1094 2789 1207 2854 Δί’,
1247 2791 1301 2843 οὐ
1344 2789 1490 2851 δῆτ’
1531 2786 1723 2853 ἔγωγε.
1763 2818 1838 2828 -—-
1880 2788 2042 2842 Οὐδὲν
2081 2789 2251 2853 750ka

342 2894 534 2950 nempe
594 2895 698 2931 non
762 2878 840 2931 sic
896 2876 1231 2949 Strepsiades
1282 2876 1489 2930 dixerat
1547 2875 1675 2939 sed,
1731 2875 1830 2929 Μέι
1878 2877 1994 2940 Δί’,
2052 2878 2230 2932 οὐδέν
2271 2883 2326 2944 γ’
2403 2893 2426 2960 ,ᾗ

339 2967 542 3032 ἔγωγε,
584 2982 750 3036 quun]
777 2965 1023 3019 Socrates
1065 2966 1114 3018 ei
1156 2964 1499 3019 stomachans
1538 2963 1771 3018 intonat:
1817 2963 1980 3019 Οὐδὲν
2006 2964 2181 3027 ’κτάνω
2224 2966 2325 3021 Sed
2409 2951 2426 2963 '⁸

339 3054 404 3108 ad
451 3053 856 3124 Xenophontem
894 3060 1155 3108 revertor.

416 3141 475 3194 In
529 3157 644 3212 cap.
677 3140 744 3194 ΙΙ.
791 3145 839 3194 1.
889 3158 986 3212 pro
1037 3141 1171 3208 ἔχων
1212 3161 1271 3194 τε
1308 3141 1593 3207 αὖλητριῗοι
1645 3139 1850 3204 ὥνοιθὴν
1886 3140 1975 3194 καὶ
2014 3142 2324 3209 ὅρχηςρίδοι,

343 3229 670 3300 transposita
711 3228 900 3299 copula
942 3227 1284 3282 scribendum
1321 3227 1456 3296 ἔχων
1496 3228 1782 3294 αὐλητρίδα
1819 3248 1878 3281 τε
1916 3230 2119 3292 ἀγαθήν
2157 3232 2265 3284 κτὲ.

415 3318 494 3371 Ex
532 3317 727 3388 capite
758 3316 825 3370 11.
885 3318 912 3386 §
949 3319 979 3367 2
1024 3332 1138 3385 sqq.
1196 3315 1364 3369 multa
1406 3315 1692 3386 descripsit
1744 3313 2051 3371 Athenaeus
2103 3334 2156 3388 p.
2194 3321 2320 3372 686.

339 3406 403 3459 D.
452 3422 587 3475 quae
638 3413 718 3459 est
767 3418 957 3475 operae
1001 3402 1236 3472 pretium
1276 3403 1618 3456 considerare
1669 3403 1848 3473 paullo
1899 3405 2177 3459 attentius
2259 3407 2321 3460 In
2395 3417 2418 3482 ξς

2418 595 2436 1115 ἒ

2417 1295 2436 1887 Ξ

2408 1886 2436 2369 ξ

337 3492 402 3546 iis
447 3510 582 3564 quae
623 3491 762 3565 apud
816 3490 1147 3545 Athenaeum
1189 3506 1218 3543 a
1257 3491 1526 3562 scriptura
1564 3489 1816 3545 Codicum
1871 3499 2174 3548 nostrorum
2218 3493 2322 3547 dis·
2402 3485 2414 3554 ἶ

336 3581 532 3637 cedunt
589 3582 693 3636 alia
742 3586 868 3636 sunt
909 3578 1120 3634 minimi
1159 3579 1346 3649 pretii,
1389 3578 1552 3633 veluti
1593 3578 1909 3647 ἀκροάματα
1950 3581 2036 3636 καὶ
2075 3580 2320 3647 θεάμασι-οι
