2436 4068
1107 254 1158 290 lx

137 402 347 451 certum
403 397 474 449 sit
532 393 695 448 ἰέναι
745 397 796 455 ἐς
846 395 931 449 τὸν
984 394 1210 459 πόλεμον
1264 393 1504 447 Atticum
1561 408 1676 447 esse
1729 398 1783 448 et
1836 393 2106 468 Thucydi-

135 497 294 552 deum
321 538 336 563 ‚
380 512 706 568 quamquam
745 495 1163 550 disertissimum
1195 499 1369 550 exstet
1398 493 1610 564 antiqui
1643 492 1829 548 Critici
1873 496 2105 550 testimo-

135 598 288 652 nium
331 596 494 670 (apud
533 596 784 651 Photium
827 612 873 648 v.
917 593 1020 664 ᾖαε
1061 594 1392 661 δισυλλάβως
1429 596 1488 650 τὸ
1541 595 1975 663 ἐπορευόμην.
2017 596 2108 651 σὺν

133 698 203 766 τῷ
260 699 387 752 ἰῶτα
440 695 731 766 γράφεται.
773 697 815 749 οἱ
853 698 980 759 γοῦν
1025 697 1196 757 Ἴωνες
1249 697 1358 759 ἤϊα
1410 695 1620 761 λέγουσι
1669 695 1756 750 καὶ
1807 697 1910 760 ἤϊσ-
1926 717 1998 751 αν
2050 698 2109 752 τὸ
2156 771 2158 773 ¹

134 800 364 868 ᾔεσαν.
407 798 495 851 καὶ
538 797 684 866 παρα
725 797 1001 866 Θουκυδίδῃ
1040 794 1196 859 οὕτως
1237 798 1590 863 αναγνωςέον·
1630 795 1733 852 ὅτι
1774 797 2045 866 ἀκμαζο
2063 820 2110 853 ν-

133 899 220 961 τές
270 919 343 952 τε
384 896 551 966 ᾖσαν
592 900 656 960 ἐς
696 898 958 967 αὐτόν),
997 904 1178 952 tamen
1216 898 1326 951 sint
1365 901 1458 969 qui
1499 898 1789 954 absurdam
1826 898 2112 954 lectionem

133 998 263 1065 ἦσαν
318 997 592 1053 mordicus
650 997 953 1053 retineant:
1013 1015 1277 1069 »namque
1317 998 1473 1067 ᾔεσαν
1529 1001 1583 1052 in
1639 1001 1820 1055 ceteris
1876 1000 2112 1055 omnibus

140 1098 456 1171 Thucydidis
496 1097 620 1152 locis
679 1098 946 1153 eoestare.”
1024 1097 1257 1152 Librarii
1280 1141 1294 1163 ‚
1353 1105 1413 1154 ut
1467 1099 1801 1155 ostendimus
1825 1142 1838 1165 ,
1897 1104 2111 1166 ἀπῆσαν

137 1216 348 1272 quoque
406 1199 663 1274 (aberant)
723 1198 888 1254 stulte
945 1199 1002 1253 in
1043 1200 1283 1269 ἀπῄεσαν
1334 1199 1627 1271 refingunt.
1709 1200 1876 1256 Vetus
1923 1208 2004 1256 est
2056 1202 2116 1257 il-

137 1301 231 1356 lud
272 1300 564 1366 mendum,
598 1306 848 1372 pervetus
898 1299 1064 1365 adeo,
1113 1317 1239 1356 nam
1288 1300 1551 1366 CriticuS,
1591 1302 1684 1372 qui
1723 1301 1864 1374 apud
1907 1302 2118 1376 Thucy-

137 1401 314 1458 didem
355 1401 512 1463 οὕτως
552 1402 876 1469 ἀναγνωςέον
907 1401 1115 1467 docuit,
1151 1403 1313 1458 simul
1351 1403 1619 1474 vulgatam
1659 1403 1945 1459 lectionem
1978 1422 2117 1459 men-

137 1503 313 1557 dosam
367 1502 532 1557 fuisse
590 1501 760 1558 docet.
843 1502 946 1558 Sed
987 1503 1144 1576 longa
1199 1503 1314 1558 dies
1352 1521 1459 1558 non
1515 1503 1614 1558 hoc
1669 1503 1833 1559 efficit
1884 1512 1945 1560 ut
1983 1522 2119 1577 quae

138 1605 327 1658 vitiosa
367 1605 476 1658 sint
519 1620 650 1659 sana
688 1603 913 1659 debeant
954 1604 1139 1661 videri.
1221 1605 1442 1677 Semper
1482 1605 1667 1660 Critici
1721 1623 1846 1661 cum
1887 1607 2153 1678 ingeniis

134 1704 444 1760 huiusmodi
484 1705 879 1763 conflictamur.
960 1707 1218 1774 Queritur
1268 1707 1631 1781 Hieronymus
1677 1709 1733 1762 in
1769 1707 1998 1763 Praefat.
2042 1708 2115 1763 al-

138 1813 255 1862 tera
293 1806 359 1862 ad
405 1806 603 1862 librum
660 1807 808 1862 Iohi:
871 1815 1048 1864 »tanta
1090 1819 1162 1864 est
1199 1810 1337 1864 enim
1390 1811 1658 1864 vetustatis
1702 1811 2008 1865 consuetudo
2063 1819 2120 1866 ut

139 1909 294 1964 eliam
330 1912 567 1981 consessa
599 1910 867 1982 plerisque
923 1911 1049 1965 vicia
1090 1910 1332 1980 placeant
1369 1910 1493 1965 dum
1534 1913 1705 1984 mayis
1736 1911 1984 1985 pulchros
2023 1912 2116 1967 ha·

141 2011 259 2065 bere
295 2011 474 2066 volunt
508 2012 703 2066 codices
751 2030 910 2084 quam
959 2012 1314 2067 emendat03.''
1356 2019 1409 2067 et
1446 2014 1502 2066 in
1542 2006 1880 2068 Praefat.'ad
1920 2013 2119 2069 Psalte-

140 2114 312 2167 rium:
376 2114 608 2168 »Videtis
640 2114 764 2185 plus
802 2114 1074 2185 antiquum
1128 2131 1356 2168 errorem
1393 2132 1550 2186 quam
1589 2133 1774 2168 novam
1813 2115 2119 2171 emendatio-

139 2231 259 2269 nem
297 2214 526 2269 valere.'’
605 2214 888 2270 Caeterum
926 2213 1130 2269 formae
1165 2212 1327 2283 ᾖμεν,
1380 2212 1471 2283 ᾖτε
1524 2221 1577 2269 et
1630 2212 1762 2283 ἦσαν
1808 2232 1932 2270 cum
1973 2233 2121 2271 com-

142 2315 331 2388 positis
370 2315 618 2371 omnibus
660 2333 764 2370 non
821 2322 1035 2372 tantum
1080 2316 1275 2370 Atticis
1330 2315 1526 2388 ubique
1576 2316 1942 2372 restituendae
1994 2325 2123 2374 sunt

142 2424 322 2489 spreta
375 2416 517 2472 sutili
570 2417 831 2472 librorum
874 2418 1233 2483 auctoritate,
1274 2417 1368 2473 sed
1412 2418 1713 2473 Atticorum
1756 2418 2122 2475 imitatoribus

142 2536 388 2591 quoque,
428 2520 584 2575 Dioni
622 2519 1000 2594 Chrysostomo
1023 2562 1038 2585 ,
1078 2519 1436 2586 Philostrato,
1476 2521 1712 2576 Luciano
1752 2521 2123 2592 caeterisque,

144 2620 339 2693 quibus
387 2620 667 2689 ἀττικίζειν
725 2620 904 2676 studio
954 2620 1075 2676 fuit.
1155 2621 1474 2676 Rectissime
1522 2620 1586 2676 de
1620 2637 1682 2676 ea
1734 2637 1793 2675 re
1843 2619 2122 2678 admonuit

140 2722 198 2777 L.
246 2721 553 2777 Dindorfius
607 2722 663 2776 in
719 2722 940 2794 praefat.
983 2722 1050 2777 ad
1103 2723 1326 2778 Dionem
1384 2722 1827 2797 chrysostomum
1882 2739 2006 2795 pag.
2050 2742 2121 2780 xi.

143 2823 342 2880 Eodem
384 2823 539 2879 modo
577 2823 1088 2897 plusquamperfecti
1143 2824 1346 2880 formae
1384 2826 1637 2896 antiquae
1675 2826 1794 2895 ἤδη,
1835 2824 2027 2893 ᾔδησθα
2066 2832 2120 2881 et

143 2926 273 2994 ᾔδειν
322 2933 447 2980 ante
490 2925 724 2981 vocalem
766 2933 1024 2998 perpetua
1070 2924 1257 2981 fraude
1296 2925 1688 2992 obliterantur,
1743 2933 1796 2981 et
1835 2926 2119 2993 ἐπεπόνθη,

141 3029 398 3096 §nez-4⁹11,
438 3029 652 3092 ἑλελήθη
689 3027 998 3099 similesque
1037 3044 1240 3084 omnes,
1321 3028 1422 3081 Vix
1463 3044 1692 3099 usquam
1734 3027 1942 3100 elapsae
1990 3035 2119 3083 sunt

143 3127 345 3185 formae
399 3128 598 3198 ᾖσμεν,
656 3128 779 3198 {ys-s,
830 3128 981 3198 ἦσαν.
1063 3129 1234 3196 Quam
1276 3145 1432 3202 saepe
1489 3128 1687 3194 εἴξασιν
1726 3129 1782 3184 in
1843 3129 2119 3201 vulgarem

143 3229 368 3285 sormam
427 3230 589 3286 abiit!
651 3248 811 3303 quam
866 3230 1004 3286 male
1060 3231 1369 3286 mulcarunt
1409 3232 1545 3301 ᾔκειν
1586 3232 1761 3287 Attice
1808 3249 1906 3304 pro
1948 3232 2115 3301 ἐῴκειν

144 3332 413 3403 positum!
493 3332 732 3387 Atticum
765 3339 954 3388 πλεῖν
996 3333 1025 3397 ἢ
1066 3332 1340 3402 τριάκοντα
1379 3339 1433 3388 et
1489 3334 1610 3388 sim.
1667 3333 1720 3387 in
1764 3332 1871 3387 solo
1913 3333 2118 3387 Aristo-

144 3432 317 3505 phane
357 3440 584 3489 actatcm
638 3432 763 3488 tulit
798 3440 851 3489 et
891 3435 943 3487 in
987 3435 1146 3489 unico
1199 3435 1388 3507 optimi
1428 3433 1635 3489 Codicis
1674 3433 1786 3489 loco
1839 3432 1978 3505 apud
2019 3433 2117 3488 De-

148 3535 495 3591 mosthenem.
577 3534 847 3607 Quidquid
905 3534 1014 3591 sere
1072 3537 1381 3609 sequiorum
1436 3535 1677 3591 socordia
1729 3534 1934 3606 peperit
1973 3551 2116 3590 erro·

149 3652 269 3691 rum
304 3635 506 3693 videbis
545 3637 817 3693 insinuare
858 3654 971 3694 sese
1013 3638 1065 3692 in
1109 3644 1453 3695 monumenta
1489 3638 1850 3707 antiquorum.
1926 3635 2117 3705 ”Εζην,
