2436 4068
1511 329 1536 350 Τ

393 368 650 424 scribitur
708 367 848 420 enim
901 380 1056 435 saepe
1108 364 1159 416 in
1215 362 1367 417 libris
1425 364 1548 418 παν.
1637 363 1776 417 Nihil
1832 365 2000 436 igitur
2052 372 2220 436 agunt
2259 368 2352 439 qui

390 458 582 516 πάντες
619 454 759 508 κακοὶ
792 457 950 506 νοοῦσι
991 458 1366 521 reposuerunt.
1418 452 1671 522 Suspicor
1705 451 1912 517 dedisse
1950 453 2350 524 Xenophontem

387 543 518 599 οὗτοι
575 541 767 601 πάντες
823 538 1093 593 κακόνοι
1157 539 1293 593 εἶσὶ
1354 541 1423 606 τῷ
1482 539 1719 606 τυράννῳ.
1799 538 2155 611 opponuntur
2201 543 2344 597 enim

385 633 525 684 inter
562 647 617 684 se
656 626 782 683 εὖνοι
831 625 990 690 εἶναι,
1047 630 1259 691 εὐνοεῖν,
1320 635 1371 680 et
1407 627 1605 681 κακόνοι
1650 624 1812 692 εἶναι,,
1871 645 1971 680 non
2027 631 2168 683 κακοὶ
2221 639 2344 686 νοεῖν

383 725 476 772 aut
513 723 784 772 κακονοεῖν.
863 716 930 769 Et
965 721 1218 769 κακονοεῒν
1261 714 1473 785 quidem
1517 714 1815 767 scribarum
1851 716 2091 769 socordia
2131 717 2348 788 irrepsit

383 809 438 859 in
479 806 672 878 Lysiae
727 802 871 858 Orat.
911 803 1097 857 XXIX.
1146 807 1228 857 10.
1282 803 1521 856 οὐδέποτε
1565 802 1851 856 παύσονται
1893 804 2012 868 ὑμῖν
2053 810 2346 859 κακονοοῦν·

384 915 508 958 τες,
566 892 658 946 ubi
721 908 807 944 me
866 907 1158 961 numquam
1229 890 1492 961 poenituit
1552 890 1860 944 emendasse
1898 886 2117 946 ’κακόνοι
2188 892 2345 954 ὄντες.
2420 942 2421 945 ,

386 983 767 1051 Praeterquam
810 977 908 1031 hoe
949 994 1051 1031 uno
1091 978 1204 1031 loco
1251 994 1516 1048 nusquam
1568 978 1787 1032 verbum
1838 986 2092 1033 κακονοεῖν
2133 997 2346 1051 compa·
2420 1000 2422 1003 ’

385 1076 487 1124 ret.
564 1066 776 1122 Κακόνοι
813 1066 1040 1131 ἐγένοντο
1078 1065 1276 1136 legitur
1315 1066 1454 1137 apud
1497 1066 1706 1139 Lysiam
1741 1066 1858 1119 XX.
1895 1068 1983 1120 20.
2024 1074 2077 1120 et
2113 1069 2352 1123 κακόνουν
2417 1087 2421 1098 ²

385 1155 512 1212 εἶναι
553 1157 623 1224 τῷ
661 1156 840 1218 πλήθει
874 1157 943 1223 τῷ
983 1155 1205 1222 ὑμετέρῳ
1248 1153 1413 1208 XXV.
1458 1158 1507 1207 7.
1586 1153 1740 1207 Κακοὶ
1773 1159 1895 1207 νοεῖν
1927 1175 2052 1220 τινι,
2093 1173 2197 1226 quo
2233 1173 2349 1211 sen·
2430 1175 2431 1178 ’

386 1262 450 1300 su
486 1243 627 1317 apud
671 1243 960 1296 Homerum
999 1245 1067 1309 τῷ
1107 1243 1158 1296 δὲ
1192 1242 1332 1296 κακοὶ
1374 1242 1589 1310 φρονέων
1628 1241 1856 1312 legitur,
1897 1250 1950 1295 et
1990 1243 2128 1314 apud
2170 1244 2348 1298 Hesio·
2416 1251 2423 1317 j

387 1332 514 1387 dum
569 1332 642 1386 ο-οἶ
697 1332 739 1384 δ’
794 1332 895 1396 ἐγὼ
945 1331 1106 1384 ἐσθλοὶ
1157 1331 1297 1384 νοέων
1350 1330 1498 1396 ἐρέω,
1560 1346 1666 1382 uno
1725 1335 1934 1382 tantum
1992 1330 2186 1383 nititur
2239 1330 2352 1385 loco
2418 1330 2422 1364 ³

390 1419 751 1490 Xenophontis
792 1419 845 1470 in
901 1418 1184 1471 Memorab.
1227 1419 1292 1471 ΙΙ.
1332 1436 1387 1471 11.
1441 1421 1491 1471 9.
1545 1417 1682 1471 οὐδὲν
1738 1417 1894 1470 κακὸν
1942 1422 2123 1472 νοοῦσα
2172 1418 2353 1483 λέγει,

387 1509 478 1562 ubi
518 1508 699 1561 statim
740 1507 986 1577 sequitur
1026 1506 1054 1569 ἢ
1091 1506 1307 1573 νομίζεις
1353 1505 1670 1559 κακόνουν
1710 1506 1801 1567 τὴν
1842 1505 2042 1572 μητέρα
2081 1525 2156 1560 σοι
2192 1503 2351 1571 εἷναι;
2412 1527 2414 1529 ·

388 1596 543 1649 euius
595 1594 696 1647 loci
745 1593 954 1648 diversa
1003 1593 1335 1664 aliquantum
1389 1595 1526 1646 ratio
1566 1600 1662 1647 est.
1743 1593 1993 1654 Κακόνους
2034 1591 2161 1648 εἶναι
2210 1595 2353 1648 etin
2411 1590 2414 1630 1

385 1682 616 1738 Anabasi
658 1682 739 1735 bis
793 1681 993 1751 legitur
1026 1681 1091 1735 II.
1135 1698 1182 1734 v.
1229 1685 1296 1735 16
1337 1688 1387 1734 et
1431 1684 1518 1734 27.
1562 1688 1614 1734 et
1651 1687 1733 1735 est
1787 1682 1839 1733 in
1885 1681 1973 1734 tali
2019 1699 2074 1735 re
2114 1688 2225 1735 tam
2266 1699 2354 1754 ap·
2413 1683 2423 1754 ,ᾗ

389 1772 623 1844 positum
671 1776 730 1823 ut
778 1768 912 1822 mihi
951 1768 1163 1839 quidem
1221 1770 1336 1823 sine
1392 1769 1732 1822 cunctatione
1788 1768 2181 1823 restituendum
2241 1787 2356 1825 esse
2404 1816 2405 1826 ,

386 1859 651 1913 videatur.
732 1856 957 1911 Confusa
999 1856 1202 1910 videbis
1243 1856 1465 1917 εὔνους
1503 1858 1576 1910 ὢν
1617 1864 1682 1925 τῇ
1723 1856 1869 1911 πόλει
1911 1863 1964 1911 et
2002 1860 2174 1911 εὐνοῶν
2215 1857 2355 1930 apud

386 1946 795 2004 Demosthenem
849 1962 904 2016 p.
940 1949 1115 2010 1457,
1158 1948 1207 1999 9.

460 2035 634 2090 Verba
687 2050 821 2104 quae
875 2033 1129 2103 leguntur
1189 2036 1217 2104 §
1267 2037 1503 2091 17-20,
1559 2035 1644 2088 καὶ
1687 2029 1797 2087 οἶδα
1850 2054 1950 2098 γε,
2005 2033 2106 2103 ἔφη
2148 2066 2220 2075 —-
2260 2039 2356 2090 τῶν
2400 2012 2436 2072 ⁰1

383 2126 454 2179 τοὶ
506 2122 811 2189 εὐτελέςερα
864 2123 1276 2190 παρατιθεμένων
1328 2123 1610 2193 exscripsit
1661 2122 1965 2176 Athenaeus
2005 2122 2092 2176 lV.
2152 2139 2203 2193 p.
2246 2127 2350 2177 144
2424 2131 2436 2135 ’

386 2213 439 2267 G.
495 2211 586 2264 ubi
645 2210 896 2264 mendose
951 2211 1148 2280 legitur
1205 2212 1258 2263 in
1299 2211 1594 2264 Marciano:
1655 2211 1712 2264 τὸ
1773 2213 1893 2275 ἡμῖν
1954 2211 2354 2277 παρατιθέμενον
2427 2245 2433 2285 :³

385 2299 645 2362 δεῖπνονῆ
688 2298 962 2359 τούτοις
1013 2315 1106 2369 pro
1153 2302 1180 2363 ἢ
1235 2301 1306 2352 τὸ
1363 2300 1659 2362 ἑαυτοῖς,
1701 2305 1752 2352 et
1786 2300 1842 2352 τὸ
1883 2299 1988 2366 γαρ
2029 2299 2099 2352 τα
2143 2298 2353 2352 εἰωθότα
2427 2340 2432 2357 .

388 2387 740 2456 ὑπερβάλλειν
785 2404 878 2457 pro
931 2386 1275 2452 ὑπερβάλλον.
1357 2387 1574 2440 Rectius
1624 2394 1807 2440 contra
1849 2388 1984 2449 πλὴν
2025 2388 2127 2454 οὐχ
2171 2388 2213 2440 οἱ
2267 2386 2356 2440 τύ·
2426 2375 2432 2433 f

386 2497 548 2546 ραννοι
595 2483 647 2530 et
687 2474 863 2529 verbis
903 2474 1096 2529 melius
1151 2474 1410 2528 ordinatis
1448 2475 1686 2540 οὐδεμίαν
1734 2476 1784 2528 ἐν
1825 2483 1942 2535 ταῖς
1997 2476 2191 2542 ἑορταῖς
2249 2475 2358 2530 ε’πί-
2420 2475 2427 2522 s*

388 2567 520 2621 δοσιν
555 2563 760 2632 ἔχουσιν
794 2565 960 2616 αὐτῶν
1002 2564 1056 2616 αἱ
1094 2563 1383 2630 τράπεζαι,
1430 2580 1526 2633 pro
1555 2562 1758 2630 ἔχουσιν
1798 2564 1852 2616 αἱ
1892 2561 2147 2630 τράπεζαι
2189 2565 2354 2618 αὐτῶν
2419 2616 2422 2643 ;

387 2654 623 2708 ἐπίδοσιν.
705 2650 904 2705 Deinde
945 2649 1083 2704 idem
1129 2652 1317 2704 vitium
1356 2651 1409 2703 in
1460 2651 1730 2706 Athenaeo
1775 2658 1856 2705 est
1894 2651 2032 2722 quod
2074 2652 2130 2704 in
2180 2651 2353 2704 Xeno-

389 2741 603 2813 phontis
643 2738 802 2793 codd.
860 2741 1071 2792 ἐκεῖνο
1121 2736 1176 2793 εὖ
1215 2736 1305 2793 οἷδ’
1349 2736 1424 2793 ὅτι
1465 2740 1551 2793 καὶ
1605 2741 1668 2794 σὺ
1706 2739 1938 2805 ἔμπειρος
1979 2736 2049 2803 εἶ,
2095 2756 2192 2810 pro
2229 2740 2353 2793 ε’κεΙ-

387 2850 502 2894 νου,
545 2827 680 2899 quod
718 2827 851 2881 hene
892 2828 1122 2881 servavit
1164 2826 1436 2881 StohaeuS.
1521 2828 1655 2880 Tum
1695 2827 1746 2880 in
1786 2828 2053 2881 Marciano
2088 2834 2196 2881 est:
2237 2824 2376 2883 δ’σωι,
2412 2879 2420 2900 ι,

388 2915 451 2971 ἄν
505 2938 582 2976 τις
633 2916 801 2970 πλέων
846 2937 924 2976 τις
977 2917 1300 2982 παραθῆται,
1360 2915 1500 2986 apud
1550 2914 1867 2969 Stobaeum:
1926 2912 2021 2983 ὅσῳ
2070 2913 2134 2968 ἂν
2189 2916 2357 2978 πλείω,

383 3005 677 3071 παραθῆτε,
721 3019 908 3056 verum
942 3010 1022 3056 est
1058 3001 1152 3071 ὅσῳ
1187 3002 1249 3057 ἄν
1284 3025 1363 3064 τις
1404 3003 1564 3057 πλείω
1599 3005 1923 3070 παραθῆται,
1966 3002 2155 3057 deinde
2187 3002 2348 3057 Athe·
2407 2991 2421 3065 ὲ

368 3108 551 3148 naeus
588 3090 828 3145 τοο-ου’τωι
883 3091 968 3144 καὶ
1026 3092 1209 3145 θοῖσσον
1249 3095 1453 3156 μᾶλλον
1488 3091 1623 3158 κόρος
1665 3093 1947 3156 ἐμπίπτει,
2000 3098 2053 3144 et
2105 3091 2181 3143 sic
2226 3091 2340 3144 Sto·-
2387 3098 2430 3146 ff

383 3180 548 3235 haeus
588 3179 694 3232 nisi
735 3177 872 3248 quod
916 3181 1121 3243 μᾶλλον
1172 3186 1317 3233 reete
1357 3180 1588 3233 omittit:
1645 3180 1749 3232 viri
1790 3178 1930 3232 docti
1971 3180 2154 3232 θοῖττον
2196 3193 2346 3250 repo-
2408 3171 2428 3243 1³

383 3276 625 3323 suerunt.
703 3266 940 3336 Denique
974 3265 1279 3319 Athenaeus
1309 3268 1631 3324 εὐτελέςατα
1664 3266 1822 3320 hahet
1861 3283 1956 3336 pro
2000 3267 2341 3334 εὐτελές-ερα,

381 3373 485 3427 quo
523 3371 716 3426 genere
756 3353 935 3407 mendi
980 3352 1111 3405 nihil
1148 3360 1227 3406 est
1278 3353 1641 3424 frequentius,
1697 3360 1755 3407 ut
1792 3353 1924 3407 nihil
1967 3371 2098 3426 opus
2137 3355 2205 3409 sit
2242 3354 2347 3408 Co--
2386 3341 2397 3426 ἶ]

380 3444 559 3497 dicum
605 3459 753 3514 opem
810 3440 1096 3513 implorare
1138 3440 1225 3495 ubi
1269 3442 1383 3512 ipsa
1429 3441 1531 3496 loci
1581 3443 1845 3496 sententia
1896 3441 2100 3498 laborat
2151 3450 2201 3498 et
2250 3441 2351 3496 ilio>

376 3531 573 3587 auxilio
615 3529 833 3600 indiget.

2429 291 2436 382 i
