2436 4068
1027 244 1128 294 155

79 391 230 445 nium
270 395 324 443 et
374 403 548 441 mores
582 387 754 441 iocose
792 387 1272 449 commemorabat,
1325 384 1443 440 vide
1485 385 1834 440 Plutarchum
1879 387 1930 439 in
1973 386 2063 440 Pe-

81 478 210 533 ricle
242 494 359 548 cap.
386 480 436 530 5.

151 564 594 635 Fragmentuml
641 580 706 618 ex
753 563 1027 635 Eupolidis
1079 563 1295 617 Πόλεσιν
1351 568 1622 616 servatum
1678 579 1708 615 a
1773 561 2068 616 Scholiasta

79 651 348 724 Aristoph.
381 651 448 706 ad
489 651 704 706 Plutum
746 667 823 707 vs.
849 654 976 705 718:

1210 745 1372 801 Τῆνος
1412 737 1545 800 αὕτη

377 827 601 886 πολλοὺς
640 825 838 894 ἔχουσα
877 826 1170 891 σκορπίους,

77 915 322 988 expletur
358 917 413 969 in
452 913 643 968 Codice
684 912 885 967 Veneto
923 913 976 965 in
1014 912 1158 967 huno
1199 911 1440 966 modum:

379 1003 602 1063 πολλοὺς
637 1001 832 1069 ἔχουσα
867 1002 1132 1068 σκορπίους
1163 999 1304 1068 ἔχεις
1341 1021 1399 1054 τε
1436 1002 1790 1070 συκοφάντας.

153 1090 440 1163 Receptam
491 1090 729 1162 oportuit
780 1096 981 1144 certam
1022 1090 1242 1144 Porsoni
1282 1088 1707 1144 emendationem
1751 1090 1804 1142 in
1858 1089 2068 1161 Eupoli-

81 1175 166 1232 dis
205 1176 506 1250 sragmento
543 1176 685 1249 apud
726 1177 917 1232 Athen.
956 1195 1007 1250 p.
1030 1181 1156 1232 592.
1195 1177 1256 1231 E.

374 1268 650 1333 ’Όρτυγας
689 1266 906 1334 ἔθρεψας
945 1267 1009 1320 σύ
1045 1285 1188 1326 τινας
1230 1265 1320 1327 ἤδη
1361 1266 1600 1326 mim-0763

285 1365 343 1410 Β.
385 1353 558 1420 ἔγωγε
586 1354 748 1422 μικροὶ
781 1359 839 1419 γ’
877 1354 1120 1422 ὀρτύγια.
1162 1351 1393 1408 κᾶπειτα
1430 1354 1513 1414 τι’;

81 1442 381 1498 rectissime
418 1443 686 1496 Porsonus
719 1443 859 1510 μίκρ’
892 1441 1016 1496 ἄττ’
1056 1442 1293 1509 ὀρτύγια.

154 1528 432 1584 Dubitabit
472 1546 655 1594 nemo,
706 1530 799 1602 qui
838 1529 1200 1585 observaverit
1240 1545 1399 1601 quam
1446 1545 1602 1602 saepe
1639 1526 1784 1583 ἅττα
1832 1532 1885 1581 et
1924 1525 2069 1581 ἄττα
2155 1557 2158 1560 «

81 1616 148 1671 ab
187 1617 418 1672 indoctis
455 1618 647 1672 scribis
681 1618 957 1673 obscurari
987 1624 1040 1673 et
1077 1616 1357 1689 depravari
1397 1617 1627 1680 soleant,
1667 1615 1733 1670 de
1772 1632 1878 1687 qua
1914 1632 1971 1670 re
2005 1614 2072 1669 ad

80 1705 398 1778 Euripidem
447 1705 602 1778 plura
640 1706 819 1761 dicere
859 1708 914 1761 in
951 1706 1130 1760 animo
1168 1712 1274 1760 est:
1328 1722 1472 1760 nuno
1516 1703 1762 1777 pauculis
1802 1703 1931 1758 loeis
1979 1702 2071 1758 de-

81 1791 279 1864 fungar
317 1793 383 1848 ad
424 1794 899 1849 demonstrandum
934 1803 1137 1849 ATTA
1170 1800 1223 1848 et
1250 1801 1401 1848 ATT
1445 1793 1499 1846 in
1530 1791 1680 1846 libris
1721 1792 1902 1846 minus
1935 1793 2069 1846 anti-

0 1905 1 1945 ι
81 1881 205 1953 quis
240 1881 387 1937 abire
426 1882 594 1938 solere
634 1884 687 1937 in
720 1904 839 1947 οιτι,
871 1888 977 1947 ατῑ,
1015 1884 1129 1948 κγ’,
1171 1903 1300 1945 ατε,
1341 1902 1471 1947 aye,
1513 1881 1634 1934 sim.
1714 1879 1869 1951 Apud
1905 1879 2069 1953 Hesy-

82 1967 265 2024 chium
314 1969 515 2042 legitur
562 1974 766 2026 ςΑτιοῦν
808 1989 903 2044 pro
945 1968 1067 2025 ἅττ’
1114 1968 1213 2025 οὖν.
1312 1969 1458 2024 Idem
1495 1969 1608 2023 '‘131'
1658 1967 1831 2032 ἄττα,
1885 1969 2067 2032 Ὀλίγ’

77 2055 221 2112 ἄττα
276 2065 332 2113 et
383 2057 579 2113 similia
619 2058 803 2114 sedulo
853 2060 1242 2131 interpretatur
1278 2055 1386 2112 ἴδιοί
1425 2077 1542 2111 τινα
1582 2064 1716 2121 eet„
1758 2058 1884 2128 quia
1937 2056 2068 2111 baec·

79 2144 206 2200 olim
261 2147 317 2200 in
363 2145 771 2201 desuetudinem
821 2147 1078 2202 abierant.
1174 2146 1233 2199 In
1290 2145 1454 2199 Ranis
1501 2162 1576 2199 vs.
1609 2149 1734 2199 956.
1786 2146 2067 2200 Ravennas

77 2232 294 2289 exbibet
342 2234 468 2290 ποῖά
525 2240 582 2300 γ’
633 2235 738 2292 ἐςὶν
784 2233 910 2289 ἅττ’
958 2234 1172 2297 ἐποίεις,
1232 2233 1467 2288 Venetus
1515 2233 1641 2288 ποῖα
1687 2236 1736 2288 τ’
1786 2234 1891 2291 ε’ςὶν
1944 2232 2066 2288 ἅττ’

79 2321 290 2386 ἐποίεις,
330 2321 421 2376 alii
452 2321 574 2377 libri
609 2321 707 2389 ἄγ’
747 2323 962 2385 ἐποίεις,
1005 2339 1172 2393 quum
1207 2328 1362 2394 poeta
1390 2321 1623 2377 dedisset
1659 2324 1763 2377 ποῖ’
1804 2321 1924 2377 ἄττ’
1962 2321 2066 2379 ἐςὶν

74 2406 199 2464 ἅττ’
235 2411 435 2472 ἐποίεις.
529 2410 618 2466 Sic
655 2411 708 2464 in
746 2410 977 2484 Ephippi
1017 2409 1211 2483 fragm.
1254 2410 1395 2483 apud
1435 2409 1627 2465 Athen.
1670 2427 1720 2483 p.
1748 2413 1872 2465 482.
1915 2411 1975 2465 D.
2010 2411 2062 2463 in

16 2510 43 2549 ¹.
74 2494 228 2552 libris
266 2505 376 2554 est:

381 2587 470 2642 καὶ
507 2589 857 2657 Δημοφῶντος
890 2586 977 2643 ἅτ’
1018 2588 1250 2650 ἐποίησεν
1279 2589 1351 2649 εἰς
1388 2588 1584 2651 Κότυν,

15 2660 29 2716 '3
77 2689 175 2748 pro
207 2673 330 2730 ἅττ’
370 2676 626 2740 ἐποίησεν,
663 2676 803 2748 quod
840 2677 940 2730 viri
979 2675 1121 2730 docti
1162 2682 1518 2748 reposuerunt
1558 2682 1612 2731 et
1646 2677 1842 2749 passim
1881 2676 2063 2732 eodem

75 2761 235 2818 modo
287 2763 555 2819 titubatur
606 2764 659 2819 in
713 2764 879 2820 libris,
967 2764 1243 2837 Euripidis
1284 2763 1646 2836 fragmentum
1705 2765 1846 2838 apud
1898 2764 2061 2821 Clem.

20 2893 34 2926 <
73 2849 223 2908 Alex.
256 2850 453 2907 Strom.
490 2852 580 2906 lv.
622 2869 675 2925 p.
694 2856 802 2908 495
835 2853 914 2907 sic
947 2851 1153 2908 editur:

376 2938 476 3005 ἄγ’
514 2937 596 2996 οὖν
634 2947 890 3009 παραινῶ,
928 2940 1103 2996 ταῦτα
1141 2960 1240 3006 μου
1277 2939 1450 3005 δέξαι,
1490 2940 1675 3006 γύναι,

137 3026 218 3084 ale
250 3045 346 3101 pro
377 3026 500 3084 ἅττ’
532 3025 632 3083 οὖν.
713 3029 839 3084 Plus
871 3030 1032 3084 etiam
1069 3028 1231 3084 huius
1263 3029 1339 3084 rei
1376 3028 1672 3085 observatio
1707 3028 1912 3084 Platoni
1950 3046 2066 3102 pro-

68 3111 219 3179 *derit
259 3117 311 3171 in
348 3115 635 3172 Theaeteto
663 3134 779 3190 pag.
809 3121 930 3174 167.
965 3118 1020 3173 C.
1061 3118 1171 3173 ἐπεὶ
1203 3115 1287 3173 οἷοὶ
1321 3120 1376 3183 γ’
1414 3116 1479 3172 ἂν
1513 3116 1675 3186 ἑκάς-η
1706 3117 1854 3174 πόλει
1888 3119 2063 3174 δίκαιοί

28 3238 38 3289 t
75 3204 167 3259 καὶ
219 3205 363 3259 καλὰ
406 3204 524 3273 δοκῇ
566 3210 743 3260 ταῦτα
796 3207 885 3262 καὶ
930 3203 1059 3262 εἶναι
1098 3209 1233 3275 αὐτῇ
1280 3203 1371 3268 ἕως
1421 3204 1485 3260 ἂν
1537 3207 1677 3262 αὐτοὶ
1716 3207 1921 3277 νομίζῃ,
1977 3208 2065 3261 cui

37 3286 194 3360 'sloco
246 3309 417 3364 neque
466 3290 547 3348 οἶα
593 3296 841 3350 convenit
886 3312 1057 3367 neque
1097 3315 1165 3360 γε
1215 3301 1360 3350 recte
1403 3294 1649 3359 additur,
1704 3295 1795 3351 sed
1849 3296 2065 3365 utrique

56 3378 220 3449 §malo
255 3380 551 3436 medeberis
592 3382 873 3439 scribendo
906 3382 1027 3439 ἅττ’
1060 3383 1124 3439 ἂν
1157 3382 1317 3453 ἑκάστῃ
1346 3383 1512 3439 πόλει.
1595 3383 1768 3439 Simili
1799 3382 2062 3437 medicina

15 3543 17 3548 Ι
58 3463 307 3524 :Babrius
346 3468 585 3541 indigere
618 3470 830 3526 videtur
869 3471 1029 3527 fabul.
1063 3471 1223 3526 Lxlt.
1261 3476 1310 3527 9.
1347 3472 1581 3528 Boisson.

70 3593 76 3599 -
383 3564 549 3612 κακῶν
581 3560 633 3614 δὲ
666 3559 872 3615 πάντων
906 3559 1000 3616 οἵτε
1043 3559 1239 3617 σύνεςιν
1276 3561 1546 3628 ἀνθρώποις

380 3645 578 3711 δοτῆρες
621 3650 784 3711 ἡμεῖς.
