2436 4068
1336 200 1442 251 7⁴26

413 349 468 402 ἐκ
507 354 599 412 τῆς
641 346 854 414 πατρίου
907 349 1124 411 ἀγωγῆς
1163 347 1320 412 μηδὲν
1363 345 1447 420 (ἂν
1495 344 1816 419 addendum)
1858 348 2070 415 αἰσχρὸν
2117 347 2367 416 προςοέξαι

410 443 516 497 τοῖς
548 436 755 495 τέκνοις.

484 523 794 592 Elegantem
836 520 1117 575 verborum
1175 522 1610 593 compositionem
1671 521 1893 594 impedit
1949 530 2001 577 et
2050 525 2205 578 vitiat
2246 521 2369 578 οὕτω

407 614 614 676 μᾶλλον
666 625 942 680 perperam
988 610 1250 663 insertum
1291 609 1332 664 l.
1377 614 1426 662 5.
1482 613 1535 661 in
1588 609 1791 664 verbis:
1850 608 1975 664 οὕτω
2026 613 2077 665 δὲ
2130 611 2370 666 συνόντων

410 697 753 764 ποθεινοτέρως
792 698 886 764 μὲν
927 697 1133 762 ἀνάγκη
1174 702 1318 767 σφῶν
1372 698 1538 750 αὐτῶν
1580 695 1755 764 ἔχειν,
1797 699 2160 766 ἐρρωμενέςερα
2200 700 2252 752 δὲ
2291 700 2368 763 γί-

409 788 618 851 γνεσθαι
660 785 707 839 εἴ
741 806 791 840 τι
831 783 1023 851 βλοέςοι
1072 783 1220 857 [οὕτω
1260 786 1519 854 μᾶλλον],
1562 785 1590 847 ἢ
1626 787 1667 838 εἰ
1701 785 1912 853 διακοροι
1953 787 2194 848 ἀλλήλων
2237 783 2334 839 εἶεν
2358 827 2373 849 ,

407 873 554 928 vides
606 873 746 929 enim
794 872 927 927 haec
980 872 1232 926 Veterum
1287 887 1434 925 more
1490 872 1566 926 ita
1619 874 1908 943 composita
1962 890 2077 928 esse
2127 879 2185 927 ut
2237 873 2371 926 duae

407 968 587 1033 partes
627 960 834 1033 copulis
867 960 962 1026 μέν
1003 951 1056 1014 et
1095 960 1149 1015 δέ
1180 960 1395 1013 iunctae
1435 975 1498 1013 ex
1533 961 1841 1032 praemissis
1874 958 1999 1015 οὕτω
2040 961 2091 1014 δὲ
2127 959 2370 1015 συνόντων

406 1064 695 1120 suspensae
735 1048 861 1102 sint.

500 1135 700 1190 Plurali
750 1152 976 1190 numero
1034 1134 1323 1206 singularis
1383 1135 1791 1189 substituendus
1845 1132 1932 1190 est'
1976 1137 2033 1188 in
2083 1136 2122 1189 Ι.
2166 1139 2217 1188 6.
2281 1134 2371 1188 ubi

409 1223 750 1279 scribendum
803 1223 1122 1285 ἀποπαύσας
1161 1228 1250 1277 τοῦ
1292 1224 1446 1278 ὁπότε
1484 1223 1804 1290 βούλοιτο
1857 1222 2103 1283 ἕκαςος
2144 1229 2371 1287 γυναῖκα

407 1312 661 1379 ἄγεσθαι,
699 1329 796 1384 pro
834 1312 988 1366 ὁπότε
1022 1312 1286 1378 βούλοιντο
1323 1310 1514 1370 ἕκαςοι.
1595 1311 1655 1364 In
1690 1310 1842 1365 libris
1871 1310 2052 1371 ἕκαςος
2092 1311 2169 1364 sic
2209 1311 2372 1364 scribi

407 1418 540 1472 solet
568 1423 627 1471 ut
659 1417 833 1472 exitus
869 1415 1110 1471 vocabuli
1143 1416 1430 1470 lectoribus
1471 1415 1796 1487 supplendus
1834 1417 2169 1487 relinquatur
2204 1400 2371 1490 (ἕκοςο),
2410 1484 2415 1489 „

406 1505 548 1560 unde
588 1505 746 1558 multi
793 1521 1001 1559 errores
1051 1505 1285 1575 suscepti
1330 1512 1473 1558 sunt.
1556 1506 1679 1558 Post
1717 1520 1888 1575 pauca
1937 1506 2240 1576 scripserim
2283 1505 2368 1558 καὶ

404 1599 552 1649 τοῦτο
594 1593 969 1662 συμφέρειν
1008 1599 1072 1661 τῇ
1112 1591 1319 1661 εὐγονία
1360 1592 1568 1660 νομίζων
1608 1609 1704 1664 pro
1753 1593 2029 1661 συμφέρον.

480 1681 567 1735 Bis
606 1682 829 1752 periisse
867 1680 1153 1735 articulum
1199 1680 1443 1752 suspicor
1479 1681 1532 1734 in
1574 1680 1641 1735 11.
1690 1684 1740 1734 5.
1793 1679 1878 1734 καὶ
1923 1681 2147 1744 πηδῆσαι
2183 1683 2234 1736 δὲ
2279 1689 2383 1750 (νο--

403 1768 584 1842 μίζων)
626 1768 712 1823 καὶ
752 1769 1008 1835 οἶναθορεῖν
1049 1767 1133 1821 καὶ
1191 1769 1401 1835 δραμεῖν
1441 1769 1624 1822 θοῖττον
1663 1769 2007 1832 ἀνυπόδητον,
2060 1771 2102 1823 εἷ
2144 1771 2370 1831 ἠσκηκὼς

403 1856 481 1920 εἴη
521 1858 639 1919 τοὺς
692 1856 891 1921 πόδας,
943 1856 971 1919 ἢ
1014 1843 1406 1923 ὑποδεδεμένον,
1466 1857 1574 1909 imo
1614 1872 1737 1910 vero
1778 1858 1961 1910 θᾶττον
2017 1856 2141 1930 (τὸν)
2185 1858 2368 1912 οένυπό·

399 1946 688 2010 δητον-ἢ
735 1944 861 2018 (τὸν)
905 1945 1280 2011 ὑποδεδεμένον.
1364 1945 1599 1999 Priorem
1643 1943 1931 1997 articulum
1976 1945 2213 2008 incuria,
2254 1963 2368 2017 pos-

400 2036 650 2088 teriorem
687 2032 825 2088 male
866 2032 1084 2087 sedulus
1130 2039 1400 2088 corrector
1440 2033 1700 2087 exemisse
1741 2032 1968 2086 videtur.
2034 2032 2368 2104 ‚Saepissime

399 2121 601 2177 factum
643 2128 724 2176 est
759 2128 819 2175 ut
857 2121 934 2175 sic
975 2121 1238 2175 articulus
1296 2122 1495 2192 periret
1535 2122 1730 2174 omissa
1772 2120 1971 2193 syllaba
2018 2138 2176 2191 quam
2218 2139 2366 2193 repe·

397 2211 553 2265 titam
596 2209 866 2281 oportuit,
905 2215 967 2262 ut
1001 2225 1160 2280 supra
1202 2211 1253 2262 in
1294 2209 1578 2263 Plutarcho
1613 2209 1811 2276 Ἀνύτῳ
1844 2210 2169 2274 Ἀνθεμίωνος
2206 2211 2367 2264 scribi
2411 2235 2433 2259 t

398 2297 644 2353 videmus
679 2314 774 2369 pro
812 2298 1009 2366 Ἀνύτῳ
1047 2299 1116 2365 τῷ
1159 2297 1485 2362 Ἀνθεμίωνος
1509 2339 1530 2358 ‚⁷
1583 2297 1674 2351 sed
1722 2313 1985 2367 nusquam
2028 2314 2089 2351 ea
2126 2315 2212 2352 res
2245 2298 2366 2369 plus
2408 2301 2418 2370 ξὲ

399 2385 708 2458 importavit
742 2384 866 2439 mali
904 2402 1062 2457 quam
1101 2386 1152 2438 in
1187 2385 1495 2456 Epicharmi
1540 2385 1622 2458 (ut
1647 2384 1882 2457 videtur)
1926 2387 2197 2440 octonario
2223 2387 2363 2458 apud
2406 2375 2436 2462 {3

398 2474 683 2530 Zenobium
720 2473 808 2527 IV.
851 2478 948 2528 55:
2358 2468 2360 2471 ’
2434 2478 2436 2483 ’

625 2566 829 2618 Θοῖττον
870 2563 893 2616 ὁ
932 2562 1076 2623 τόκος
1117 2561 1432 2629 Ἠρακλείτω
1474 2561 1715 2628 Περιναίω
1758 2560 1967 2628 τρέχει,

399 2653 602 2706 inserto
640 2651 940 2705 necessario
996 2650 1225 2704 articulo
1265 2644 1496 2703 metrum
1553 2648 1851 2712 constabit,
1909 2648 2000 2703 sed
2055 2650 2182 2720 quid
2236 2651 2405 2706 latet

398 2741 454 2793 in
493 2739 777 2807 Περιναίωῖ
839 2739 1071 2811 Apparet
1110 2739 1364 2793 Heracliti
1400 2738 1628 2809 patriam
1673 2738 1728 2790 in
1773 2736 1952 2791 Sicilia
1983 2745 2076 2791 aut
2117 2740 2170 2791 in
2209 2738 2364 2795 Grae·
2402 2751 2405 2754 “

402 2829 484 2883 cia
521 2829 721 2882 maiore
762 2843 877 2883 esse
913 2826 1302 2899 quaerendam:
1345 2829 1525 2897 itaque
1562 2826 1745 2879 statim
1781 2826 1974 2879 emicat
2019 2840 2139 2880 vera
2178 2827 2362 2885 lectio:
2403 2887 2405 2890 Α

627 2919 832 2970 Θᾶττον
870 2916 892 2969 ὂ
931 2916 1074 2976 τόκος
1115 2916 1432 2983 Ἦρακλείτω
1474 2920 1543 2969 τῶ
1584 2916 1827 2981 Τεριναίω
1869 2915 2061 2982 τρέχει.

404 3004 495 3060 Sat
537 3009 661 3058 nota
701 3011 782 3058 est
820 3003 1246 3058 Crotoniatarum
1290 3003 1493 3057 colonia
1534 3006 1561 3066 ἡ
1597 3003 1821 3069 Τέρινα,
1865 3002 2005 3056 unde
2046 3020 2234 3057 nomen
2273 3005 2361 3059 ha·
2408 3060 2411 3064 ,

399 3093 488 3148 het
524 3093 546 3147 ὅ
586 3099 847 3161 Τεριναῖος
900 3091 1105 3152 κόλπος.
1188 3091 1453 3164 Scymnus
1495 3092 1547 3144 in
1605 3091 1808 3161 Perieg.
1865 3107 1938 3143 vs.
1976 3094 2113 3145 505:
2168 3091 2362 3159 Italia,

401 3182 612 3253 inquit,
663 3179 880 3248 μεγάλη
922 3179 1122 3239 Ἑλλάς
1176 3180 1436 3251 appellata
1487 3187 1561 3233 est
1608 3186 1819 3250 propter
1880 3178 2185 3234 Graecorum
2234 3181 2359 3236 colo-

393 3271 508 3325 nias
531 3290 548 3324 .·

694 3356 1005 3418 Ἑλληνικὰς
1045 3358 1168 3420 γοῦν
1210 3355 1661 3423 παραθαλαττίους
1703 3353 1814 3421 ἔχει

694 3444 889 3506 πόλεις.
967 3452 1015 3498 T
1020 3444 1180 3511 έριναν
1219 3446 1410 3510 πρῶτον
1434 3486 1446 3507 ,
1487 3439 1541 3504 ἣν
1582 3442 1848 3511 οέπῴκισαν

691 3536 1032 3603 Κροτωνιᾶται
1075 3532 1324 3601 πρότερον,
