2436 4068
1299 204 1330 254 4

655 397 659 401 .
692 348 810 417 φέρ’
850 349 893 401 εἰ
930 345 1347 409 Λακεδαιμονίων
1383 363 1463 403 τις
1503 343 1800 405 ἐκπλεύσας
1842 344 2038 413 σκάφει

359 483 369 491 γ,
696 436 915 490 ἀπέδοτο
959 435 1131 501 φήνας
1172 431 1382 484 κυνίδιον
1419 431 1688 499 Σεριφίων.

322 522 398 576 sic
440 520 826 595 sycophantam
868 522 978 574 illic
1019 520 1284 572 dicentem
1325 516 1550 572 fecerat:

549 611 650 674 ἐγὼ
684 610 736 663 δὲ
775 612 915 663 τοῦτ’
955 607 1129 670 ὀλίγον
1167 605 1344 673 χρόνον
1378 607 1551 673 φήνας
1586 603 1884 672 ἀφειλόμην
1921 604 2005 661 ἄν.

322 698 388 751 In
429 696 662 751 secundo
703 713 854 751 verso
893 695 1141 749 lacunam
1183 693 1260 746 sic
1302 693 1686 764 suppleverim:

545 783 801 852 ςεφάνους
836 782 918 835 ἴων
962 781 1129 853 [ῥόδων
1165 780 1392 853 κρίνων],
1432 780 1675 847 κονιορτὸν
1708 781 2101 848 ἐκτυφλοῦντα,

322 873 447 943 quia
489 887 644 942 saepe
691 871 745 922 in
796 885 1116 923 coronarum
1172 869 1443 922 mentione
1479 867 1672 931 violae,
1713 885 1886 931 rosae,
1929 868 2045 924 lilia
2086 870 2310 926 coniun-

316 965 554 1029 guntur,
596 963 658 1011 ut
698 955 841 1028 apud
878 956 1158 1010 Cratinum
1204 955 1396 1009 Athen.
1439 955 1550 1010 XV.
1588 972 1638 1025 p.
1682 958 1806 1008 685.
1845 955 1907 1021 D.

618 1045 876 1105 παντοίοις
915 1064 981 1108 γε
1020 1044 1123 1108 μην
1161 1044 1401 1110 κεφαλὴν
1436 1042 1671 1108 ἀνθέμοις
1713 1042 1994 1110 ἐρέπτομαι

618 1134 818 1200 λειρίοις
851 1131 1002 1199 ῥόδοις
1042 1130 1255 1194 κρίνεσιν
1292 1129 1730 1197 κοσμοσανδάλοις
1774 1131 1894 1192 ἴοις.

319 1218 470 1285 Quod
506 1219 559 1272 in
596 1219 871 1275 Demonici
907 1217 1208 1289 fragmento
1245 1224 1701 1272 commemoratur
1733 1218 1791 1275 τὸ
1825 1219 1968 1272 κατὰ
2005 1218 2178 1287 χειρός
2214 1225 2308 1274 aut

319 1305 441 1374 ὕδωρ
478 1308 620 1361 κατα
659 1306 830 1375 χειρός
873 1307 1184 1377 saepissime
1224 1305 1366 1377 apud
1406 1306 1647 1360 Comicos
1683 1306 1776 1374 πρὸ
1815 1311 1904 1361 τοῦ
1941 1307 2143 1361 δείπνου
2188 1323 2311 1362 con-

316 1394 454 1447 vivis
489 1393 804 1449 affunditur.
887 1394 1215 1450 Suavissime
1256 1393 1548 1448 Teleclides
1589 1393 1849 1449 Athenaei
1890 1395 1980 1449 VI.
2024 1398 2150 1450 268.
2193 1396 2254 1450 A.

469 1484 652 1549 Εἰρήνη
693 1484 788 1549 μὲν
825 1488 1018 1550 πρῶτον
1058 1481 1304 1536 ἀπάντων
1342 1480 1398 1545 ἦν
1438 1480 1605 1550 ὤσπερ
1645 1480 1768 1550 ὕδωρ
1808 1483 1952 1537 κατὰ
1990 1483 2192 1551 χειρός.

318 1575 438 1641 post
474 1586 694 1624 coenam
734 1571 1022 1637 ἀπονίψαι,
1062 1570 1450 1637 ἀπονίψασθαι,
1489 1571 1690 1637 νίπτρον
1734 1577 1998 1637 παραχεῑν
2034 1571 2312 1638 dicebant,

318 1664 373 1711 et
409 1675 813 1730 nonnumquam
867 1659 1009 1712 κατα
1042 1663 1223 1726 ’χειρῶν
1276 1659 1443 1712 δοῦναι
1485 1657 1565 1712 vel
1609 1658 1909 1727 εἰληφέναι,
1963 1658 2072 1715 vid.
2116 1659 2308 1714 Athen.

228 1749 236 1755 ’
316 1745 392 1799 lI.
438 1750 527 1800 49.
558 1746 629 1800 C.
683 1747 773 1800 IV.
825 1751 947 1800 147.
998 1747 1059 1800 Ε.
1115 1763 1143 1800 e
1184 1745 1470 1800 Philoxeno
1524 1745 1709 1800 ἔπειτα
1763 1747 1814 1800 δὲ
1865 1742 2049 1808 παῖδες
2094 1745 2103 1821 ff
2145 1748 2311 1815 νίπτρ’

318 1833 496 1887 ἔδοσαν
550 1834 692 1888 κατα
741 1839 923 1902 χειρῶν
977 1834 1065 1887 ΙΧ.
1123 1838 1250 1888 408.
1297 1833 1355 1887 F.
1417 1833 1706 1904 Coniungit
1760 1840 2055 1906 utrumque
2108 1836 2311 1890 Aristo·

321 1921 523 1994 phanes
561 1923 619 1975 in
655 1922 844 1993 Vespis
885 1939 961 1976 vs.
1010 1924 1171 1975 1216.

627 2008 749 2077 ὕδωρ
791 2010 933 2063 κατά
974 2009 1178 2076 χειρός.
1223 2008 1321 2068 τάς
1362 2008 1626 2076 τραπέζας
1669 2010 1952 2078 εἰσφέρειν.

627 2097 958 2162 δειπνοῦμεν.
998 2096 1392 2161 ἀπονενίμμεθ’.
1435 2097 1525 2159 ήδη
1566 2097 1877 2162 σπένδομεν.
2252 2151 2255 2155 ,

322 2184 473 2251 Quod
519 2191 644 2239 ante
686 2201 912 2239 ‘coenam
966 2185 1127 2239 datur
1178 2184 1390 2254 saepius
1441 2184 1519 2236 sic
1573 2185 1717 2238 κατὰ
1757 2186 1931 2254 χειρός
1972 2186 2204 2250 dicitur,
2250 2193 2312 2242 ut

320 2272 462 2344 apud
502 2272 914 2343 Aristophanem
955 2271 1147 2326 Athen.
1189 2271 1278 2325 IX.
1320 2275 1447 2326 410.
1489 2272 1546 2326 B.

698 2359 824 2428 φέρε
865 2367 970 2413 παῖ
1004 2358 1211 2426 ταχέως
1252 2359 1395 2412 κατα
1434 2360 1606 2427 χειρὸς
1643 2358 1765 2429 ὕδωρ
1789 2401 1803 2416 .

325 2454 378 2502 ct
419 2446 693 2501 Alexidem
730 2447 856 2500 ibid.
898 2448 968 2502 Il.
1011 2451 1098 2502 60.
1140 2447 1201 2501 A.

624 2535 767 2589 κατα
800 2536 971 2603 χειρὸς
1013 2535 1178 2597 ἐδόθη.
1220 2536 1312 2597 τὴν
1353 2533 1620 2602 τράπεζαν
1660 2534 1738 2599 ἧκ’
1779 2536 1946 2603 ἔχων.

321 2629 376 2678 et
414 2621 774 2678 Archedicum
817 2622 1010 2678 Athen.
1058 2622 1171 2676 VII.
1217 2625 1341 2676 292.
1375 2622 1448 2683 E;

624 2710 857 2778 πάρεισιν
897 2713 939 2764 οἱ
979 2710 1281 2775 κεκλημένοι
1331 2709 1338 2784 Ι
1383 2711 1514 2765 δίδου
1555 2711 1697 2764 κατα
1736 2712 1945 2779 χειρός.

323 2805 377 2854 et
412 2798 567 2853 alibi:
610 2797 808 2868 legitur
847 2804 1029 2851 tamen
1070 2797 1351 2869 aliquoties
1390 2803 1443 2851 et
1477 2798 1619 2852 κατα
1658 2806 1872 2867 χειρῶν,
1913 2807 1974 2855 ut
2006 2802 2061 2856 in
2099 2802 2310 2858 Menan-

322 2886 419 2941 dro
458 2886 653 2942 Athen.
695 2886 783 2941 IX.
824 2889 952 2941 408:
990 2887 1049 2941 F.

555 2975 598 3028 οἱ
639 2975 690 3027 δὲ
731 2974 873 3027 κατα
912 2981 1095 3042 χειρῶν
1135 2973 1395 3038 λαβόντες
1431 2974 1750 3041 περιμένουσι
1791 2976 2080 3044 φίλτατοι.

326 3068 380 3116 et
419 3061 547 3115 hinc
575 3077 764 3115 scurra
794 3060 934 3131 apud
968 3061 1159 3115 Athen.
1198 3061 1286 3114 IV.
1325 3064 1452 3115 156.
1486 3062 1546 3116 E.
1582 3080 1750 3134 quum
1787 3071 2137 3134 quaereretur
2170 3072 2311 3121 ποῖον

327 3151 426 3204 τῶν
468 3147 664 3203 ὑδάτων
713 3147 878 3213 ήδιςόν
925 3149 1029 3211 ε’ςι;
1084 3147 1360 3221 respondit
1408 3151 1466 3203 τὸ
1515 3151 1658 3205 κατα
1696 3158 1897 3219 χειρῶν.
1974 3153 2310 3208 Nicostratus

327 3236 470 3309 apud
513 3236 704 3292 Athen.
737 3235 848 3293 XV.
882 3244 935 3306 p.
973 3239 1100 3290 685.
1130 3237 1191 3291 E.
1227 3237 1374 3291 κατά
1412 3239 1583 3305 χειρὸς
1624 3239 1894 3306 εἰληφέναι
1932 3247 2050 3312 post
2089 3258 2308 3297 coenam

322 3325 479 3380 dixit:
676 3375 678 3378 .
1317 3324 1797 3392 κατελαμβάνομεν

703 3411 896 3480 ἑτέρους
932 3411 1075 3465 κατά
1109 3413 1278 3483 χειρὸς
1313 3415 1497 3483 ἀρτίως
1538 3413 1823 3483 εἰληφότας

702 3501 787 3554 καὶ
833 3498 1072 3570 ςέφανον.
