2436 4068
1323 264 1429 315 492

380 415 473 470 τῆς
513 407 700 475 άρκτου
742 410 978 475 άρκτῆ,
1020 408 1107 460 καὶ
1147 410 1475 467 άλωπεκῆ
1517 410 1546 469 ἦ
1590 414 1683 469 τῆς
1728 410 2027 473 ἀλώπεκος,
2073 411 2162 464 καὶ
2200 418 2371 474 λυκῆ

384 497 413 557 ή
454 501 544 550 τοῦ
585 496 772 560 λύκου,
826 495 914 549 καὶ
964 503 1192 562 μοσχῆ
1236 499 1264 558 ἡ
1305 500 1394 550 τοῦ
1437 494 1672 562 μόσχου,
1711 498 1775 555 ὠς
1815 496 2209 566 Ἀναξανδρίδης
2246 499 2373 568 εἴρη-

386 603 502 636 κεν·

766 673 964 739 άρκτῆ,
1003 678 1184 734 λεοντῆ
1208 712 1221 734 ,
1261 674 1504 739 παρδαλῆ
1526 713 1540 735 ,
1581 677 1760 738 μοσχῆ
1784 713 1799 733 ,
1841 680 1981 734 κυνῆ.

390 765 442 811 et
482 757 623 828 apud
663 759 956 813 Homerum
997 759 1153 825 βοέη,
1194 766 1246 813 et
1278 760 1455 826 βοείη,
1498 758 1797 826 παρδαλέη,
1837 759 2006 821 κυνέη.
2087 761 2373 828 Ἀνθρωπέη

390 845 655 900 Herodoto
689 846 1020 901 reddendum
1045 847 1107 900 V.
1153 851 1241 902 25.
1283 848 1516 914 άπὲδειρε
1567 849 1747 900 ποῖσαν
1786 848 1879 908 την
1917 848 2376 914 άνθρωπηΐην,

388 933 649 997 σπαδίξας
686 935 738 988 δὲ
777 937 936 989 αὐτοῦ
975 937 1034 989 τὸ
1074 935 1236 1001 δέρμα
1270 934 1498 1000 ἱμάντας
1540 935 1597 996 ἐξ
1636 936 1794 988 αὐτοῦ
1830 935 1995 1000 ἔταμε
2034 937 2120 990 καὶ
2161 935 2373 991 ἐνέτεινε

387 1023 474 1076 τὸν
513 1023 673 1090 θρόνον
711 1024 761 1083 ἐς
802 1025 888 1078 τὸν
927 1022 1042 1091 ἵζων
1079 1023 1308 1090 ἐδίκαζε,
1351 1021 1492 1093 quod
1529 1023 1671 1076 enim
1716 1023 1902 1076 Pollux
1934 1023 2000 1076 II.
2046 1030 2095 1077 5.
2137 1023 2262 1077 hinc
2299 1024 2374 1078 as·

388 1108 493 1164 fert
532 1111 589 1164 τὸ
631 1111 683 1165 δὲ
723 1113 978 1179 άνθρώπου
1030 1112 1190 1178 δέρμα
1236 1112 1572 1177 άνθρωπῆν
1625 1111 1882 1178 Ἡρόδοτος
1934 1118 2094 1165 καλεῖ
2127 1111 2193 1164 ad
2233 1111 2374 1165 Ioni-

387 1214 482 1252 cae
526 1197 739 1253 dialecti
781 1201 1042 1254 rationem
1084 1198 1444 1253 revocandum
1498 1205 1614 1252 erat
1656 1206 1706 1252 et
1747 1199 2035 1267 ἀνθρωπέην
2087 1199 2375 1270 utrobique

389 1286 814 1341 rescribendum.
895 1288 1129 1359 Apposui
1187 1287 1340 1358 plura
1395 1285 1644 1339 Herodoti
1696 1294 1754 1340 ut
1796 1287 1969 1340 obiter
2021 1287 2238 1341 Diodori
2293 1287 2373 1341 Si-

390 1375 498 1428 culi
551 1375 725 1429 locum
781 1375 845 1430 de
901 1376 1064 1430 simili
1119 1393 1176 1428 re
1219 1373 1506 1428 scribentis
1558 1375 1844 1429 emendare
1895 1375 2097 1429 liceret.
2179 1375 2375 1429 Editur

390 1462 531 1533 apud
578 1463 729 1517 Diod.
767 1463 878 1518 XV.
927 1469 1011 1518 10.
1069 1462 1276 1519 δικαςαὶ
1322 1461 1562 1526 δόξαντες
1602 1469 1770 1524 κακῶς
1827 1463 2005 1531 κρίνειν
2045 1462 2228 1529 ζῶντες
2267 1461 2375 1526 ἕξε-

388 1551 613 1618 δάρησαν
668 1552 757 1606 καὶ
819 1553 940 1619 ὑπὲρ
992 1557 1091 1606 τῶν
1151 1552 1419 1607 δικαςικῶν
1487 1551 1673 1620 δίφρων
1731 1551 2217 1619 περιτεθέντων
2275 1552 2373 1604 τῶν

387 1639 651 1706 δερμάτων
688 1640 773 1693 ἐπὶ
804 1640 995 1694 τούτων
1038 1639 1265 1707 ἐδίκαζον
1305 1641 1347 1692 οἱ
1386 1639 1598 1696 δικαςαί
1616 1681 1631 1703 ,
1672 1640 1832 1693 etiam
1877 1639 1964 1693 hic
2007 1647 2064 1693 ut
2106 1656 2374 1693 nonnum-

390 1744 551 1798 quam
593 1727 719 1781 alibi
760 1730 974 1791 ταθῆναι
1015 1729 1070 1781 in
1107 1730 1310 1788 τεθῆναι
1351 1725 1698 1797 depravatum
1751 1733 1831 1781 est
1872 1727 2374 1799 emendandumque

389 1816 894 1882 περιταθέντων
947 1822 1044 1870 τῶν
1100 1815 1381 1883 δερμάτων.
1471 1817 1788 1879 Ἀλωπεκῆ,
1844 1815 1985 1886 quod
2035 1815 2374 1887 Xenophonti

389 1902 722 1958 reddendum
774 1921 891 1959 esse
939 1920 1256 1968 oensemu8‚
1312 1903 1654 1958 notissimum
1722 1910 1804 1958 est
1856 1903 1936 1958 vei
1991 1904 2056 1957 oh
2110 1903 2371 1977 Lysandri

389 1989 626 2046 dictum:
668 1991 791 2047 ὅπου
827 1995 902 2058 μη
935 1994 1226 2060 ἐφικνεῖται
1264 1994 1291 2055 ή
1325 1999 1506 2054 λεοντῆ
1541 1991 1887 2059 προσραπτέον
1925 1991 2051 2048 εἶναι
2085 1993 2176 2054 την
2217 1993 2371 2045 άλω·

387 2087 617 2145 πεκῆν,
670 2087 723 2135 et
774 2079 901 2134 illud
958 2081 1133 2151 ipsun]
1177 2079 1495 2134 vocabulum
1550 2087 1778 2150 usurpat
1830 2079 2130 2134 Herodotus
2185 2078 2369 2133 eadem
2433 2083 2436 2154 j

388 2166 454 2220 (le
496 2167 794 2223 Thracibus
834 2167 1072 2223 reserens
1106 2169 1219 2222 VII.
1261 2173 1348 2223 75.
1431 2170 1646 2235 Θρήϊκες
1689 2168 1772 2221 ἐπὶ
1811 2169 1906 2234 μὲν
1943 2177 2060 2237 τῇσι
2102 2173 2368 2237 κεφαλῇσι

388 2257 782 2318 άλωπεκέας
823 2257 1033 2323 ἔχοντες
1071 2257 1402 2324 ἐςρατεύοντο
1425 2298 1438 2318 ,
1478 2255 1590 2322 περὶ
1634 2256 1684 2308 δὲ
1718 2257 1776 2310 τὸ
1817 2258 1970 2320 σῶμα
2009 2257 2245 2321 κιθῶνας,
2283 2256 2368 2310 ἐπὶ

386 2344 438 2397 δὲ
478 2345 645 2413 ζειρας
687 2345 1122 2413 περιβεβλημένοι
1164 2345 1434 2407 ποικίλας,
1476 2360 1612 2413 quae
1654 2343 2052 2413 Xenophonteis
2092 2343 2368 2398 simillima
2410 2385 2415 2391 -

385 2440 530 2487 sunt.
625 2433 813 2504 Itaque
868 2439 963 2486 aut
1023 2432 1367 2486 statuendum
1423 2439 1501 2485 est
1554 2433 1884 2491 οέλωπεκίδας
1934 2449 2030 2503 pro
2083 2433 2365 2492 ἀλωπεκᾶς

383 2528 530 2576 reete
563 2521 669 2576 diei
707 2538 860 2594 posse
899 2520 1059 2594 (quod
1096 2521 1367 2574 neminem
1406 2518 1559 2572 saeile
1594 2518 1948 2589 probaturum
1990 2520 2227 2593 opinor),
2269 2527 2363 2574 aut

385 2609 609 2680 proclivi
649 2627 830 2664 errore
866 2609 995 2664 haee
1036 2610 1178 2663 inter
1219 2626 1274 2662 se
1314 2605 1534 2660 confusa
1574 2606 1768 2671 fuisse,
1809 2615 1868 2660 ut
1909 2607 2094 2661 λέοντα
2135 2616 2188 2661 et
2220 2622 2364 2662 λεον-

381 2705 510 2762 τῆν,
563 2702 778 2760 λέοντάς
821 2705 873 2753 et
912 2700 1126 2757 λέοντας
1170 2695 1310 2767 apud
1341 2694 1654 2749 'Luciannm
1693 2694 1911 2748 confusa
1965 2713 2079 2750 esse
2131 2697 2362 2750 ostendi-

383 2803 522 2840 mus,
602 2787 750 2841 Idem
786 2804 937 2841 error
973 2787 1027 2839 in
1070 2783 1424 2840 Demosthene
1458 2784 1779 2837 commissus
1828 2801 1875 2855 p.
1910 2787 2084 2846 1577,
2129 2790 2227 2847 11,
2270 2783 2360 2837 ubi

2427 2566 2436 2601 n—
2419 2358 2436 2555 aan'xmff
2428 2343 2431 2346 ν
2427 2303 2436 2319 e
2429 2275 2436 2287 ..

382 2873 552 2928 Codex
595 2874 646 2929 S.
689 2874 937 2930 exhibet:
978 2877 1021 2928 οἱ
1062 2874 1160 2933 τοὶς
1202 2892 1422 2932 κοινας
1468 2871 1567 2932 τοὶς
1600 2872 1842 2936 βοιωτίας
1876 2871 2118 2940 ἔχοντες,
2163 2873 2359 2927 caeteri
2407 2892 2423 2955 ⁴²¹.

379 2963 480 3023 τοὶς
521 2963 677 3023 κύνας
719 2968 964 3027 servant,
1006 2961 1146 3015 unde
1185 2959 1400 3015 tandem
1441 2961 1540 3020 τοὶς
1581 2965 1737 3020 κυνᾶς
1779 2960 1963 3014 elicuit
2004 2959 2282 3032 TayioruS.

457 3050 518 3104 ln
559 3056 587 3122 ξ
622 3056 670 3105 5.
728 3051 909 3115 ἔλεγεν
957 3047 1065 3111 ὅτι,
1124 3051 1165 3103 εἰ
1207 3049 1281 3114 μη
1331 3049 1725 3113 καταβήσονται
1775 3049 2058 3111 οἰκήσοντες
2114 3047 2201 3101 καὶ
2248 3046 2422 3111 πεί-

381 3158 594 3200 σονται,
637 3135 763 3208 [ὅτι]
806 3138 1129 3192 κατακαύσει
1171 3137 1257 3190 καὶ
1299 3137 1490 3190 τούτων
1531 3136 1630 3195 τοὶς
1662 3138 1878 3202 κώμας,
1924 3153 2027 3189 non
2066 3141 2237 3207 potest
2280 3134 2355 3190 ότι
2399 3123 2417 3208 Ξ

380 3228 459 3280 sie
494 3226 714 3289 iterari,
769 3225 861 3279 sed
900 3225 1235 3296 frequentem
1277 3223 1423 3278 hune
1462 3224 1763 3278 scribarum
1818 3240 2055 3278 errorem
2097 3240 2212 3278 esse
2247 3241 2357 3280 sae·
2399 3263 2403 3271 ·

376 3315 500 3385 pius
536 3312 942 3367 deelaravimus,

454 3402 514 3455 In
551 3401 663 3455 VII.
715 3418 784 3455 1v.
843 3404 928 3453 15.
984 3400 1180 3453 iterum
1234 3415 1457 3469 zeugma
1512 3399 1976 3470 interpolationem
2039 3401 2243 3471 peperit
2296 3401 2351 3454 in
2396 3375 2401 3431 .'

378 3489 582 3543 verbis:
639 3488 725 3542 καὶ
770 3489 1071 3556 Ξενοφῶντα
1125 3487 1333 3553 όνομαςὶ
1375 3490 1654 3547 καλοῦντες
1703 3485 1905 3549 ἐξιόντα
1947 3488 2175 3542 ἐκέλευον
2223 3490 2349 3542 άπο-

378 3579 601 3639 θνήσκειν
638 3579 666 3640 ἢ
697 3580 855 3631 αὐτοῦ
900 3576 1156 3648 [ἔφασαν]
1197 3577 1679 3638 κατακαυθήσεσθαι
1721 3575 1942 3645 [αὐτόν]
2022 3575 2220 3646 Nempe
2259 3575 2350 3629 isti

381 3667 455 3720 ita
498 3664 779 3720 dicebant:
831 3662 865 3718 ὦ
908 3669 1173 3732 Ξενοφῶν,
1226 3663 1365 3726 ἐξιὼν
1415 3665 1701 3724 άπόθνησκε
1743 3665 1770 3726 ἢ
1821 3666 1979 3718 αὐτοῦ
2028 3663 2354 3724 κατακαυθή-
