2436 4068
1036 185 1140 236 789

196 331 487 386 Barbarum
522 336 603 384 est
636 327 1013 391 ὑποδύσασθαι,
1054 335 1107 382 et
1141 329 1382 383 ὑποδῦναι
1417 330 1611 384 calceos
1638 331 1954 388 insanientis
1983 341 2080 389 est.

113 420 326 474 Sanavit
386 418 566 472 omnia
606 417 819 487 egregie
871 415 1209 487 Hirschigius
1262 419 1355 489 qui
1402 435 1463 472 ex
1515 428 1858 476 ΤΠΟΔΤΟΤ
1899 422 2085 477 elicuit

111 509 332 562 ὑπολύου
373 515 423 561 et
466 523 563 577 pro
615 507 963 560 ὑποδύσασθαι
1000 512 1146 559 certa
1198 506 1569 561 emendatione
1617 511 1854 580 reposuit
1904 511 2084 574 ὑποδή-

111 599 297 650 σασθαι
339 601 392 649 et
432 594 633 648 ὑπόδυθι
674 594 772 654 τοὶς
812 593 1120 654 Λακωνικάς
1162 595 1464 649 emendavit
1502 596 1557 649 in
1599 598 1828 651 ὑποδοῧ
1868 600 2084 666 λαβὼν

112 682 456 747 Λακωνικάς,
516 681 825 753 planissime
889 688 949 735 ut
1009 681 1381 754 Theopompus
1436 684 1682 740 Comicus
1740 686 1877 741 (lixit
1941 687 2082 760 apud

111 770 284 826 Schol.
326 771 488 825 Arist.
539 770 731 842 Lysist.
769 773 856 823 45.

413 860 526 913 ὑπο
542 860 649 912 δοῦ
690 859 917 924 λαβὼν
955 857 1153 932 rao-(Bi)
1197 860 1546 927 περιβαρίδας.

185 947 380 1002 Contra
422 946 512 1001 ubi
553 946 854 1000 ἐνδύσασθαι
896 947 1011 1000 sine
1047 945 1346 1000 scribarum
1389 945 1578 1002 fraude
1628 948 1826 1020 legitur
1873 957 2080 1007 certum

110 1042 191 1091 est
218 1052 313 1089 nos
348 1035 656 1106 sequiorum
685 1042 985 1106 temporum
1014 1034 1331 1106 scriptorem
1368 1041 1565 1090 tenere.
1645 1036 1916 1093 Admoneo
1951 1038 2082 1095 haec

39 1180 45 1191 ,
109 1124 346 1179 Platonis
397 1127 486 1177 τοῦ
529 1123 654 1177 θείου
710 1139 935 1187 caussa,
989 1122 1081 1193 qui
1121 1123 1283 1176 etiam
1333 1121 1490 1176 hodie
1542 1123 1768 1179 nimium
1818 1127 2084 1196 patienter

114 1229 181 1267 ne
202 1211 375 1266 dicam
417 1211 580 1266 stulte
616 1211 857 1266 creditur
877 1210 943 1264 ab
982 1209 1209 1265 eruditis
1248 1210 1635 1282 epigrammata
1671 1213 1930 1283 quaedam
1968 1232 2082 1287 per-

106 1301 286 1372 exigui
328 1301 486 1372 pretii
538 1301 822 1372 panxisse‚
882 1300 1108 1370 quaein
1144 1298 1461 1371 Anthologia
1512 1300 1751 1355 Palatina
1805 1302 2082 1367 Πλάτωνος

32 1431 33 1434 ¹
106 1388 496 1443 inscribuntur.
577 1388 726 1443 Plato
767 1388 935 1460 igitur
977 1388 1043 1462 (si
1079 1388 1245 1441 Musis
1281 1387 1474 1462 placet)
1518 1389 1758 1444 creditur
1795 1391 1891 1447 hos
1920 1394 2082 1447 versi-

32 1463 37 1539 ss
105 1476 254 1532 culos
294 1476 482 1532 fecisse
524 1477 607 1550 (in
646 1477 828 1548 Epigr.
869 1475 983 1530 XII.
1028 1491 1148 1547 pag.
1188 1480 1314 1531 445.
1358 1477 1413 1531 in
1455 1479 1674 1550 Bergkii
1714 1479 1859 1534 Poet.
1903 1480 2079 1554 Lyr.):

409 1565 542 1620 κεῖνό
581 1586 664 1619 κεν
706 1565 967 1619 ἐνδύσαιτο
1009 1565 1095 1618 καὶ
1138 1566 1209 1618 εἰν
1247 1566 1424 1619 Ἀΐδαο
1465 1566 1664 1635 φέροιτο

443 1653 534 1708 καί
570 1673 658 1718 μιν
695 1652 785 1707 ἴδοι
826 1652 999 1713 Μίνως
1038 1654 1225 1718 τούμὸν
1265 1653 1458 1722 ἔχοντα
1495 1654 1662 1723 ῥάκος.

105 1740 351 1795 lubenter
391 1741 634 1811 ignotum
689 1746 899 1812 poetam
941 1739 1142 1812 duplici
1183 1742 1375 1796 mendo
1408 1742 1676 1809 liberabo,
1729 1745 1822 1800 sed
1862 1745 2078 1818 ea'lege

105 1836 167 1883 ut
213 1846 316 1883 non
354 1846 449 1900 pro
491 1830 712 1901 antiquo
745 1829 861 1883 cive
895 1828 1072 1883 Attico
1106 1827 1396 1894 habeatur,
1438 1831 1562 1897 sed,
1617 1833 1662 1886 si
1705 1840 1881 1889 tamen
1930 1835 2077 1890 Plato

12 1910 33 1921 ”
102 1915 448 1988 appellandus
487 1918 627 1981 erit,
684 1916 870 1971 multis
914 1924 1032 1988 post
1072 1917 1223 1972 illum
1274 1919 1546 1974 Platonem
1601 1922 1829 1976 saeculis
1881 1923 2077 1979 vixisse

100 2004 354 2059 credatur
392 2006 485 2077 qui
526 2006 687 2060 etiam
730 2006 901 2060 multo
953 2005 1173 2061 meliora
1226 2009 1468 2063 carmina
1508 2025 1539 2063 a
1578 2026 1633 2064 se
1674 2011 1875 2083 scripta
1930 2018 2074 2067 recte

10 2115 42 2168 g
101 2093 155 2147 in
198 2094 376 2164 ignem
412 2095 718 2149 coniecerit.
797 2094 1206 2150 Emendaverim
1247 2097 1443 2168 igitur:

325 2186 474 2236 τοῦτο
514 2184 625 2237 καὶ
669 2182 928 2238 ἐνδύσαιτο
968 2184 1055 2238 καὶ
1098 2186 1169 2239 εἶν
1209 2186 1387 2239 Ἀΐδαο
1428 2188 1692 2255 φοροίη,

39 2320 42 2331 ,
101 2276 159 2323 ut
200 2270 342 2324 enim
384 2271 686 2325 ἐνδύσασθαι
727 2288 821 2343 pro
877 2272 1070 2326 ἐνδῦναι
1125 2272 1372 2328 Graeculi
1426 2273 1697 2339 dixerint,
1750 2276 2069 2345 φέρεσθαι

99 2357 305 2423 ἱμάτιον
361 2364 537 2413 tamen
596 2376 691 2431 pro
739 2365 973 2428 φορεῖν
1028 2377 1182 2415 nemo
1235 2361 1370 2416 dixit
1427 2379 1702 2434 umquam.
1781 2365 1883 2418 Vix
1937 2383 2070 2438 opus

11 2439 13 2442 ⁴
95 2452 178 2500 est
216 2445 502 2502 admonere
539 2449 770 2519 priscam
825 2447 1049 2503 sormam
1093 2450 1311 2521 Epicam
1369 2451 1580 2513 ἐδύσεο,
1624 2451 1829 2506 ἐδύσετο
1871 2460 1923 2508 et
1976 2475 2069 2509 κα-

95 2533 336 2587 τεδύσετο
380 2534 511 2588 nihil
553 2534 844 2606 quidquam
902 2553 1026 2591 cum
1080 2538 1180 2592 ista
1222 2539 1422 2592 novitia
1482 2538 1651 2592 forma
1693 2539 1887 2610 habere
1927 2559 2069 2598 com-

99 2637 295 2686 mune,
337 2622 476 2694 quod
518 2624 648 2677 satis
689 2631 926 2694 arguunt
982 2626 1286 2697 imperativi
1339 2626 1539 2681 formae
1591 2627 1734 2682 δύσεο
1795 2638 1848 2684 et
1901 2653 2067 2686 κατα-

8 2748 9 2755 1
92 2708 239 2763 δύσεο
277 2727 372 2781 pro
411 2712 516 2765 δῦθι
557 2718 611 2766 et
648 2711 928 2775 κατάδυθι,
991 2721 1049 2767 ut
1090 2716 1308 2780 ἐβήσετο
1335 2758 1347 2779 ,
1409 2717 1734 2782 κατεβήσετο
1775 2726 1828 2772 et
1866 2720 2063 2786 βήσεο,

93 2799 395 2864 καταβήσεο
439 2817 532 2873 pro
586 2800 723 2867 ἔβη,
779 2802 982 2868 κατέβη
1026 2810 1076 2857 et
1116 2804 1270 2869 βῆθι,
1325 2805 1623 2872 κατάβηθι,
1678 2805 1769 2861 sed
1822 2806 1949 2862 hinc
2006 2808 2064 2864 fit

8 2949 14 2962 ³
93 2888 435 2958 perspicuum
479 2888 618 2943 unde
675 2896 831 2944 natae
870 2891 979 2945 sint
1033 2891 1294 2947 absurdae
1345 2900 1397 2949 et
1450 2893 1707 2949 barbarae
1763 2897 2064 2968 scripturae

8 3036 10 3050 ‚
93 2974 147 3028 in
192 2975 404 3031 Homeri
459 2983 511 3031 et
566 2977 894 3050 reliquorum
950 2979 1238 3051 Epicorum
1278 2980 1558 3037 Codicibus
1598 2983 1852 3046 ἐδύσατο,
1907 3006 2064 3040 κατε-

91 3062 299 3119 δύσατο.
397 3065 669 3133 Quomodo
721 3066 865 3121 enim
920 3068 1122 3139 priscos
1174 3069 1514 3142 imperativos
1565 3070 1722 3134 ἄξετε
1775 3078 1828 3126 et
1877 3072 2060 3137 ἄξεσθε

89 3150 351 3208 vitiarunt
409 3155 460 3207 in
514 3153 682 3218 ἄξατε
741 3162 794 3210 et
851 3153 1046 3218 ἄξασθε
1103 3158 1196 3229 qui
1252 3158 1351 3230 ipsi
1410 3156 1507 3222 ἦξα
1562 3167 1615 3214 et
1667 3158 1868 3225 ἠξαμην
1927 3160 2060 3216 bene

90 3237 288 3294 Graeca
329 3258 446 3297 esse
488 3242 881 3314 opinabantur,
922 3246 998 3298 sic
1026 3251 1079 3299 et
1131 3246 1380 3312 ἐβήσετο,
1428 3247 1565 3319 quod
1612 3264 1712 3301 non
1768 3265 2058 3321 concoque-

91 3324 217 3381 bant
242 3371 255 3392 ,
313 3330 364 3382 in
405 3331 635 3395 ἐβήσατο
673 3331 1069 3403 depravarunt,
1122 3341 1175 3388 et
1215 3336 1450 3398 ἐδύσετο,
1510 3335 1820 3390 κατεδύσετο
1858 3338 1910 3391 ἰη
1956 3337 2057 3393 sor-

90 3430 232 3470 mam
270 3418 579 3489 aequalibus
622 3421 732 3473 suis
777 3421 958 3474 tritam
1001 3422 1216 3477 ἐδύσατο
1251 3432 1302 3478 et
1341 3424 1679 3479 κατεδύσατο.

163 3503 364 3560 Deinde
421 3507 710 3563 notandum
751 3517 832 3563 est
873 3526 967 3581 pro
1020 3511 1240 3577 δύομαι,
1294 3512 1530 3577 ἐνδύομαι
1558 3554 1571 3577 ,
1628 3512 1869 3578 ε’κδύομαι
1898 3556 1910 3579 ,
1954 3516 2055 3569 εἱσ-

88 3591 270 3657 δύομαι
328 3597 659 3668 caeterisque
709 3598 1017 3669 compositis
1057 3598 1303 3654 omnibus
1343 3599 1468 3655 olim
1523 3601 1575 3653 in
1611 3599 1759 3656 Ionia
1802 3603 2053 3659 usitatam
