2436 4068
1340 232 1442 281 414

389 378 766 431 distinxerunt.
848 376 1033 444 ltaque
1079 375 1289 426 etiamsi
1352 389 1535 427 omnes
1582 374 1703 428 libri
1754 377 1807 428 in
1863 377 2112 444 ἐλάβοντο
2155 382 2358 451 conspi-

385 474 569 522 rarent
623 473 800 518 tamen
854 462 1043 527 ἔλαβον
1091 475 1278 514 verum
1328 477 1444 515 esse
1490 468 1695 532 poterat
1753 471 2012 520 constare.
2094 466 2196 521 Sed
2236 467 2354 523 ἔλα-

382 558 474 622 βον
516 552 710 607 habent
766 555 931 603 testes
986 547 1232 602 meliores
1284 555 1338 603 et
1377 549 1504 603 olim
1555 567 1585 604 a
1638 552 1867 605 Porsono
1913 555 2206 624 repositum
2249 563 2350 612 est.

383 643 665 713 Sequiores
713 638 903 691 vitiose
959 652 1055 705 pro
1096 637 1501 703 καταλαμβάνω
1551 638 1728 693 dicere
1779 640 2009 695 assolent
2067 656 2350 708 καταλαμ·

378 731 608 797 βοένομαι
650 733 702 779 et
753 723 1049 779 sexcenties
1088 723 1228 794 apud
1270 725 1399 778 istos
1435 733 1725 780 recurrunt
1767 730 2165 794 καταλαβέσθαι
2213 752 2262 784 τι
2299 739 2352 785 et

379 814 814 881 καταλαβόμενος
851 829 947 883 pro
986 813 1317 878 καταλαβεῖν
1357 818 1409 866 et
1461 814 1818 879 καταλαβών,
1861 817 1999 871 unde
2035 820 2226 873 vitium
2272 821 2353 873 in-

378 911 594 959 vectum
648 909 727 955 est
769 899 1015 954 Herodot.
1058 900 1146 954 VI.
1192 905 1280 956 55.
1344 900 1415 954 τα
1463 900 1514 954 δὲ
1564 899 1714 955 ἄλλοι
1769 905 1823 956 οὐ
1872 906 2352 972 κατελάβοντο

377 995 564 1048 τούτων
605 992 810 1056 μνήμην
855 990 1161 1052 ποιήσομαι,
1203 988 1486 1059 expunctis
1526 987 1733 1042 duabus
1786 990 2073 1059 litteruliS,
2115 1011 2250 1066 quae
2287 1012 2352 1049 ex

379 1099 456 1153 sq.
498 1084 814 1134 ΤΟΤΤΩΝ
868 1076 1228 1130 adhaeserunt
1281 1075 1503 1130 emenda
1559 1077 1872 1144 κατέλαβον.
1956 1081 2012 1134 Ιι]
2056 1082 2351 1156 Lysistrata

377 1188 456 1223 vs,
497 1171 658 1222 1121.
701 1165 794 1220 uhi
838 1163 1048 1219 editur:

678 1253 735 1309 οὗ
775 1255 817 1307 δ’
858 1252 922 1306 ἂν
962 1254 1126 1307 διδῶσι
1167 1251 1402 1318 πρόσαγε
1442 1252 1720 1312 τούτους
1761 1255 2028 1320 λαβομένη
2053 1298 2066 1320 ,

374 1362 489 1399 rem
530 1360 630 1398 acu
680 1342 858 1412 tetigit
899 1340 1168 1394 Dobraeus
1209 1339 1497 1393 emendans
1530 1341 1707 1394 τούτου
1746 1342 2051 1407 λαβομένη,
2091 1343 2182 1398 sed
2222 1345 2345 1399 Edi-

378 1441 516 1487 tores
573 1447 673 1484 non
716 1427 972 1500 praebent
1011 1444 1214 1481 aurem.

448 1521 506 1574 ln
550 1523 578 1590 §
620 1523 702 1571 11.
744 1516 878 1576 ὅπως
919 1515 1169 1569 οὲπέθανεν
1203 1514 1359 1575 οὐδεὶς
1396 1516 1532 1576 εἰδὼς
1563 1515 1774 1580 ἔλεγεν,
1813 1516 2011 1585 εἴκαζον
2052 1519 2102 1572 δὲ
2143 1518 2342 1576 ἄλλοι

374 1608 583 1669 ἄλλως,
625 1600 1018 1659 emendandum
1053 1611 1133 1657 est
1174 1602 1333 1662 ἄλλος
1391 1601 1595 1667 ἄλλως,
1637 1605 1887 1675 quoniam
1929 1606 2252 1677 sinqulorum
2291 1610 2347 1663 in

373 1696 468 1751 tali
523 1712 581 1748 re
639 1693 977 1746 coniecturae
1017 1707 1131 1745 esse
1191 1690 1378 1744 solent.
1461 1690 1686 1744 Librarii
1742 1694 1797 1746 in
1853 1691 2157 1748 huiusmodi
2215 1696 2346 1751 locis

374 1784 523 1839 verbi
557 1790 609 1837 et
644 1780 877 1834 nominis
920 1795 1170 1832 numeros
1210 1777 1575 1847 discrepantes
1620 1781 1671 1832 in
1715 1781 2052 1835 concordiam
2092 1783 2346 1855 redigunt

374 1873 577 1927 scilicet
627 1877 679 1923 et
718 1867 971 1922 videntur
1025 1866 1126 1921 sibi
1168 1867 1334 1935 inepti
1375 1867 1503 1919 vitia
1552 1868 1834 1922 sustulisse
1882 1876 1934 1923 et
1994 1869 2346 1926 soloecismos

373 1960 746 2016 Adhibuerunt
785 1955 1004 2010 eandem
1048 1954 1374 2026 praeclaram
1419 1954 1737 2009 medicinam
1784 1955 1873 2009 alii
1924 1955 2036 2011 loco
2076 1958 2139 2012 11.
2181 1977 2214 2013 1.
2260 1965 2347 2015 15.

373 2048 504 2105 οὗτοι
546 2049 670 2114 μὲν,
711 2043 745 2099 ὦ
786 2044 1060 2111 Κλέαρχε,
1104 2042 1264 2102 ἄλλος
1305 2041 1454 2096 ἄλλα
1492 2043 1724 2107 λέγει,
1766 2044 1873 2096 imo
1913 2062 2038 2099 vero
2075 2049 2344 2114 λέγουσιν,

375 2146 435 2192 ut
469 2136 639 2199 videS,
681 2132 771 2186 sed
813 2133 902 2185 isti
944 2131 1119 2185 verbis
1154 2131 1408 2200 proximis
1458 2131 2013 2189 accommodaverunt.
2095 2136 2174 2200 Ad
2210 2135 2346 2191 hanc

372 2227 548 2280 lucem
608 2224 661 2275 in
713 2220 800 2274 IV.
843 2236 950 2272 vm.
1012 2222 1099 2272 19.
1159 2221 1200 2271 οἱ
1255 2218 1306 2271 δὲ
1355 2219 1586 2283 πολέμιοι
1637 2223 1700 2279 ὡς
1757 2219 1967 2287 ἤρξαντο
2027 2224 2126 2277 θεῖν
2178 2225 2344 2279 οὐκέτι

373 2315 562 2376 ’έςησαν
599 2309 746 2364 οὲλλοὶ
785 2312 934 2375 φυγῇ
975 2306 1136 2365 ἄλλος
1178 2303 1316 2372 ἄλλῃ
1367 2306 1736 2374 ἐτράπετο,
1779 2325 1878 2361 non
1923 2308 2016 2363 diu
2076 2311 2346 2366 dubitabis

373 2401 649 2470 ἕτροὶποντο
690 2396 944 2465 recipere.

447 2489 560 2543 Non
604 2492 683 2540 est
724 2485 777 2536 in
824 2480 1168 2551 Xenophonte
1209 2481 1485 2535 serendum
1530 2483 1566 2536 1.
1604 2501 1691 2536 vn.
1735 2487 1787 2537 5.
1843 2484 1958 2538 ἀντὶ
1996 2483 2058 2539 ὧν
2100 2486 2204 2553 ἔχω
2246 2495 2341 2542 aut

371 2576 568 2632 similia
609 2573 816 2635 omnia,
870 2569 960 2624 sed
1001 2571 1107 2623 ἀνθ’
1148 2567 1210 2622 ὧν
1259 2570 1692 2634 rescribendum,
1748 2577 1799 2624 et
1835 2573 2030 2642 passim
2073 2574 2206 2630 aliae
2247 2576 2341 2630 eli-

368 2669 546 2722 siones
585 2668 638 2716 et
691 2676 870 2714 crases
908 2658 1090 2712 eodem
1151 2657 1306 2710 modo
1360 2658 1721 2712 restituendae
1761 2668 1916 2724 sunt,
1971 2667 2153 2732 utpote
2208 2680 2340 2734 quas

371 2758 578 2809 constet
627 2757 679 2803 et
728 2747 868 2819 apud
922 2746 1270 2802 Athenienses
1322 2756 1574 2819 perpetuo
1635 2764 1735 2800 usu
1782 2748 1937 2802 tritas
1997 2748 2162 2803 fuisse
2219 2757 2272 2804 et
2310 2768 2339 2804 a

370 2841 564 2897 scribis
602 2836 877 2891 obscurari
930 2835 1132 2889 solitas,
1215 2837 1392 2907 Turpe
1443 2843 1523 2890 est
1564 2837 1796 2890 retinere
1846 2837 1989 2904 παρα
2022 2839 2337 2903 Ἀθηναίοις,

371 2928 515 2996 παρὰ
554 2923 905 2991 Ἀλεξάνδρῳ,
945 2926 1033 2978 οὐκ
1072 2921 1183 2978 οἴδα
1223 2921 1355 2985 ὅπως
1380 2967 1393 2989 ,
1430 2931 1482 2979 et
1525 2923 1627 2977 alia
1664 2930 1926 2979 sexcenta.
1988 2925 2063 2979 Ne
2098 2924 2338 2980 reformi-

369 3018 465 3072 des
497 3012 931 3068 membranarum
975 3011 1132 3066 fidem
1176 3013 1378 3084 inspice
1425 3012 1683 3066 librorum
1726 3013 2020 3083 scripturas
2060 3015 2112 3066 in
2159 3013 2336 3085 aliquo

370 3109 525 3178 poeta
561 3107 614 3156 et
646 3115 815 3153 vanus
855 3098 943 3152 ille
991 3100 1189 3164 timor,
1230 3107 1311 3153 sat
1350 3102 1495 3164 scio,
1551 3100 1916 3171 dissipabitur.
1997 3100 2058 3153 In
2100 3103 2129 3168 ξ
2167 3105 2217 3155 4.
2271 3101 2335 3156 ἂν

368 3194 421 3248 δὲ
456 3194 631 3246 ταῦτα
664 3185 966 3254 ἀνάσχησθε
1005 3187 1076 3240 τοὶ
1112 3186 1258 3242 ἄλλα
1295 3190 1380 3243 καὶ
1419 3189 1880 3255 αἰσχύνεσθαί
1918 3207 2003 3253 μοι
2043 3189 2196 3254 δοκῶ,
2238 3191 2335 3243 mi-

369 3297 493 3335 rum
553 3276 606 3330 ni
664 3273 871 3328 dederit
924 3273 1209 3344 Xenophon
1270 3277 1643 3343 αἰσχυνεῖσθαι.
1739 3275 2013 3329 Emblema
2079 3278 2218 3331 inest
2279 3279 2333 3331 in

370 3373 492 3443 55.
548 3362 761 3429 λέγουσι’
810 3381 941 3421 τινες
982 3359 1058 3414 ὅτι
1117 3363 1293 3416 πολλοὶ
1351 3365 1599 3429 ὑπισχνεῖ
1645 3366 1729 3415 νῦν
1781 3363 1864 3416 δια
1917 3365 1974 3418 τὸ
2028 3366 2078 3418 ἐν
2129 3366 2333 3435 τοιούτῳ

366 3455 496 3512 εἶναι
544 3455 652 3528 [τοῦ
694 3449 915 3504 κινδύνου
955 3448 1261 3521 προσιόντος]
1290 3491 1302 3513 ,
1345 3451 1389 3502 si
1429 3450 1550 3520 quis
1590 3448 1750 3520 probe
1788 3452 2032 3505 meminit
2070 3469 2174 3524 quo
2213 3471 2334 3508 sen-

373 3561 434 3599 su
470 3545 520 3596 ἐν
560 3540 763 3608 τοιούτῳ
797 3535 923 3592 εἶναι
961 3536 1201 3602 dicatur,
1243 3536 1396 3591 cuius
1430 3537 1713 3591 locutionis
1747 3555 1908 3611 supra
1942 3539 2142 3611 aliquot
2164 3558 2333 3595 exem·

308 3676 315 3682 ,
368 3632 451 3703 pla
494 3629 806 3692 attulimuS,
846 3624 1004 3680 verba
1044 3625 1295 3682 additicia
1336 3643 1470 3697 quae
1510 3628 1827 3682 sententiam
1863 3637 2085 3683 onerant
2120 3646 2327 3684 mecum
