2436 4068
1053 247 1156 299 129

186 389 514 462 Antiphanes
552 389 694 462 apud
733 384 928 444 Athen.
970 407 1023 461 p.
1067 393 1195 446 329.
1239 391 1303 448 Ε.

374 480 555 543 Δήμου
593 479 637 532 δ’
675 479 921 539 *Λλαιεύς
960 479 1084 535 ε’ςιν.
1142 489 1199 533 Β.
1243 477 1295 533 ἓν
1333 480 1439 548 γαρ
1475 479 1630 534 τοῦτο’
1667 488 1753 546 μοι

370 568 429 620 τὸ
468 568 645 622 λοιπόν
685 569 793 631 ε’ςι,
830 567 919 621 καὶ
959 572 1128 627 κακῶς
1167 569 1474 634 άκούσομαι.

109 656 163 709 in
182 661 280 710 EN
302 653 432 708 latet
450 662 603 718 ΕΤῙ,
646 654 722 709 ἔτι
751 656 858 722 γάρ
884 654 1041 708 τοῦτο’
1065 675 1180 720 μοι,
1219 674 1405 728 nempe
1431 655 1525 711 Ιιοο
1554 656 1718 711 etiam
1750 654 1882 710 mihi
1908 662 2084 710 restat.
2141 694 2145 699 ,

182 742 329 797 Idem
371 740 514 814 apud
553 741 752 796 Pollue.
793 741 884 795 IX.
922 744 1011 796 48.

482 831 542 884 ἐκ
578 834 678 883 τῶν
714 829 1025 895 μαγειρεΙων
1061 831 1288 899 βαδίζων
1327 834 1579 899 ἐμβαλών

479 919 552 978 εἷς
591 913 796 983 τοῦψον.

103 1006 228 1062 libri
266 1005 575 1072 ἐμβάλλων.
653 1004 832 1058 Malim
872 1006 1112 1071 ἐμβαλῶ.
1191 1005 1392 1061 Eodem
1440 1007 1597 1062 modo
1635 1007 1837 1062 dicitur
1876 1008 2087 1075 ἐμβάλ-

101 1109 210 1151 λειν
258 1095 330 1155 εἰς
377 1091 566 1162 τοῦψον
618 1100 782 1164 atque
829 1093 1169 1147 notissimum
1219 1094 1515 1160 ἐμβάλλειν
1565 1097 1636 1156 εἷς
1688 1096 1901 1164 άγοράν.
1981 1097 2086 1152 De-

104 1182 299 1239 mosth.
331 1200 384 1255 p.
422 1185 556 1245 752,
598 1184 687 1236 21.
734 1185 872 1245 751,
913 1183 1001 1235 25.
1040 1181 1291 1236 Aeschin.
1326 1183 1381 1236 in
1419 1182 1557 1237 Tim.
1597 1182 1636 1255 S
1681 1187 1803 1238 164.
1846 1186 2082 1257 Lyeurg.

30 1251 45 1285 ²
102 1273 156 1327 in
204 1271 389 1327 Leoer.
444 1269 484 1344 S
530 1275 582 1326 5.
635 1270 852 1337 αἰσχρὸν
900 1264 1030 1322 εἶναι
1091 1270 1305 1335 νομίσας
1362 1274 1541 1324 τοῦτον
1589 1275 1821 1340 περιορᾶν
1865 1273 1937 1333 εἷς
1989 1273 2082 1334 τὴν

98 1361 295 1428 ἀγορὰν
328 1358 702 1425 ἐμβάλλοντα,
739 1364 794 1412 et
833 1355 978 1411 alibi.

170 1447 499 1519 Antiphanes
538 1445 732 1501 Athen.
772 1462 821 1516 p.
860 1448 988 1500 401.
1029 1443 1088 1498 F.
1130 1443 1326 1498 dixisse
1369 1451 1596 1516 putatur

22 1574 41 1583 -1
467 1534 649 1600 λαβὼν
688 1530 931 1595 ἐπανάξω
970 1532 1193 1599 σύαγρον
1233 1533 1305 1594 εἰς
1344 1534 1437 1596 την
1474 1534 1662 1599 οἰκίαν,

22 1655 32 1659 -
93 1623 187 1680 sed
233 1623 373 1679 dixit
423 1621 676 1686 ἐπανήξω.

39 1709 44 1715 ’
168 1710 431 1767 Similiter
471 1727 577 1766 una
616 1708 856 1764 litterula
895 1707 1211 1779 corrigenda
1251 1716 1333 1763 est
1373 1710 1427 1763 in
1471 1710 1654 1766 eodem
1696 1709 1840 1782 apud
1881 1707 2076 1764 Athen.

97 1817 147 1872 p.
184 1804 309 1855 257.
344 1799 405 1855 F.

468 1888 534 1942 ἂν
573 1885 602 1953 ᾖ
642 1887 701 1940 τὸ
740 1884 1052 1952 σιτάρχημα
1090 1886 1287 1939 δεῖπνον
1326 1886 1600 1953 εὐτρεπές,

97 1978 204 2031 imo
255 1992 380 2030 vero
431 1974 759 2042 σιτάρκημα,
817 1971 1268 2044 quemadmodum
1323 1974 1565 2042 σιταρκιά
1617 1982 1672 2029 et
1722 1976 2070 2043 σιταρκεῖσθαι

90 2062 430 2119 scribendum
454 2070 560 2124 est,
597 2061 684 2116 ubi
708 2059 954 2116 Graeculi
978 2062 1230 2129 σιταρχία
1257 2067 1309 2116 et
1331 2064 1693 2130 σιταρχεῖσθαι
1715 2063 2071 2134 scripserunt.

166 2151 224 2206 ln
262 2151 368 2205 alio
407 2149 707 2220 fragmento
746 2148 985 2203 eiusdem
1026 2148 1167 2219 apud
1207 2148 1398 2204 Athen.
1438 2167 1487 2221 p.
1529 2154 1655 2205 448.
1698 2151 1758 2205 Ε.

903 2234 1059 2291 ὁπότε
1097 2237 1475 2304 προστάττοιτό
1511 2260 1590 2300 τις

423 2325 599 2390 λέγειν
638 2323 829 2393 ἐφεξῆς
869 2320 900 2377 5'
933 2345 983 2378 τι
1023 2325 1189 2393 φέρων
1228 2347 1307 2387 τις
1346 2329 1420 2392 μὴ
1461 2327 1632 2396 φέρει,

48 2413 254 2482 :Codex
289 2413 525 2469 exhibet:
567 2413 723 2467 ὁπότε
772 2411 1091 2480 προςάξεταί
1129 2434 1235 2476 τις,
1298 2415 1352 2468 in
1394 2431 1501 2486 quo
1542 2414 1695 2470 latet:
1747 2416 1902 2471 ὁπότε
1955 2437 2069 2484 προ·

23 2499 263 2571 “Ϊ··ςάξειε’
302 2523 398 2563 τις.

53 2570 66 2623 5
157 2591 311 2647 loeus
350 2591 507 2662 periit
551 2606 652 2645 non
690 2589 941 2644 inficetus
973 2590 1026 2643 in
1069 2589 1392 2663 Antiphanis
1420 2589 1661 2645 versibus
1690 2591 1833 2662 apud
1868 2592 2062 2648 Athen.

30 2669 138 2755 ’,ζμ
178 2683 307 2737 505.
349 2680 408 2734 F.
474 2730 477 2732 ,

30 2752 41 2804 ’·
88 2794 106 2807 ·
571 2770 595 2821 ὁ
633 2769 728 2833 μὲν
768 2769 911 2835 άγρῷ
951 2767 1263 2836 τρεφόμενος

306 2855 583 2911 θαλάττιον
624 2857 719 2921 μὲν
759 2853 901 2917 οὗτος
942 2857 1080 2911 οὐδὲν
1119 2857 1271 2910 ἐσθίει

37 2956 41 2962 ’
91 2972 105 2984 ·
304 2947 442 3007 πλην
479 2949 579 2998 τῶν
617 2943 763 3010 παρὰ
801 2951 931 3008 γῆν,
971 2944 1197 3012 γόγγρον
1237 2946 1351 3008 τιν’,
1391 2945 1421 3008 ἢ
1461 2944 1645 3014 νάρκην
1684 2948 1797 3011 τιν’,
1837 2947 1866 3009 ἤ

302 3033 476 3095 θύννης
515 3033 587 3087 τοὶ
626 3033 748 3098 πρὸς
788 3040 871 3102 τῇ.
935 3041 988 3087 Β.
1032 3039 1190 3095 ποῖα,
1232 3041 1299 3087 A.
1339 3032 1676 3089 τακάτωθεν
1713 3034 1874 3099 λέγω.

39 3116 51 3167 J
154 3120 475 3197 lleinekius:
521 3120 621 3174 »ad
658 3129 723 3189 τῇ
763 3119 996 3192 intelliqe
1034 3121 1193 3191 οὑρᾷ”
1239 3119 1380 3192 qnod
1421 3120 1727 3177 inauditum
1779 3130 1862 3178 est
1914 3123 2060 3196 ellip-

43 3218 197 3266 ’1008
229 3226 415 3281 genus,
483 3208 687 3263 Codex:
728 3209 800 3263 τὰ
844 3210 973 3276 πρὸσ
1006 3217 1107 3272 τῆσ
1146 3229 1290 3264 ποια.
1362 3209 1628 3266 Emendat
1672 3211 1745 3265 τα
1780 3211 1901 3279 πρὸς
1937 3219 2054 3276 γῆς.

56 3296 138 3389 (Ι.
170 3305 322 3358 ποῖας
360 3296 554 3368 Lepide
593 3297 735 3350 enim
772 3297 843 3351 τά
883 3296 1109 3352 κάτωθεν
1151 3298 1224 3352 ita
1269 3297 1555 3369 appellavit
1608 3315 1702 3370 per
1745 3299 1939 3354 iocum.
1981 3300 2053 3353 τά

64 3385 199 3453 Ὦρος
231 3393 331 3451 γῆς
366 3384 570 3438 dietum
603 3390 684 3440 est
720 3392 779 3439 ut
811 3385 882 3439 τοὶ
916 3387 1038 3452 πρὸς
1079 3387 1268 3450 ποδῶν,
1307 3386 1380 3440 τα
1414 3388 1535 3453 πρὸς
1575 3387 1718 3442 νότον
1752 3393 1806 3441 et
1839 3386 2052 3441 similia.

64 3461 273 3531 ¹«Eodem
316 3474 427 3527 ioco
465 3475 537 3527 τά
569 3472 753 3528 ἄνωθεν
791 3473 916 3541 μέρη
956 3473 1155 3529 dixeris
1192 3475 1263 3528 τά
1304 3476 1424 3542 πρὸς
1464 3477 1688 3542 οὐρανοῦ.
1772 3475 2054 3529 Praeterea

80 3556 135 3615 ln
176 3561 347 3631 primo
386 3577 541 3616 versu
580 3562 766 3634 supple
805 3563 828 3616 ὅ
866 3564 961 3627 μὲν
1004 3562 1096 3635 (ἐν)
1137 3565 1279 3629 άγρῷ
1319 3562 1650 3631 τρεφόμενος.

151 3647 330 3703 Multis
369 3648 538 3703 modis
572 3649 772 3705 librarii
810 3650 1035 3722 grassati
1087 3656 1212 3704 sunt
1267 3652 1317 3704 in
1367 3650 1685 3721 Antiphanis
1732 3649 2058 3705 facetissinm

1688 3743 1721 3772 ll
