2436 4068
1302 230 1408 278 558

389 375 563 443 λόχων
617 375 852 443 εὐζώνους
906 372 991 426 καὶ
1045 372 1199 432 αὐτὸς
1256 373 1350 436 μὲν
1405 371 1655 441 ἐτρόχαζε
1711 373 1916 434 τούτους
1962 373 2114 443 ἔχων.
2206 376 2361 432 Dices

391 463 617 518 fortasse
657 479 720 516 ex
761 461 861 514 hoc
900 459 1014 513 loco
1055 464 1107 512 et
1159 457 1276 512 aliis
1318 459 1585 513 similibus
1631 477 1734 513 non
1777 461 1931 530 plane
1981 463 2168 518 confici
2207 482 2361 535 posse

394 550 534 622 quod
574 550 855 612 volumus,
911 562 1143 616 namque
1192 545 1326 599 nihil
1378 547 1638 618 impedire
1684 565 1788 619 quo
1828 550 2007 603 minus
2062 552 2361 608 iunioribus

396 639 506 692 dux
545 643 717 691 aetate
769 636 1065 705 provectior
1101 634 1516 705 praeficeretur,
1570 635 1660 690 sed
1715 636 1842 706 quid
1883 636 2045 693 facies
2085 638 2173 691 illo
2213 639 2361 705 loco,

394 727 486 797 qui
527 726 724 795 legitur
765 723 850 777 VI.
891 739 960 775 lv.
1004 725 1090 776 25.
1133 724 1155 775 ὁ
1197 728 1424 792 Ξενοφῶν
1465 755 1538 764 -
1576 724 1771 788 ἐβοήθει
1820 727 1906 778 καὶ
1959 728 2009 779 οἱ
2063 724 2263 780 ἄλλοι
2317 730 2360 782 οἱ

391 813 549 880 μέχρι
589 811 862 879 τριάκοντα
911 812 1034 864 ἐτῶν
1084 807 1334 871 ἅπαντες.
1415 810 1710 866 videturne
1762 812 1858 866 tibi
1899 813 2135 867 dubitari
2175 832 2360 886 posse,

391 903 521 972 quin
564 898 856 970 Xenophon
897 915 1106 969 quoque
1144 899 1257 970 ipse
1298 899 1352 951 in
1391 915 1575 952 eorum
1634 917 1856 953 numero
1911 900 2075 955 fuerit
2129 904 2221 973 qui
2260 903 2359 968 με’-

389 1011 477 1058 χρι
533 986 807 1055 τριάκοντα
865 988 987 1040 ἑτῶν
1038 1003 1151 1040 esse
1205 985 1499 1049 dicuntur,
1556 994 1608 1040 et
1663 989 1852 1042 aetatis
1897 1005 2099 1044 annum
2146 993 2359 1061 trigesi-

390 1094 540 1131 mum
592 1074 830 1128 nondum
881 1074 1168 1146 egressus?
1250 1074 1509 1145 Equidem
1553 1091 1656 1129 non
1707 1075 1858 1130 video
1911 1078 2175 1148 quomodo
2230 1079 2361 1134 haec

388 1165 550 1220 verba
587 1163 743 1217 aliter
799 1163 970 1234 accipi
1014 1161 1347 1232 intelligique
1396 1163 1616 1233 possint.
1696 1163 1776 1217 Ex
1829 1163 1910 1218 his
1959 1166 2128 1235 igitur
2173 1167 2360 1221 simili-

387 1253 594 1324 busque
629 1250 842 1304 indiciis
873 1267 938 1305 ex
972 1251 1085 1321 ipsa
1111 1249 1340 1304 Anabasi
1381 1249 1647 1313 collectis,
1686 1250 1881 1321 quibus
1922 1259 1972 1305 et
2013 1254 2239 1323 singulis
2279 1271 2360 1308 sa-

390 1343 459 1396 tis
512 1348 591 1395 est
643 1338 893 1411 ponderis
944 1345 996 1392 et
1046 1338 1298 1391 universa
1350 1354 1563 1391 omnem
1617 1338 2004 1394 dubitationem
2055 1359 2121 1395 ex
2167 1343 2363 1397 animis

389 1429 624 1483 eximere
665 1426 888 1491 debent,
930 1427 1004 1479 ita
1044 1432 1162 1479 tuto
1195 1425 1321 1480 licet
1362 1433 1598 1479 statuere
1647 1427 2089 1497 Xenophontem,
2149 1431 2361 1500 qualem

390 1534 514 1574 eum
555 1517 609 1568 in
647 1514 878 1568 Anabasi
917 1514 1316 1584 conspicimUS,
1372 1514 1611 1568 nondum
1652 1515 1991 1584 trigesimum
2034 1521 2224 1572 aetatis
2268 1535 2361 1572 an-

388 1621 517 1658 num
563 1603 772 1673 egisse,
813 1601 900 1656 sed
945 1602 1122 1672 potius
1167 1617 1274 1654 uno
1314 1601 1587 1673 alteroque
1629 1617 1769 1656 anno
1821 1603 1921 1658 hac
1974 1614 2147 1660 aetate
2197 1605 2363 1661 fuisse

391 1692 718 1746 inferiorem.

463 1780 577 1834 Non
612 1785 692 1833 est
732 1776 888 1849 plane
922 1776 1132 1830 silentio
1170 1777 1620 1848 praetereundum
1657 1778 1993 1850 Xenophonti
2029 1781 2202 1836 nullos
2240 1788 2360 1837 tum

389 1869 554 1923 fuisse
606 1866 802 1920 liberos
841 1864 932 1918 sed
968 1881 1090 1918 eum
1140 1865 1204 1918 de
1260 1865 1479 1929 liberis,
1520 1882 1652 1937 quos
1713 1866 1814 1920 sibi
1860 1867 2134 1938 aliquanto
2189 1877 2365 1941 speret

394 1955 891 2018 esseynascituros.
949 1959 1009 2006 ut
1049 1952 1112 2006 de
1167 1970 1222 2007 re
1262 1953 1518 2024 probabili
1576 1961 1627 2007 et
1679 1954 1832 2009 facile
1884 1965 2140 2010 eventura
2184 1957 2362 2013 dicere

392 2045 507 2099 Vll.
549 2061 620 2098 Vl.
667 2046 755 2096 54.
818 2040 923 2114 (τὸν
963 2039 1175 2113 Σεύθην)
1219 2041 1428 2108 ἤλπιζον
1469 2039 1524 2094 εὖ
1565 2045 1780 2106 ποιήσοις
1821 2046 1934 2109 μεθ’
1982 2047 2116 2110 ὑμῶν
2152 2047 2366 2115 οὶποςρο-

393 2136 498 2203 φὴν
535 2133 620 2185 καὶ
676 2131 786 2195 ἐμοὶ
839 2131 1003 2191 καλήν
1050 2129 1135 2182 καὶ
1178 2131 1393 2192 παισὶν,
1451 2133 1505 2184 εἰ
1556 2131 1890 2195 γένοιντο,
1943 2135 2364 2197 καταθήσεσθαι,

395 2237 531 2292 quae
584 2225 767 2272 utrum
822 2217 1015 2271 melius
1068 2219 1388 2280 conveniant
1442 2219 1556 2270 viro
1616 2219 2088 2290 quadragesimum
2145 2224 2364 2278 tertium

392 2308 589 2363 >aetatis
631 2322 831 2360 annum
875 2306 1056 2375 agenti
1096 2323 1164 2359 an
1219 2306 1536 2359 vicesimum
1597 2312 1844 2360 octavum
1903 2325 2171 2364 nonumve
2223 2311 2366 2365 iudi—

397 2399 542 2451 cium
583 2393 802 2448 cuilibet
836 2392 1026 2446 lubens
1067 2394 1335 2464 permitto.

473 2484 674 2538 Verum
712 2481 983 2535 undenam
1018 2480 1233 2534 tandem
1273 2481 1375 2534 ista
1413 2482 1590 2552 opinio
1630 2489 1756 2537 nata
1792 2490 1872 2537 est
1913 2483 1978 2538 de
2019 2484 2368 2556 Xenophonte
2433 2524 2436 2544 ÷

401 2571 757 2644 quadraginta
810 2569 942 2622 duos
981 2568 1266 2621 minimum
1323 2586 1489 2622 annos
1538 2578 1661 2623 nato
1703 2589 1866 2642 quum
1909 2572 1974 2625 ad
2015 2573 2212 2646 Cyrum
2254 2592 2371 2646 pro·

403 2658 775 2715 licisceretur?
818 2658 913 2711 Est
954 2671 1143 2726 operae
1182 2658 1413 2727 pretium
1455 2657 1518 2711 de
1552 2675 1612 2712 ea
1653 2676 1709 2712 re
1748 2660 1932 2729 paucis
1973 2660 2166 2715 dicere.
2221 2662 2373 2717 Nem·
2420 2678 2436 2738 η]

405 2766 470 2820 pe
505 2749 764 2818 Diogenes
812 2744 1059 2798 Laertius
1112 2750 1164 2797 et
1220 2744 1410 2799 Strabo
1461 2747 1748 2801 memoriae
1794 2747 2142 2817 prodiderunt
2200 2752 2374 2806 Xeno-

405 2837 660 2908 phontem
702 2831 1011 2886 interfuisse
1048 2831 1246 2902 proelio
1289 2831 1487 2886 infelici
1542 2833 1606 2886 ad
1654 2834 1862 2888 Delium
1906 2842 1958 2889 et
1999 2837 2052 2890 in
2094 2838 2185 2892 illa
2225 2840 2374 2896 clade
2422 2858 2431 2902 ,j

409 2941 473 2978 ex
512 2939 647 2993 equo
691 2921 967 2990 delapsum
1010 2937 1041 2972 a
1079 2919 1296 2974 Socrate
1343 2922 1613 2991 praesenti
1671 2924 1832 2976 exitio
1888 2922 2054 2978 fuisse
2109 2935 2372 2999 ereptum.

2420 2754 2436 2814 ιέ

2420 2844 2436 2855 *e

2415 2914 2436 2938 ,ἰ

2412 2943 2423 2964 ὦ

410 3010 707 3065 Audiamus
760 3009 1042 3078 utriusque
1089 3009 1474 3062 testimonium.
1555 3010 1816 3079 Diogenes
1869 3013 1943 3066 ita
1983 3012 2112 3067 dicit
2159 3016 2212 3068 in
2267 3019 2375 3072 vita
2411 3009 2433 3079 ᾗς,

415 3097 650 3153 Socratis
687 3096 752 3149 II.
806 3099 896 3151 22.
957 3097 979 3148 ὂ
1034 3095 1311 3162 Σωκράτης
1370 3097 1716 3162 ἑςρατεύσατο
1774 3101 1843 3160 εἷς
1903 3102 2226 3168 Ἀμφίπολιν
2288 3107 2376 3159 καὶ
2411 3158 2423 3186 2

416 3187 717 3255 Ξενοφῶντα
757 3185 856 3252 ἀφ’
895 3181 1053 3236 ἵππου
1093 3182 1321 3236 πεσόντα
1362 3185 1411 3236 ἐν
1450 3191 1515 3251 τῇ
1552 3186 1695 3239 κατα
1730 3188 1917 3250 Δήλιον
1952 3187 2108 3258 μάχῃ
2147 3191 2379 3246 διέσωσεν
2414 3187 2427 3252 ³:

414 3274 710 3339 ὑπολαβών.
808 3271 1160 3341 Perspicuum
1215 3287 1341 3323 sane
1410 3280 1492 3324 est
1560 3278 1613 3325 et
1669 3273 1930 3328 disertum
1989 3279 2377 3335 testimonium.

414 3362 556 3416 Nihil
604 3368 784 3414 tamen
837 3357 1145 3412 huiusmodi
1185 3357 1238 3410 in
1291 3359 1399 3412 vita
1461 3359 1826 3430 Xenophontis
1886 3362 2048 3417 refert
2097 3367 2199 3419 nisi
2241 3367 2380 3438 quod
2408 3351 2420 3380 ’

415 3450 541 3503 alibi
582 3466 636 3502 se
674 3446 935 3518 reperisse
971 3444 1160 3499 scribit
1205 3444 1448 3500 floruisse
1491 3447 1892 3517 Xenophontem
1933 3452 2076 3506 circa
2125 3456 2378 3525 octogesi-

415 3555 557 3591 mam
615 3553 811 3590 nonam
863 3532 1259 3606 Olympiadem:
1320 3531 1457 3601 εῧρον
1496 3535 1547 3588 δὲ
1604 3538 1866 3603 ἀλλαχόθι
1927 3540 2167 3606 ἀκμάσαι
2225 3543 2380 3597 αὐτὸν

415 3626 526 3693 περὶ
569 3626 659 3687 τὴν
699 3621 882 3685 ε’νοέτήν
924 3622 1009 3676 καὶ
1068 3622 1370 3686 ὂγδοήκοςὴν
1411 3624 1752 3690 Ὀλυμπιάδα
1786 3626 1850 3682 Π.
1893 3631 1983 3686 59.
2026 3629 2080 3685 id
2117 3637 2199 3686 est
2238 3632 2380 3686 circa
