2436 4068
1013 206 1117 257 507

94 349 413 419 σπαρμένους
459 347 656 420 [ὄντας]
701 348 817 410 τοὺς
855 351 1040 416 ψιλοὺς
1077 349 1307 412 ἐδίωκον,
1349 347 1523 419 palam
1562 355 1643 402 est
1676 348 1827 411 ὄντας
1865 351 1943 405 sic
1980 368 2065 423 po·

91 440 257 494 situm
308 452 500 491 sanum
550 453 667 493 esse
703 452 807 492 non
850 453 1037 508 posse,
1074 436 1257 508 itaque
1289 443 1384 491 aut
1431 435 1715 491 delendum
1751 445 1832 492 est
1879 446 1973 493 aut
2014 440 2068 494 in

91 527 281 586 ἰδόντες
331 523 674 580 mutandum.
751 524 811 579 In
846 523 887 578 1.
928 542 996 578 iv.
1041 528 1090 578 4.
1145 531 1292 579 reete
1337 541 1594 581 censuere
1650 526 1753 580 viri
1807 525 1949 580 docti
1986 544 2071 582 ex-

92 612 379 685 pungenda
417 628 533 667 esse
572 611 731 665 verba
765 613 825 666 τὸ
866 612 919 666 δὲ
962 611 1174 678 κάρανον
1216 612 1291 670 ἔςι
1341 614 1502 680 κύριον
1525 656 1540 676 ,
1583 630 1720 685 quae
1759 614 1922 669 verba
1970 615 2071 669 mi-

91 718 182 756 ror
221 699 485 772 quomodo
542 699 832 755 retinuerit
882 697 1206 754 Dindorfius.
1295 699 1351 755 Si
1406 702 1675 756 neminem
1736 700 1836 756 hoc
1895 710 2072 757 movet

92 787 233 861 quod
270 789 438 844 otiosa
490 794 619 843 sunt
657 793 712 843 et
752 802 1084 858 supervacua
1122 794 1176 841 et
1215 803 1436 858 prorsus
1476 790 1726 855 inutilia,
1766 798 1821 844 at
1860 789 2073 845 dicendi

91 893 262 948 genus
299 876 496 932 clamat
534 891 597 930 ea
636 873 798 929 verba
835 890 954 928 esse
990 874 1330 946 interpolata.
1412 877 1543 944 Quis
1582 877 1837 932 Veterum
1880 880 1959 933 sic
1995 879 2073 932 lo-

91 964 312 1036 quitur?
393 964 525 1031 Quis
556 964 718 1031 κύριον
757 979 818 1018 eo
855 978 1016 1017 sensu
1055 963 1133 1016 sic
1185 964 1363 1035 posuit
1400 966 1696 1036 umquam?
1759 969 1914 1037 quasi
1948 985 2073 1022 vero

90 1053 251 1119 κύριος
292 1059 346 1106 et
374 1052 628 1114 δεσπότης
664 1050 843 1106 dicere
882 1049 1104 1121 perinde
1136 1058 1312 1117 esset,
1357 1058 1411 1107 et
1445 1053 1698 1115 δεσπότης
1748 1054 1812 1108 de
1846 1071 1937 1118 eo,
1978 1057 2071 1126 qui

90 1155 214 1194 cum
250 1140 476 1213 imperio
515 1147 631 1205 est,
671 1139 779 1194 dici
813 1146 1011 1210 posset.
1089 1139 1151 1195 ln
1189 1140 1234 1196 1.
1267 1156 1334 1194 ιν.
1383 1145 1468 1197 15.
1511 1141 1755 1206 λέγοντες
1791 1145 1834 1196 οἱ
1874 1144 1967 1207 μὲν
2008 1146 2072 1205 ὡς

89 1228 328 1297 κράτιςος
365 1228 443 1291 εἴη
477 1233 575 1283 τῶν
597 1234 818 1284 πολιτῶν
838 1226 926 1282 καὶ
966 1227 1114 1294 μόνος
1162 1227 1486 1301 [ἀπελογήθη
1521 1230 1609 1302 ὡς]
1655 1233 1710 1285 οὐ
1735 1232 1936 1292 δικαίως
1969 1231 2074 1300 φύ-

89 1337 204 1383 γοι,
244 1317 625 1382 ἐπιβουλευθεὶς
664 1317 716 1371 δὲ
768 1318 867 1372 ὑπὸ
906 1321 1004 1372 τῶν
1050 1316 1270 1372 ἔλαττον
1309 1318 1495 1373 ἐκείνου
1535 1318 1854 1384 δυναμένων,
1895 1320 2074 1374 nescio

88 1404 234 1461 unde
273 1403 412 1459 male
461 1403 569 1458 huc
620 1403 808 1475 pedem
858 1404 1143 1459 intulerint
1194 1406 1502 1478 importuna
1558 1406 1716 1462 verba
1770 1409 2073 1473 ἀπελογήθη

88 1496 186 1558 ὦς,
234 1492 430 1565 quibus
469 1489 658 1546 deletis
701 1494 882 1547 omnia
937 1494 1237 1549 rectissime
1280 1494 1594 1567 procedunt.
1676 1496 1842 1550 Attici
1890 1512 2075 1550 omnes
2148 1528 2149 1531 =

86 1580 339 1637 dicebant
380 1581 755 1645 ἀπελογήσατο
793 1587 849 1635 et
886 1580 1212 1638 deterrimus
1263 1584 1490 1654 quisque
1535 1584 1846 1655 sequiorum
1903 1582 2078 1640 forma

84 1670 280 1725 vitiosa
327 1670 632 1734 ἀπελογήθη
688 1669 877 1723 utitur.
960 1671 1241 1726 Praeterea
1292 1671 1636 1727 scribendum
1685 1673 2072 1738 ἐπιβουλευθείη

86 1774 183 1830 pro
230 1759 648 1824 ἐπιβουλευθείς,
708 1757 1012 1813 cuiusmodi
1065 1775 1216 1813 error
1259 1777 1416 1832 saepe
1470 1759 1607 1814 mihi
1664 1761 2075 1816 animadversus

82 1853 183 1900 est.
241 1846 406 1900 Miror
446 1846 834 1901 Scltneiderum
872 1853 1250 1902 annotantem:
1295 1847 1734 1920 »ἐπιβουλευθείς]
1782 1849 1894 1902 scil.
1937 1849 2073 1911 εἴη.”

84 1933 218 2002 Quis
257 1933 571 1989 huiusmodi
607 1933 737 2005 quid
783 1932 920 1988 vidit
972 1950 1231 2007 umquam
1286 1943 1381 1991 aut
1430 1936 1546 1991 fieri
1593 1937 1834 2007 potuisse
1881 1937 2076 1993 intelli-

82 2022 204 2095 gss?
282 2022 467 2095 Neque
517 2022 593 2086 εἴη
649 2023 830 2079 omitti
878 2030 1057 2095 potest
1108 2031 1161 2080 et
1211 2025 1594 2092 ἐπιβουλευθεὶς
1646 2023 1721 2086 εἴη
1782 2023 2073 2081 ridiculum

84 2118 184 2167 est.
261 2111 325 2166 ln
360 2109 488 2166 solis
543 2110 795 2182 perlectis
834 2112 910 2166 ita
943 2111 1302 2183 loquebantur
1344 2114 1464 2167 auri
1500 2112 1857 2167 consulentes.
1938 2113 2074 2169 Vide

83 2200 125 2254 1.
166 2216 237 2255 iv.
279 2202 332 2254 2.
385 2199 721 2266 πεπραγότες
758 2197 859 2254 εἷεν
898 2207 953 2255 et.
990 2201 1032 2256 I.
1076 2218 1124 2255 v.
1168 2205 1218 2256 2.
1272 2200 1453 2267 ἔλεγον
1493 2198 1530 2256 ἃ
1571 2204 1856 2266 πεποιηκὼς
1901 2204 1978 2267 εἴη
2019 2211 2074 2259 et

82 2288 281 2361 passim
342 2286 491 2343 alibi.
570 2286 828 2344 Eiusdem
881 2290 1082 2345 erroris
1136 2289 1242 2344 duo
1293 2289 1398 2345 alia
1448 2291 1688 2363 exempla
1739 2291 1870 2348 haec
1919 2293 2071 2349 vide:

83 2375 228 2449 apud
266 2374 459 2431 Athen.
502 2373 644 2431 XIII.
688 2393 737 2450 p.
770 2380 897 2434 600.
937 2379 1087 2444 λέγει
1121 2379 1175 2434 δὲ
1221 2379 1308 2434 καὶ
1345 2379 1370 2434 ὃ
1423 2380 1670 2445 Ἀλκμὰν
1708 2383 1772 2442 ὡς
1822 2388 1916 2445 τῆς
1962 2391 2073 2437 Με-

81 2465 418 2534 γαλοςρὼτης
466 2465 772 2533 συμμέτρως
815 2466 1042 2533 ἐρασθείς
1064 2508 1079 2531 ,
1119 2466 1275 2522 viden
1316 2468 1544 2535 ἐρασθείη
1587 2469 1836 2540 requiri?
1917 2471 2073 2526 Prae·

84 2562 233 2609 terea
271 2569 469 2608 novum
503 2560 556 2608 et
597 2553 901 2611 inauditum
936 2556 1136 2611 amoris
1172 2572 1344 2626 genus
1382 2562 1464 2611 est
1497 2557 1556 2611 τὸ
1593 2559 1899 2626 συμμέτρως
1937 2561 2072 2627 ε’ρῖιν.

8 2704 10 2706 ,
84 2642 343 2697 Novimus
383 2640 513 2713 quid
552 2643 623 2696 sit
658 2643 776 2710 ἐρᾶν
813 2645 1065 2711 μετρίως,
1106 2643 1198 2700 sed
1234 2644 1538 2712 συμμέτρως
1574 2645 1704 2717 quid
1725 2647 1872 2700 sitin
1911 2664 1974 2703 ea
2014 2666 2072 2703 re

82 2731 224 2786 scire
279 2729 528 2802 equidem
582 2729 817 2786 arbitror
875 2733 1167 2788 neminem.
1249 2732 1518 2788 Emenda:
1579 2736 1634 2788 οὐ
1687 2736 1904 2802 μετρίως
1959 2738 2071 2805 ε’ρα-

82 2820 252 2883 σθείη,
293 2817 435 2890 quod
471 2835 572 2872 non
607 2826 686 2872 est
719 2819 772 2872 in
797 2826 952 2891 poeta
989 2819 1325 2886 mirandum,
1366 2823 1682 2893 praesertim
1717 2825 1770 2878 in
1799 2841 1859 2879 eo
1889 2832 2073 2896 poeta,

7 2933 14 2956 ·.
82 2922 242 2978 quem
283 2914 492 2963 constet
532 2906 697 2963 fuisse
745 2907 1001 2966 ἀκόλαςον
1041 2909 1152 2976 περὶ
1191 2909 1291 2969 τὰς
1324 2918 1615 2975 γυναῖκας,
1656 2918 1794 2967 teste
1834 2913 2073 2988 Archyta

8 3010 11 3019 ³
85 2994 228 3067 apud
270 2994 461 3051 Athen.
505 2994 536 3049 l.
579 2994 611 3050 l.

159 3083 403 3139 Alterum
444 3083 747 3155 exemplum
782 3093 865 3139 est
909 3085 961 3140 in
1006 3084 1269 3140 Herodoto
1304 3085 1399 3142 ΙΙΙ.
1443 3090 1532 3142 27.
1586 3090 1629 3143 οἱ
1662 3088 1715 3143 δὲ
1748 3087 1968 3157 ἔφραζον
2009 3089 2073 3151 ὥς

84 3177 183 3241 σφι
220 3174 323 3232 θεὸς
363 3171 456 3234 εἴη
504 3172 735 3241 φανεὶς
776 3174 861 3228 διὰ
890 3172 1071 3242 χρόνου
1110 3179 1305 3229 πολλοῦ
1339 3177 1494 3238 ἐωθὼς
1528 3177 1909 3245 ἐπιφαίνεσθαι.
1972 3177 2073 3230 Pro

83 3268 472 3317 ΕΙΗΦΑΝΕΙΣ
512 3261 736 3317 emenda
777 3262 1074 3331 ἐπιφανείη.
1155 3262 1287 3330 Quis
1331 3266 1471 3320 serio
1514 3265 1695 3321 credet
1736 3281 1832 3336 pro
1881 3265 2069 3333 φανείη

87 3348 193 3403 dici
237 3367 389 3421 posse
434 3351 510 3413 εἴη
557 3350 778 3419 (paul-5?
860 3352 1148 3422 Postquam
1194 3361 1315 3408 ΕΠΙ
1359 3354 1413 3408 in
1453 3362 1574 3408 EIH
1616 3353 1748 3408 abiit
1801 3358 2072 3405 corrector

87 3436 262 3491 locum
304 3440 543 3494 restituit
594 3438 820 3494 scilicet.
902 3438 961 3493 ln
1001 3439 1201 3495 Hellen.
1237 3440 1325 3495 lv,
1370 3460 1404 3496 t.
1450 3446 1537 3497 40.
1594 3459 1689 3514 pro
1731 3440 1979 3506 ἐγκριθείη
2015 3439 2069 3494 in

83 3524 208 3579 Cod.
248 3525 518 3582 Marciano
558 3529 802 3595 ἑγκριθείς
842 3527 1106 3598 scriptum
1143 3536 1261 3592 est,
1306 3538 1359 3586 et
1395 3530 1520 3586 alibi
1558 3547 1711 3601 saepe
1751 3527 1887 3582 idem
1927 3543 2072 3584 men·

87 3612 214 3669 dum
256 3615 502 3670 recurrit.
