2436 4068
1115 172 1140 186 υ

1038 170 1143 220 640

110 323 361 394 ponitur,
403 318 562 389 idque
596 313 960 387 reponendum
1005 320 1086 367 est
1122 314 1176 366 in
1217 311 1587 384 Aristophanis
1638 313 1959 390 Thesmoph.
1997 325 2083 376 79.

113 409 205 463 uhi
245 407 473 478 legitur:

420 494 507 548 καὶ
550 494 690 555 πῶς,
729 491 840 545 ἐπεὶ
882 494 966 544 νῦν
1003 495 1060 555 γ’
1096 489 1214 543 οὔτε
1252 490 1323 544 τοὶ
1362 490 1632 559 δικαςήρια

413 582 599 648 μέλλει
638 579 982 646 δικάζειν,
1022 578 1138 631 οὔτε
1176 579 1370 642 βουλῆς
1412 578 1512 632 ἔσθ’
1549 578 1699 646 ἕδρας

111 671 204 727 sed
238 674 311 727 τα
358 671 627 737 δικαςήρια
677 668 864 734 μέλλει
917 666 1223 733 καθίζειν
1281 666 1346 719 ab
1407 667 1521 737 ipso
1571 676 1727 739 poeta
1784 671 2086 743 profectum
2155 670 2158 674 ⁴

109 778 226 816 esse
266 759 517 814 arbitror.

187 849 435 904 Diximus
474 848 692 900 καθεῖσα
730 850 785 899 et
824 842 1041 897 ἐκάθισα
1083 859 1176 914 pro
1226 844 1417 897 καθῖσα
1459 844 1622 898 scribi
1669 845 1871 903 solere:
1912 849 2088 907 affinis

31 929 40 963 ⁵·
110 954 264 992 error
303 937 499 990 misere
534 934 776 1004 corrupit
824 930 1100 985 Plutarchi
1153 930 1328 984 locum
1369 933 1418 984 ἐν
1459 940 1563 993 τοῖς
1602 943 1916 998 Λακωνικοῖς
1956 943 2087 996 ἀπο..

107 1026 384 1095 φθέγμασι
438 1041 490 1095 p.
529 1024 655 1076 212.
711 1021 767 1074 B.
823 1019 1137 1090 AgesilauS,
1199 1020 1411 1090 inquit,
1474 1020 1647 1076 ἔπεισε
1700 1025 1793 1086 τὴν
1851 1028 2088 1098 ἀδελφὴν

31 1130 36 1134 ’
108 1116 363 1171 Κυνίσκαν
394 1114 475 1181 ,εἷς
527 1109 674 1178 ἅρμα
733 1109 1115 1163 καθίσασαν
1167 1109 1528 1172 Ὀλυμπίασιν
1568 1112 1958 1178 ἀγωνίσασθαι,
2001 1117 2089 1173 de-

31 1587 37 1591 ·
24 1289 44 1545 *θ-Δ-ΜΑ-θ·
22 1214 41 1263 ·⁴.*
31 1181 34 1188 -

106 1203 211 1258 leta
247 1202 636 1275 praepositione
671 1197 895 1253 emenda
931 1198 1184 1251 Κυνίσκαν
1225 1195 1372 1264 ἅρμα
1410 1200 1753 1254 καθεῖσαν.
1809 1202 1940 1269 Quis
1974 1221 2088 1261 ver.

106 1291 162 1347 hi
190 1292 416 1347 καθιέναι
457 1291 511 1343 ἰη
548 1305 608 1343 ea
646 1304 703 1342 re
747 1304 902 1341 usum
945 1285 1151 1340 nescit?

184 1381 356 1435 Locus
396 1377 763 1449 Xenophontis
802 1375 890 1430 IV.
933 1379 1035 1436 65,
1088 1373 1319 1443 ἔναγχος
1361 1376 1411 1430 δὲ
1446 1376 1606 1439 δήπου
1653 1377 1741 1432 καὶ
1783 1380 1935 1445 πρὸς
1976 1384 2086 1449 ἐμὲ

108 1470 393 1523 ἐπαινῶν
449 1468 535 1522 τὸν
580 1465 937 1533 Ἡρακλεώτην
979 1463 1117 1526 ξένον
1154 1465 1264 1517 κτὲ.
1292 1505 1307 1526 ,
1347 1467 1546 1535 optime
1586 1465 1918 1521 demonstrat
1957 1487 2088 1542 quo..

107 1555 265 1612 modo
305 1554 659 1626 corrigendus
700 1554 771 1608 sit
810 1552 958 1607 locus
998 1553 1192 1606 incerti
1249 1551 1527 1618 aheim-is,
1587 1555 1678 1624 qui
1722 1552 1947 1625 Longini
1996 1574 2088 1612 no·

107 1646 255 1701 mine
293 1643 717 1708 circumfertur,
775 1642 886 1709 περὶ
939 1639 1097 1709 ὕψους
1151 1657 1264 1711 cap.
1301 1645 1390 1695 44.
1432 1639 1552 1709 ὅπερ
1609 1642 1824 1710 ἐζήτησέ
1871 1652 2088 1705 ’τισι-ῶν

103 1734 407 1803 φιλοσόφων
461 1753 570 1799 προ
589 1731 784 1795 σέναγ
796 1750 955 1798 χος,
996 1728 1284 1782 barbarum
1327 1729 1424 1783 hoc
1477 1730 1693 1801 quidem
1739 1738 1820 1785 est
1860 1733 2088 1791 vocabu-

105 1822 221 1878 lum
262 1821 354 1876 sed
394 1819 773 1890 corrigendum
815 1835 930 1873 esse
980 1824 1202 1890 apparet
1255 1819 1418 1884 πρὸς
1473 1819 1587 1883 ἐμὲ
1638 1818 1950 1887 ἔναγχος,
1992 1825 2087 1894 qui

104 1910 256 1966 locus
297 1909 376 1964 vel
426 1908 572 1963 solus
611 1907 848 1962 declarat
889 1905 1092 1976 fugisse
1145 1907 1407 1961 rationem
1463 1907 1640 1960 virum
1696 1907 1943 1975 doctum,
1992 1913 2086 1982 qui

104 2017 281 2073 nuper
319 1998 472 2053 illum
511 1997 750 2051 libellum
793 2012 821 2050 a
867 1994 1154 2049 Plutarcho
1195 1995 1459 2066 scriptum
1501 2012 1617 2049 esse
1657 1995 1882 2067 probare
1922 2015 2084 2055 cona·-

103 2096 195 2144 tus
234 2094 331 2143 est.
413 2085 735 2141 Plutarchus
773 2100 1067 2154 numquam
1110 2083 1345 2137 scribere
1386 2084 1596 2154 potuit:
1649 2089 1772 2137 τῶν
1812 2089 2083 2152 φιλοσό-

101 2183 240 2247 φων
277 2196 373 2237 τις
414 2174 644 2243 ἐζήτησε
687 2173 846 2240 πρὸς
901 2171 1050 2237 ἐμὲ,
1089 2172 1242 2242 quasi
1286 2187 1410 2224 vero
1457 2172 1571 2242 ipse
1618 2171 1766 2226 aliud
1814 2175 2082 2244 quoddam

104 2264 410 2320 studiorum
451 2280 622 2334 genus
663 2268 979 2332 sequeretur
1021 2267 1073 2314 et
1114 2259 1475 2331 profiteretur.

177 2351 235 2408 Si
274 2353 329 2407 iu
384 2350 568 2424 Symp.
600 2350 661 2403 V.
707 2354 771 2412 7,
815 2351 868 2403 iu
908 2347 1082 2402 verbis
1119 2350 1251 2403 πολὺ
1294 2348 1357 2403 ἂν
1393 2349 1456 2402 σὺ
1499 2350 1672 2418 μεῖζον
1714 2351 1743 2414 ἢ
1783 2351 1885 2416 ἐγὼ
1925 2355 2080 2410 oin-o.

35 2445 46 2467 ”
101 2442 359 2505 διέκοις,
401 2457 466 2495 ex
501 2439 680 2510 aliquo
721 2438 858 2492 libro
890 2436 1203 2502 αποδοέκοιμι
1246 2435 1563 2502 afferretur,
1604 2438 1981 2509 exploderetur
2015 2443 2082 2498 ab

18 2517 43 2602 ’ζ
99 2530 352 2587 omnibus
391 2529 661 2599 scriptura
703 2528 881 2598 inepta
922 2534 973 2580 et
1015 2525 1079 2580 ab
1120 2525 1222 2579 loci
1265 2527 1646 2596 compositione
1689 2526 1842 2598 plane
1890 2529 2083 2586 abhor-

100 2634 241 2675 rens,
318 2617 427 2671 Cur
462 2617 641 2692 'igitur
675 2615 1014 2687 aequissimis
1067 2615 1264 2668 animis
1308 2612 1529 2667 ferimus
1583 2614 1722 2686 apud
1770 2616 2079 2676 Demosthe·

99 2722 221 2763 nem
264 2722 315 2778 p.
356 2709 456 2765 43,
507 2708 594 2758 19.
634 2705 707 2758 τα
743 2712 835 2767 τῆς
885 2704 1085 2770 τύχης,
1127 2703 1251 2768 ἤπερ
1304 2702 1385 2755 oze}
1425 2703 1632 2767 βέλτιον
1673 2706 1701 2767 ἢ
1746 2708 1894 2770 ἡμεῖς
1938 2710 2075 2773 ήμῶν

35 2814 45 2820 ·’
98 2797 267 2851 αὐτῶν
318 2793 708 2859 ἐπιμελούμεθα
759 2809 854 2863 pro
908 2794 1273 2856 ἐπιμελεῖται,
1334 2806 1493 2861 quam
1538 2808 1716 2846 veram
1760 2800 1813 2847 et
1856 2796 2072 2866 probam

39 2875 58 2929 ἰ’
87 2880 379 2939 lectionem
420 2880 592 2935 futilis
632 2889 904 2935 corrector
945 2881 1126 2934 nescio
1166 2879 1288 2950 quis
1339 2881 1636 2949 pronomini
1680 2884 1829 2945 ἡμεῖς
1870 2900 2075 2940 accom-

39 2968 44 2992 ⁴
98 2970 335 3027 modavit
374 2977 430 3026 et
471 2969 535 3024 de
575 2986 672 3024 suo
710 2970 957 3041 apposuit
1006 2969 1114 3042 [καὶ
1156 2972 1296 3022 τοῦτ’
1338 2965 1742 3040 ἐξεργασαιτο],
1783 2972 1922 3042 quod
1965 2990 2072 3029 em-

86 3057 269 3115 blema
310 3059 613 3114 rectissime
657 3058 963 3113 Dindortius
1004 3058 1179 3111 eiecit.

166 3147 510 3203 Manifestum
553 3154 636 3202 est
676 3147 728 3201 in
773 3147 955 3220 Symp.
996 3145 1132 3200 Vlll.
1185 3148 1267 3199 14.
1325 3145 1457 3199 hene
1499 3145 1809 3201 emendasse
1851 3148 2071 3221 Stepha-

97 3251 227 3291 num
268 3235 473 3302 ξ’σονπερ
513 3235 689 3303 χρόνον
730 3235 789 3303 ἴῃ
829 3235 912 3287 ἐπὶ
954 3236 1011 3288 τὸ
1055 3234 1422 3301 Φρονιμώτερον
1466 3250 1559 3304 pro
1599 3232 1646 3301 ᾖ.
1729 3235 1894 3307 Saepe
1941 3238 2068 3296 haec

97 3323 239 3378 iuter
276 3340 333 3378 se
372 3323 594 3379 confusa
634 3332 684 3379 et
730 3330 1032 3395 permutata
1076 3321 1331 3386 fuerunt,
1385 3323 1598 3393 saepius
1650 3323 1810 3377 etiam
1855 3325 1980 3380 ἱέναι
2016 3337 2070 3383 et.

93 3408 261 3476 εἶναι,
300 3419 355 3466 et
388 3411 540 3481 longe
582 3411 1016 3484 frequentissime
1049 3412 1110 3465 ὤν
1151 3417 1204 3465 et
1242 3412 1322 3465 ἰών
1347 3452 1359 3474 ,
1401 3411 1558 3464 cuius
1596 3411 1669 3463 rei
1709 3418 1761 3464 et
1803 3412 1903 3483 ipsi
1947 3416 2070 3471 sub-

91 3499 220 3554 inde
257 3500 494 3571 exempla
534 3501 795 3572 quaedam
831 3500 1129 3555 attulimus
1208 3499 1436 3554 Cratetis
1478 3497 1773 3553 versiculus
1812 3508 1890 3555 est
1926 3506 2066 3576 apud

96 3587 286 3643 Athen.
329 3605 380 3660 p.
417 3591 542 3643 267.
585 3587 645 3644 F.
688 3589 740 3647 in
776 3589 1044 3645 Marciano
1079 3587 1269 3643 Codice
1307 3588 1382 3641 sic
1425 3587 1687 3656 scriptus:
