2436 4068
1265 183 1372 235 864

358 331 571 397 ὑποχεῖν
607 326 762 392 οἶνον,
802 327 992 380 δώδεκα
1034 325 1243 387 κυάθους
1286 334 1338 380 et
1380 328 1496 381 sim.
1540 332 1664 383 601.

357 417 598 484 ὑςεραία,
639 432 743 468 non
785 414 936 481 ὑςέρα
979 414 1142 481 ἡμέρα
1183 418 1310 469 477.

356 506 678 573 ὑφαιρεῖσθαι
718 534 792 541 -
830 503 1160 571 ἀφαιρεῖσθαι
1205 506 1328 556 556.

357 592 629 661 ὑφέςασαν
667 621 742 630 --
783 591 1048 659 ὑφίςασαν
1090 594 1218 644 472.

356 680 624 748 ὑφίςαμαί
660 699 812 743 τινα,
854 695 958 732 non
999 699 1093 732 τινι
1134 682 1260 732 442.

1235 918 1244 924 .
1298 863 1358 908 Φ.

353 1037 400 1100 φ
440 1037 491 1085 et
531 1032 602 1098 φθ
645 1027 864 1083 confusa
904 1029 958 1081 in
998 1028 1151 1096 φόνος
1190 1059 1266 1069 -
1296 1029 1477 1098 φθόνος
1518 1038 1570 1085 et
1609 1032 1728 1086 sim.
1772 1037 1896 1089 404.

353 1124 399 1188 φ
438 1126 492 1173 et
529 1123 601 1187 φρ
642 1115 862 1171 confusa
902 1117 957 1169 in
997 1115 1167 1184 τοέφος
1207 1147 1283 1158 —-
1319 1116 1516 1187 τάφρος
1555 1125 1608 1174 et
1653 1121 1772 1175 sim.
1818 1126 1942 1177 404.

351 1208 599 1278 φαγομαι
642 1205 828 1258 vitiose
867 1220 962 1275 pro
1001 1203 1178 1269 ἔδομαι
1219 1208 1345 1259 401.

353 1297 602 1366 φαίνεται
635 1326 710 1334 -
742 1297 988 1361 φανεῖται
1033 1297 1156 1346 771.

352 1385 606 1454 φαίνομαι
646 1383 828 1436 οὲδικῶν
868 1387 919 1434 et
958 1382 1148 1435 οέδικεῖν
1189 1384 1333 1443 250,
1379 1386 1503 1437 470.

352 1473 607 1542 φαίνομαι
648 1468 835 1532 ἀξιῶν,
876 1484 982 1522 non
1021 1467 1194 1532 ἀξιοῦν
1235 1473 1362 1525 418.

350 1561 515 1631 φασίν
555 1556 935 1628 interpolatum
977 1561 1121 1623 449,
1166 1560 1293 1614 454.

349 1649 475 1717 φέρε
522 1646 723 1702 καλέσω
746 1687 761 1708 ,
802 1652 863 1699 ut
900 1646 1015 1713 φέρ’
1054 1645 1174 1709 ἴδω,
1213 1647 1331 1715 φέρ’
1369 1647 1493 1702 εἴπω
1536 1652 1661 1704 458.

350 1738 522 1806 φέρειν
554 1769 629 1776 -
661 1735 903 1802 φέρεσθαι
946 1738 1075 1790 569.

350 1827 555 1895 φέρειν,
598 1841 830 1887 merere,
869 1822 1085 1889 ὀβολόν,
1124 1823 1202 1878 δύ’
1241 1825 1404 1890 ὀβολώ
1445 1831 1498 1879 et
1538 1826 1659 1881 sim.
1706 1830 1831 1884 772.

349 1916 520 1984 φέρειν
559 1911 771 1978 μισθόν,
812 1927 918 1964 non
957 1910 1199 1979 φέρεσθαι
1242 1915 1370 1967 568.

350 2004 522 2072 φέρειν
557 2033 632 2041 -
664 2005 835 2068 φορεῖν
878 2001 1002 2054 140.

349 2092 519 2161 φέρειν
560 2109 643 2143 ποι
686 2086 835 2162 (ὁδός)
879 2086 1115 2149 dicitur,
1159 2104 1264 2142 non
1299 2089 1574 2158 ἀναφέρειν
1616 2094 1739 2144 512.

346 2172 588 2250 φέρεσθαι
629 2178 699 2231 τοὶ
740 2181 916 2245 πρῶτα
957 2182 1010 2230 et
1048 2177 1167 2230 sim.
1211 2181 1337 2232 568.

347 2268 483 2337 φέρω
523 2264 598 2318 ”-.-
631 2265 799 2334 φαίνω
843 2268 970 2319 554.

346 2357 551 2426 φεύγω.
595 2356 789 2422 ἔφυγον
825 2385 900 2393 -
941 2351 1164 2422 ἔφευγον
1205 2357 1331 2407 445.

573 2442 825 2510 ἀπέφυγε
858 2472 933 2481 —
965 2440 1205 2507 πέφευγε
1246 2444 1371 2496 445.

344 2535 515 2604 φήνας
558 2562 630 2574 --
667 2531 844 2600 φήσας
887 2533 937 2583 5.

345 2620 589 2690 φθανοιμι
624 2650 699 2659 -
734 2618 1019 2687 φθανοίμην
1064 2622 1185 2673 181.

346 2711 499 2778 φθῖτο
539 2739 614 2747 -—
647 2708 825 2775 φθεῖτο
867 2708 992 2759 255.

345 2797 582 2866 φθονήσει
618 2827 693 2836 -
722 2795 1004 2864 φθονηθήσῃ
1043 2797 1170 2849 567.

345 2884 515 2954 φιάλη
557 2883 733 2936 omitti
774 2882 905 2935 solet
944 2884 998 2936 in
1039 2885 1068 2944 ἦ
1108 2883 1323 2949 μεγάλη
1347 2926 1359 2949 ,
1401 2888 1430 2949 ἧ
1469 2886 1652 2960 μείζων
1692 2894 1743 2942 et
1785 2888 1902 2943 sim,
1945 2891 2070 2944 610,

345 2973 550 3042 φιδίτια
593 2970 975 3042 Spartanorum
1005 3012 1018 3034 ,
1062 2987 1166 3025 non
1204 2971 1416 3040 φιλίτια
1459 2977 1581 3029 728.

345 3061 503 3130 φίλαι
541 3091 616 3099 --
651 3059 824 3127 φίλιαι
866 3061 990 3111 557.

346 3150 488 3217 φίλοι
530 3170 589 3202 τε
629 3148 714 3201 καὶ
757 3145 907 3206 πόλις
949 3149 1073 3200 580.

347 3236 635 3307 φιλόνικος,
674 3235 972 3304 φιλονικία,
1016 3238 1328 3301 φιλονικεῖν,
1370 3254 1472 3303 non
1513 3239 1797 3308 φιλόνεικος
1837 3246 1939 3295 cet.
1985 3243 2110 3296 691.

345 3327 604 3396 φίλτατος
641 3354 716 3362 -
749 3323 1064 3391 φιλαίτατος
1105 3326 1232 3379 545.

345 3413 565 3481 φιλῳδός
600 3443 676 3451 —-
709 3410 957 3479 φειδωλός
1001 3413 1124 3464 158.

346 3501 581 3570 φλυαρία
620 3505 673 3554 et
707 3498 960 3568 φλυαρίαι
1002 3497 1129 3570 quid
1169 3498 1418 3555 differant
1458 3505 1582 3556 408.

341 3589 701 3658 φοβερώτατος
743 3587 856 3654 ὂροῖν
899 3589 1026 3643 449.
