2436 4068
1297 185 1400 236 796

361 351 551 398 πιγγος
607 332 825 402 antiqua
881 334 930 383 et
986 327 1146 398 proba
1205 329 1474 398 scriptura
1525 334 1638 393 est,
1695 334 1747 382 et
1788 328 1921 382 nihil
1975 337 2093 384 erat
2133 347 2328 388 causae

358 420 704 491 quamobrem
744 415 1032 472 articulum
1089 416 1142 467 in
1179 415 1283 468 άπὸ
1327 414 1466 488 (ὑπὸ)
1523 424 1614 480 τῆς
1664 414 1966 482 σάλπιγγος
2023 418 2327 474 Dindorfius

355 513 690 571 removeret,
741 512 802 559 ut
859 503 940 558 vel
997 502 1369 573 Aristophanis
1422 503 1582 558 verba
1634 502 1906 557 declarant
1958 505 2188 559 Acharn.
2249 523 2325 562 vs,

358 601 531 650 1001:
573 594 732 648 πίνειν
777 592 896 646 ὑπὸ
936 599 1053 654 τῆς
1093 589 1414 654 σάλπιγγος.
1484 590 1705 645 Summa
1744 593 2044 646 constantia
2080 592 2326 649 dicebant

358 683 576 737 Veteres
617 682 711 734 ὑπὸ
754 679 1089 745 σάλπιγγος,
1130 679 1218 732 ὑπ’
1257 680 1442 742 αὐλοῦ,
1486 680 1580 733 ὑπὸ
1602 678 1882 744 τυμπάνων
1905 688 1957 733 et
1995 682 2145 745 sim.,
2187 683 2324 752 quod
2396 719 2398 723 ψ

356 771 625 824 neminem
667 768 875 822 nescire
915 766 1184 832 arbitror,
1226 766 1318 820 sed
1358 765 1620 820 falluntur
1659 768 1703 820 si
1745 768 1836 838 qui
1882 774 2073 839 putant
2114 770 2170 823 in
2212 761 2327 824 tali·
2400 799 2431 825 κ

356 858 458 911 bus
498 856 720 928 perinde
773 855 907 910 bene
961 855 1069 909 άπό
1126 855 1249 927 poni
1305 871 1473 924 posse.
1555 853 1842 908 Simillimo
1887 873 2081 926 genere
2129 859 2331 912 erroris

357 945 615 999 scribitur
653 943 742 998 IV.
786 947 854 998 9:
893 940 1040 1006 ἧττον
1079 943 1142 997 ἂν
1182 945 1224 997 οἱ
1278 942 1510 1007 πολέμιοι
1550 942 1862 997 αἰσθάνοιντο
1902 946 1944 997 εἰ
1981 945 2085 998 άπὸ
2122 966 2327 1013 παραγ·

355 1033 585 1098 γέλσεως
626 1032 881 1098 γίγνοιντο
921 1034 1127 1098 μᾶλλον
1166 1031 1195 1094 ἢ
1235 1031 1366 1084 άπὸ
1420 1031 1703 1098 κήρυκος
1764 1031 1792 1094 ἢ
1848 1033 1952 1086 άπὸ
2004 1040 2332 1100 προγραφῆς,

356 1121 586 1174 Etiamsi
621 1120 764 1174 enim
806 1137 911 1174 non
951 1125 1090 1173 esset
1142 1117 1436 1172 multorum
1477 1134 1579 1172 usu
1616 1119 1746 1173 trita
1794 1118 2032 1187 locutio,
2087 1139 2172 1176 res
2213 1123 2325 1193 ipsa

357 1216 411 1262 ct
453 1207 771 1262 Graecitatis
831 1207 1108 1278 ingenium
1168 1223 1265 1277 pro
1315 1209 1420 1261 άπὸ
1472 1207 1678 1273 κήρυκος
1732 1205 2098 1263 demonstrare
2150 1217 2330 1281 posset
2392 1196 2431 1272 ,2⁵²

357 1296 452 1350 ὑπὸ
495 1296 701 1363 κήρυκος
755 1294 861 1349 dici
922 1300 1197 1365 oportere:
1256 1311 1399 1348 nunc
1454 1296 1694 1348 omnium
1748 1294 1946 1350 Graece
1995 1297 2328 1368 loquentium
2390 1297 2426 1354 ἐι

359 1400 623 1437 consensu
662 1388 870 1436 constat
911 1398 1015 1435 non
1061 1381 1217 1435 aliter
1255 1399 1416 1453 quam
1471 1383 1547 1436 sic
1589 1399 1620 1437 a
1660 1383 2005 1454 Xenophonte
2046 1402 2161 1439 esse
2197 1387 2328 1440 scri·

356 1479 532 1543 ptum.
615 1470 935 1541 Sequiorum
975 1476 1279 1540 temporum
1318 1470 1561 1534 scribae,
1602 1470 1796 1541 quibus
1836 1471 2068 1528 solemne
2109 1481 2189 1527 est
2222 1474 2329 1529 άπό
2387 1459 2391 1462 ’

355 1576 452 1631 pro
493 1558 593 1612 ὑπό
631 1557 960 1612 substituere
995 1558 1158 1612 etiam
1191 1556 1334 1612 hunc
1367 1557 1542 1611 locum
1597 1567 1955 1630 corruperunt
1994 1569 2045 1615 et
2086 1561 2330 1617 tulerunt
2384 1563 2415 1634 s}

357 1649 613 1719 impune,
655 1646 780 1716 quia
817 1645 1002 1699 Critici
1043 1653 1259 1717 propter
1312 1663 1560 1716 magnam
1615 1645 1850 1701 locorum
1894 1649 2204 1704 vitiatorum
2248 1668 2335 1706 co·.
2392 1639 2429 1704 Ἰ.]

356 1736 499 1807 piam
525 1777 540 1797 ‚
585 1740 644 1787 ut
683 1733 936 1798 videtur,
976 1733 1210 1787 nondum
1250 1735 1381 1789 satis
1424 1734 1652 1788 firmiter
1691 1734 1794 1788 sibi
1835 1737 2232 1792 constituerunt
2273 1740 2331 1793 in

359 1822 554 1894 quibus
606 1821 736 1875 locis
790 1820 889 1875 ὑπό
940 1823 1305 1876 necessarium
1370 1823 1459 1875 sit.
1539 1822 1706 1889 Quam
1763 1839 1918 1895 saepe
1985 1824 2218 1894 legitur,
2268 1834 2330 1881 ut
2390 1829 2422 1895 ζεῖ-«ζ

358 1911 460 1965 hoc
499 1916 655 1975 utar,
714 1911 818 1963 άπὸ
858 1909 1063 1973 λύπης,
1116 1912 1219 1964 άπὸ
1260 1913 1419 1976 θυμοῦ
1458 1917 1509 1964 et
1555 1912 1675 1966 sim.
1718 1912 1871 1982 quasi
1927 1911 2150 1967 dubium
2191 1921 2332 1969 esset

361 2000 491 2071 quin
547 2000 645 2052 ὑπὸ
697 1999 900 2063 λύπης,
962 2000 1057 2052 ὑπὸ
1098 2000 1254 2063 θυμοῦ
1310 1998 1480 2052 solum
1539 2006 1678 2053 esset
1718 1998 2000 2056 Graecum.
2082 2001 2183 2055 Sed
2223 2004 2328 2057 evi·
2387 1987 2436 2076 ''tf-1

360 2087 570 2142 dentior
617 2086 777 2140 etiam
802 2128 818 2148 ,
862 2086 906 2139 si
944 2085 1072 2156 quid
1112 2086 1328 2150 iudico,
1388 2103 1538 2140 error
1577 2094 1657 2140 est
1695 2087 1748 2140 in
1790 2090 1845 2141 αἱ
1885 2087 2155 2155 ἐξαγωγαὶ
2197 2093 2326 2146 άπὸ

355 2177 561 2244 κήρυκος
600 2176 888 2240 γίγνονται.
2393 2175 2411 2254 ’ἡ

431 2265 492 2319 In
535 2263 620 2317 IV.
669 2266 768 2316 12:
824 2263 894 2330 τῷ
935 2262 1166 2329 κρυπτὰς
1208 2262 1380 2329 ἔχοντι
1419 2263 1671 2331 φυλακάς
1721 2261 1956 2325 ἐξέςαι
2009 2267 2115 2319 ma.
2159 2267 2334 2322 multo
2407 2260 2420 2326 ’ᾗ

355 2351 549 2407 melius
603 2351 870 2405 scribetur
916 2348 1088 2413 ἔξεςι,
1147 2367 1250 2403 11011
1299 2357 1379 2404 est
1420 2351 1561 2404 enim
1614 2367 1805 2404 novum
1857 2352 2171 2419 inventum,
2227 2372 2332 2426 quo

358 2456 515 2494 nemo
557 2445 713 2493 antea
751 2443 890 2493 esset
924 2454 1088 2499 usus;
1143 2444 1196 2491 et
1236 2437 1314 2491 vel
1358 2437 1433 2491 sic
1484 2436 1644 2500 ἔξεςιν
1687 2445 1746 2492 ut
1786 2440 1839 2492 in
1897 2456 1953 2494 re
2002 2446 2148 2495 certa
2192 2450 2332 2498 osset

358 2526 805 2599 anteponendum.
901 2526 962 2579 In
1018 2525 1170 2579 libris
1228 2525 1331 2583 ἕςιν
1370 2557 1445 2568 --
1485 2525 1629 2588 ἕςαι,
1683 2525 1846 2588 ἔξεςιν
1878 2558 1953 2567 —-
1993 2527 2163 2591 ἐξέςαι
2219 2538 2329 2585 tam

357 2615 665 2686 frequenter
705 2615 846 2669 inter
885 2631 942 2668 se
979 2619 1357 2685 permutantur
1397 2621 1456 2667 ut
1496 2614 1663 2667 libera
1709 2615 1778 2668 sit
1819 2614 2015 2685 ubique
2054 2617 2211 2687 optio.
2415 2670 2417 2673 .

434 2703 778 2758 Desideratur
816 2702 1161 2772 participium
1203 2702 1255 2755 in
1294 2702 1354 2755 V.
1380 2707 1441 2756 8:
1485 2704 1710 2769 θαρροῦσι
1745 2702 1795 2755 δὲ
1824 2701 2032 2766 μάλιςα
2067 2707 2331 2771 πολέμιοι,
2398 2699 2417 2725 ’²¹

357 2793 482 2847 ὅταν
517 2798 621 2851 τοῖς
661 2791 900 2863 ἐναντίοις
939 2788 1242 2857 πράγματα
1297 2790 1382 2844 καὶ
1437 2791 1697 2857 άσχολίας
1751 2790 2114 2846 πυνθάνωνται.
2196 2793 2330 2866 Sup-

359 2878 612 2951 piendum
655 2884 766 2932 est:
808 2877 1108 2944 πράγματα
1149 2878 1235 2932 καὶ
1270 2879 1531 2946 ἀσχολίας
1578 2877 1774 2951 (οὔσας)
1816 2879 2180 2935 πυνθάνωνται.
2240 2883 2327 2937 Di·

361 2968 504 3022 citur
544 2971 721 3019 autem
764 2965 984 3035 perinde
1033 2965 1166 3020 hene
1221 2964 1346 3021 εἶναι
1388 2965 1768 3029 πυνθάνωνται,
1832 2973 1884 3020 et
1935 2965 2090 3029 οὔσας
2140 2970 2324 3024 πυνθά-
2395 2955 2436 3047 3¹³}

361 3076 570 3118 νωνται,
626 3052 716 3108 Sed
756 3051 854 3106 hoe
896 3060 948 3106 et
990 3055 1351 3123 Ἀττικώτερον
1399 3063 1479 3110 est
1519 3061 1570 3109 et
1610 3054 1820 3108 facilius
1876 3056 1953 3108 sic
2008 3057 2327 3128 intelligitur
2396 3043 2436 3140 il

362 3142 622 3216 quomodo
655 3141 1017 3195 necess-arium
1060 3142 1376 3197 vocabulum
1419 3142 1579 3197 suerit
1619 3143 1895 3196 amissum.

439 3230 674 3293 Vitium,
716 3230 769 3282 in
811 3227 951 3299 quod
991 3229 1198 3282 scribae
1233 3247 1415 3284 omnes
1457 3238 1581 3284 sunt
1632 3230 1954 3299 εὐεπίφοροι,
1996 3235 2326 3288 contaminat

363 3319 537 3372 locun]
581 3317 697 3373 VII.
743 3321 810 3371 5:
853 3317 1069 3370 ὂπλῖταί
1111 3338 1169 3369 τε
1210 3320 1263 3370 οὐ
1321 3319 1490 3382 μείους
1529 3318 1728 3371 ἔσονται
1771 3319 1855 3372 καὶ
1902 3320 1973 3372 τα
2015 3322 2236 3386 σώματα
2269 3326 2321 3376 οὖ

361 3407 561 3474 χείρω
622 3404 829 3474 ἔχοντες
870 3405 956 3459 καὶ
1009 3405 1105 3465 τοὶς
1146 3404 1332 3472 ψυχας
1373 3405 1768 3474 φιλοτιμότεροι.
1849 3407 2136 3479 Xenophon
2197 3410 2324 3463 seri·

362 3494 494 3565 psit:
536 3493 621 3548 καὶ
656 3495 727 3548 τα
766 3494 988 3560 σώματα
1028 3497 1081 3548 οὐ
1134 3500 1365 3561 χεῖρον
1412 3492 1654 3561 ἔχοντες,
1696 3511 1799 3548 non
1837 3497 2023 3563 χείρω,
2071 3496 2161 3550 sed
2196 3498 2323 3550 scri·

362 3579 460 3636 bae
500 3581 811 3638 adverbium
855 3582 1016 3637 stulte
1056 3582 1109 3636 in
1151 3583 1302 3651 χείρω
1345 3582 1672 3638 retinxerunt
1727 3585 1831 3637 rati
1882 3584 1950 3639 τά
2006 3587 2226 3650 σώματα
2272 3592 2323 3639 et
