2436 4068
1064 164 1166 213 707

110 325 265 364 sacra
318 307 579 362 abstinuit
627 322 836 362 manus·
937 306 1238 378 Scriptores
1277 311 1483 360 veteres
1525 304 1577 359 in
1633 321 1693 360 ea
1742 322 1799 360 re
1857 313 2089 361 utuntur

109 398 269 453 verbo
310 395 752 463 καταλαμβάνειν
790 395 848 451 τὸ
888 396 1048 464 ἱερόν,
1090 394 1231 467 quod
1290 393 1465 449 facere
1505 392 1763 448 «licuntur
1803 396 1895 467 qui
1933 413 2090 468 prae-

109 485 240 540 sidio
280 493 481 539 armato
522 485 743 555 Delphis
781 484 1018 556 imposito
1069 487 1160 547 τὴν
1200 488 1289 538 τοῦ
1334 485 1462 551 ἱεροῦ
1520 483 1803 550 προςασίαν
1845 500 1940 555 per
1978 484 2087 539 vim

108 573 210 628 sibi
253 573 545 627 vindicant.
625 572 888 643 Loquitur
940 573 1017 626 sic
1068 571 1390 644 Xenophon,
1431 578 1492 625 ut
1533 564 1803 636 vidinmS,
1855 574 1912 627 τὸ
1960 573 2088 640 ἱερὸν

105 661 547 726 καταλαμβάνειν
586 661 884 727 ἐπειρῶντοε
945 660 1241 731 loquuntur
1294 661 1371 714 sic
1412 660 1503 714 alii
1555 660 1770 732 plures,
1829 667 1886 714 ut
1942 660 2088 715 nulla

106 751 180 805 sit
214 749 477 803 dubitatio
516 749 647 820 quin
695 749 750 802 in
792 748 1057 804 Marmore
1091 748 1247 803 Pario
1295 753 1370 803 n⁰.
1416 751 1503 803 76.
1547 749 1603 802 in
1642 766 1746 820 quo
1789 747 1920 804 haec
1973 755 2086 804 tan·

108 845 223 892 tum
262 844 587 909 supersunt:

328 926 457 993 Ἀφ’
496 921 554 978 οὗ
593 930 784 984 Φωκεῖς
825 926 883 979 τὸ
921 926 972 979 ἐν
1012 930 1243 992 Δελφοῖς
1285 924 1382 990 ἱρὸν
1388 964 1847 980 .........

332 1034 441 1075 vno-1
483 1012 833 1080 Κηφισοδώρου

104 1101 405 1156 rectissime
444 1101 810 1173 suppleverint
852 1100 953 1153 viri
1001 1099 1142 1153 docti
1196 1099 1253 1153 τὸ
1295 1100 1345 1152 ἐν
1407 1105 1639 1168 Δελφοῖς
1695 1103 1791 1169 ἱρὸν
1836 1101 2081 1174 (κατέλα-

97 1191 195 1257 βον
236 1231 646 1244 ........
687 1188 936 1257 ἄρχοντος
970 1186 1230 1260 Ἀθιῦνησι
1266 1189 1644 1256 Κηφισοδώρου.
1731 1187 1888 1242 Vides
1923 1205 2044 1242 eum
2065 1231 2078 1252 ,

102 1279 196 1350 qui
239 1277 369 1332 baec
425 1278 605 1332 nescio
646 1277 787 1332 unde
834 1276 1077 1346 collegit,
1132 1275 1316 1347 templi
1349 1279 1752 1348 occupationem
1806 1293 1909 1330 uno
1943 1293 2082 1330 anno

98 1367 267 1421 etiam
311 1367 671 1437 antiquiorem
721 1365 913 1419 facere.
993 1363 1382 1435 Cephisodorus
1435 1367 1579 1419 enim
1635 1365 1745 1439 (alii
1802 1366 2082 1435 Κηφισόδο-

99 1474 186 1509 τον
242 1453 528 1527 appellant)
593 1470 698 1508 uno
756 1469 896 1507 anno
952 1452 1298 1523 Agathoclem
1354 1453 1644 1525 praecedit.
1726 1453 1865 1520 Quid
1917 1455 2085 1526 igitur

98 1542 247 1598 aliud
298 1550 578 1615 superest,
631 1543 675 1596 si
731 1548 953 1614 apparet
1000 1543 1084 1595 ἐπ’
1126 1543 1504 1607 Ἀγαθοκλέους
1569 1542 1672 1616 (vel
1721 1544 1882 1596 etiam
1938 1560 2077 1597 anno

99 1631 245 1704 ante)
286 1632 405 1693 τοὺς
446 1631 653 1693 Φωκέας
693 1633 752 1686 τὸ
789 1632 914 1699 ἱερὸν
954 1633 1324 1698 καταλαβεῖν,
1366 1639 1418 1686 et
1456 1631 1668 1686 eosdem
1713 1633 1796 1684 ἐπ’
1834 1631 2078 1687 Ἐλπίνου

100 1719 180 1794 (id
217 1726 299 1775 est
330 1721 575 1791 sequenti
617 1718 776 1792 anno)
822 1726 957 1774 teste
1001 1719 1348 1791 Xenophonte
1388 1721 1617 1775 ἐκλιπεῖν
1665 1722 1722 1775 τὸ
1773 1721 1936 1788 ἱερόν,
1974 1721 2081 1775 nisi

100 1815 164 1863 ut
203 1814 505 1863 statuamus
556 1808 611 1862 id
654 1807 795 1879 quod
849 1807 914 1862 ab
952 1808 1107 1861 initio
1145 1809 1458 1879 posuimus:
1509 1809 1627 1869 τοὺς
1669 1808 1875 1870 Φωκέας
1913 1830 2081 1864 κατα-

98 1897 290 1963 λαβεῖν
330 1899 425 1963 μὲν
462 1899 522 1952 τὸ
562 1898 687 1964 ἱερὸν
727 1894 843 1951 εἶτα
883 1898 1130 1964 κατέχειν
1169 1899 1242 1962 μὴ
1283 1896 1588 1963 δυναμένους
1628 1897 1788 1951 πάλιν
1830 1899 2080 1953 ἐκλιπεῖν.

98 1985 211 2040 Hac
239 1986 409 2057 igitur
443 1985 723 2039 occasione
748 1985 1005 2040 utendum
1042 2002 1157 2040 esse
1195 1985 1487 2056 Xenophon
1516 1983 1868 2040 Athenienses
1902 1987 2080 2042 adino·

98 2082 222 2129 net:
264 2091 408 2129 nunc
430 2073 495 2129 de
513 2075 787 2128 communi
820 2074 1144 2129 Graecorum
1181 2075 1449 2128 sententia
1479 2073 1737 2145 templum
1764 2074 2080 2146 Delphicum

28 2197 39 2217 .
99 2163 154 2216 in
193 2161 494 2218 libertatem
535 2162 798 2217 vindicari
844 2180 998 2235 posse
1032 2170 1086 2218 et
1136 2163 1221 2217 sui
1261 2162 1398 2216 iuris
1438 2161 1553 2216 fieri
1596 2170 1656 2215 ut
1696 2162 1820 2217 olim
1870 2161 2078 2219 suisset.

31 2287 34 2290 >
98 2250 188 2307 Sic
226 2251 549 2306 Graecorum
582 2252 823 2306 omnium
867 2267 1131 2306 consensu
1177 2252 1292 2306 sine
1337 2249 1472 2304 bello
1521 2250 1777 2321 templum
1823 2250 2079 2307 inhianti-

98 2339 199 2394 bus
255 2340 523 2395 Thebanis
580 2357 734 2412 posse
787 2340 923 2412 eripi
977 2341 1228 2395 restituta
1282 2339 1511 2411 pristina
1567 2340 1883 2409 αὐτονομίᾳ,
1943 2358 2080 2412 quae

93 2428 221 2483 olim
258 2446 399 2483 anno
430 2432 556 2483 421.
598 2427 809 2483 foedere
846 2428 1390 2484 Lacedaemoniorum
1425 2435 1476 2482 et
1511 2427 1918 2481 Atheniensium
1954 2446 2075 2484 con-

96 2518 288 2572 stituta
329 2523 504 2580 esset,
544 2517 684 2588 quod
726 2524 808 2571 est
848 2517 990 2589 apud
1033 2516 1274 2590 Thucyd.
1313 2516 1374 2569 V.
1424 2520 1520 2571 18:
1562 2517 1620 2571 τὸ
1655 2517 1705 2571 δὲ
1752 2517 1877 2584 ἱερὸν
1917 2520 1975 2573 τὸ
2024 2521 2075 2574 ἐν

96 2612 329 2674 Δελφοῖς
395 2604 506 2683 [τοῦ
565 2605 919 2677 Ἀπόλλωνος]
978 2606 1064 2660 καὶ
1127 2606 1372 2673 Δελφοὺς
1429 2607 1736 2670 αὐτονόμους
1798 2602 1924 2660 εἶναι
1984 2609 2072 2662 καὶ

94 2696 396 2754 αὐτοτελεῖς
450 2693 538 2747 καὶ
594 2694 886 2755 αὖτοδίκους
938 2695 1024 2748 καὶ
1082 2695 1251 2747 αὐτῶν
1296 2693 1383 2747 καὶ
1435 2699 1528 2755 τῆς
1582 2701 1682 2759 γῆς
1734 2701 1827 2757 τῆς
1882 2696 2074 2751 ἑαυτῶν

95 2782 238 2836 κατὰ
286 2781 358 2835 τα
398 2783 628 2848 πάτρια,
669 2798 729 2836 ex
767 2798 872 2853 quo
905 2781 1018 2835 loco
1058 2786 1146 2836 τοῦ
1188 2782 1545 2846 Ἀπόλλωνος,
1600 2781 1740 2853 quod
1790 2790 1842 2837 et
1882 2782 2074 2856 frigide

96 2868 333 2923 abundat
372 2877 425 2924 et
462 2869 575 2924 loco
617 2887 719 2924 non
762 2887 858 2924 suo
892 2870 1211 2924 collocatum
1246 2877 1355 2934 est,
1399 2870 1562 2925 sciolo
1598 2871 1690 2943 qui
1716 2870 1921 2927 addidit
1958 2873 2072 2928 red-

96 2956 331 3012 dendum
382 2974 497 3012 esse
548 2974 755 3013 censeo.
838 2958 947 3012 Hoc
993 2965 1072 3013 est
1123 2957 1254 3012 illud
1308 2958 1483 3030 ipsum
1538 2958 1677 3030 quod
1735 2961 2071 3032 Xenophonti

94 3046 357 3118 optimum
402 3044 546 3099 sactu
589 3062 703 3100 esse
745 3045 1058 3101 videbatur:
1115 3044 1248 3109 ὅπως
1288 3048 1345 3102 τὸ
1384 3049 1434 3101 ἐν
1476 3052 1708 3116 Δελφοῖς
1748 3049 1874 3115 ἱερὸν
1914 3053 2069 3106 αὐτό-

94 3153 241 3200 νομον
295 3132 462 3201 ὥσπερ
521 3134 732 3202 πρόσθεν
783 3136 1012 3200 γένοιτο,
1080 3135 1240 3208 idque
1298 3152 1462 3207 quum
1522 3136 1650 3189 baec
1707 3135 2071 3193 scriberentur

97 3219 427 3296 Olympiadis
463 3223 591 3277 CVI.
633 3240 772 3278 anno
812 3225 1011 3295 primo,
1055 3225 1100 3278 si
1140 3223 1490 3279 Athenienses
1517 3223 1849 3295 temporibus
1890 3225 2070 3281 soller-

98 3317 179 3366 ter
221 3318 535 3377 uterentur,
577 3313 948 3384 percommode
991 3313 1106 3369 fieri
1149 3331 1298 3385 posse
1339 3312 1559 3367 debebat
1599 3310 1784 3365 videri.

189 3400 424 3455 Transeo
475 3416 617 3455 nunc
656 3400 721 3455 ad
772 3401 932 3456 libelli
987 3401 1452 3464 emendationem,
1508 3398 1716 3470 siquid
1769 3398 1902 3454 sorte
1952 3401 2067 3471 opis

94 3486 231 3543 ferre
276 3490 471 3560 possim
515 3487 643 3543 locis
685 3490 955 3563 impeditis
1009 3499 1102 3546 aut
1163 3491 1345 3545 vitiose
1398 3489 1648 3559 scriptis,
1703 3505 1932 3559 quorum
1974 3488 2063 3544 ad-

92 3574 197 3631 huc
238 3585 353 3648 post
392 3578 711 3633 Criticorum
765 3596 924 3636 curas
965 3588 1041 3635 sat
1087 3595 1275 3650 magua
1333 3578 1480 3649 copia
1521 3583 1777 3649 superest.
1862 3576 2064 3631 Prodiit
