2436 4068
1246 191 1352 242 592

302 356 481 403 μενος,
525 343 587 390 ut
622 336 673 389 in
708 351 825 406 cap.
870 332 1058 388 XVIII.
1103 337 1156 387 9.
1198 338 1376 388 ταῦτα
1414 334 1578 387 τοίνυν
1620 333 1874 398 ἐλελήθειν
1928 337 2150 401 ἐμαυτὸν
2185 338 2290 391 ἐπι-

304 424 554 490 ςοὶμενος,
596 424 778 494 itaque
815 421 1196 492 corrigendum
1237 427 1318 474 est
1351 419 1519 485 οἴομαι
1559 420 1611 474 δὲ
1646 453 1721 466 --
1754 423 1842 477 καὶ
1879 424 2149 486 λεληθέναι
2190 425 2291 498 (σε)

305 512 484 567 πολλοὶ
523 511 738 565 σεαυτὸν
775 508 1105 575 ἐπιςοέμενον.

381 599 442 652 In
483 614 618 669 cap.
646 596 782 651 XVI.
829 601 877 650 7.
911 613 940 651 e
979 595 1132 649 libris
1173 593 1469 649 revocanda
1521 601 1602 648 est
1642 602 1796 651 vetus
1837 604 1892 652 et
1937 598 2101 669 proba
2135 599 2294 653 lectio

307 687 626 751 ἀνεμνήσθην
662 684 806 744 τοὺς
841 683 1072 757 οὲίλιέας
1112 679 1189 738 ὅτι
1227 715 1300 726 -
1339 684 1429 736 οὐκ
1469 684 1691 737 ὀκνοῦσιν
1743 686 2130 755 οέποφαίνεσθαι
2177 685 2290 754 περὶ

304 780 398 836 τῆς
433 779 552 838 γῆς.
611 772 940 826 Correctoris
978 777 1059 825 est
1093 770 1275 825 nescio
1309 770 1465 823 cuius
1498 772 1814 836 ἀνεμνήσθην
1844 775 1903 827 τὸ
1943 779 2040 827 τῶν
2081 774 2291 837 ἁλιέων,

306 860 400 933 qui
438 877 542 914 non
584 860 715 914 satis
752 858 1134 913 animadvertit
1178 858 1383 911 Atticos
1420 857 1475 909 in
1517 857 1607 911 illa
1659 858 1928 930 frequenti
1981 861 2294 916 traiectione

307 948 677 1003 accusativum
710 946 1058 1018 praemittere
1079 945 1278 1008 solere,
1323 944 1489 998 etiam
1531 944 1621 998 ubi
1645 947 1869 1001 verbum
1905 948 2047 1019 quod
2087 954 2296 1004 antece-

309 1035 389 1090 dit
428 1035 797 1090 accusativum
843 1051 947 1088 non
985 1035 1141 1104 regit.

385 1123 447 1178 In
504 1126 532 1193 §
581 1126 649 1177 12
704 1120 1032 1177 Schneidero
1078 1121 1506 1192 obtemperatum
1564 1123 1803 1192 oportuit
1855 1122 1960 1190 ἄρα
2006 1124 2296 1179 inserenti:

309 1212 580 1267 κινδυνεύει
623 1208 768 1284 (ἄρα)
809 1209 950 1278 ἔαρος
991 1206 1120 1263 εἶναι
1157 1210 1337 1264 τούτου
1373 1211 1463 1261 τοῦ
1499 1206 1648 1275 ἔργον
1684 1209 1915 1276 ἀρκτέον.
1998 1210 2132 1266 Vide
2162 1227 2299 1282 quae

310 1315 474 1372 supra
513 1298 580 1353 de
619 1314 681 1352 ea
722 1314 780 1352 re
818 1297 1198 1351 annotavimus
1239 1295 1306 1349 ad
1347 1295 1652 1349 Hieronem.

389 1389 451 1442 In
499 1402 614 1458 cap.
657 1384 849 1439 XVIII.
895 1390 943 1438 1.
989 1384 1184 1451 πότερα
1222 1381 1304 1439 οὖν
1342 1383 1611 1448 τέμνεις
1664 1384 1843 1455 inepte
1883 1385 2084 1456 legitur
2132 1403 2298 1458 quum

312 1481 492 1540 τεμεῖς
532 1477 787 1544 appareat
828 1486 946 1525 esse
981 1469 1284 1541 legendum.
1367 1469 1534 1541 Saepe
1571 1471 1649 1525 sic
1685 1472 1857 1525 errari
1894 1473 2062 1528 solere
2095 1477 2148 1528 in
2186 1491 2300 1530 ver-

311 1563 396 1617 bis
443 1559 723 1631 liquidatis
774 1555 1003 1612 subinde
1053 1555 1420 1612 ostendimus:
1465 1559 1680 1629 saepius
1734 1559 1787 1611 in
1841 1560 2010 1625 τέμνω
2065 1563 2142 1616 sic
2182 1579 2300 1617 esse

315 1656 557 1705 erratum
599 1644 975 1702 animadverti.
1056 1644 1188 1711 Quis
1235 1645 1288 1697 in
1327 1644 1604 1698 Plutarchi
1647 1645 1757 1699 vita
1799 1646 1990 1703 Thesei
2033 1666 2148 1720 cap.
2186 1651 2300 1706 XII.

314 1743 465 1806 κρεῶν
498 1734 884 1804 παρακειμένων
923 1731 1261 1797 σπασάμενος
1298 1733 1392 1794 την
1426 1732 1704 1801 μάχαιραν
1739 1736 1803 1794 ὡς
1836 1739 2014 1790 ταῦτα
2052 1737 2304 1803 τέμνων

317 1827 565 1881 ἐδείκνυεν
600 1822 797 1891 ἐκείνῳ,
837 1821 985 1892 quis,
1026 1819 1276 1892 inquam,
1316 1836 1421 1874 non
1464 1820 1608 1876 videt
1640 1823 1706 1882 ὡς
1737 1826 1915 1877 ταῦτα
1950 1830 2153 1890 τεμῶν
2189 1842 2303 1881 esse

316 1910 753 1969 restituendum?

397 2000 534 2057 lbid.
583 2000 612 2070 §
658 2002 689 2053 ὅ
731 1995 880 2060 δῆλον
911 1995 987 2053 ἔτι
1024 1996 1235 2064 μάλιςα
1268 1998 1561 2066 ὁμαλίζοιεν
1601 1998 1666 2053 ἂν
1714 2001 1779 2054 τὸ
1832 1999 2035 2055 δεινὸν
2084 2002 2172 2055 καὶ
2212 2002 2307 2056 τοὶ·

319 2108 457 2159 χιςα
495 2089 757 2147 ἀνύτοιεν,
803 2093 1017 2157 recepta
1054 2084 1363 2140 Ruhnkenii
1415 2086 1748 2140 correctione
1803 2087 1886 2161 (ex
1923 2087 2159 2160 Epistola
2196 2089 2307 2145 Cri-

322 2179 431 2232 tica
480 2176 547 2231 II.
601 2192 649 2247 p.
697 2174 824 2246 180)
878 2175 988 2228 τὸν
1042 2174 1214 2228 δῖνον
1264 2190 1362 2244 pro
1409 2175 1467 2227 τὸ
1520 2173 1673 2228 δεινόν
1725 2173 1946 2245 legerim
2001 2175 2189 2241 μαλις’
2242 2177 2307 2232 ἂν

319 2264 613 2333 ὅμαλίζοιεν
649 2265 735 2318 τὸν
774 2264 903 2318 δῖνον
941 2263 1028 2316 καὶ
1069 2261 1257 2329 ταχις’
1303 2260 1369 2315 ἂν
1417 2261 1664 2315 οὶνύτοιεν.
1745 2262 1806 2315 In
1842 2262 2124 2317 Codicibus
2173 2267 2308 2319 anti-

323 2351 603 2425 quioribus
643 2358 696 2405 et
736 2349 874 2422 apud
914 2350 1306 2404 Grammaticos
1355 2348 1420 2403 de
1453 2365 1601 2403 more
1639 2357 1709 2402 EI
1732 2365 1827 2420 pro
1860 2358 1884 2402 Ι
1923 2349 2080 2421 longo
2116 2352 2309 2407 scribi-

323 2447 444 2504 tur,
487 2438 627 2493 unde
665 2440 821 2498 δεῖνος
851 2445 904 2492 et
934 2437 1149 2499 δείνησις
1180 2443 1233 2490 et
1270 2437 1470 2491 similia
1507 2453 1662 2508 saepe
1697 2436 1982 2508 leguntur,
2025 2455 2162 2509 quae
2203 2457 2309 2495 non

324 2528 499 2599 magis
539 2526 756 2581 ferenda
792 2531 921 2580 sunt
962 2541 1120 2595 quam
1163 2527 1317 2589 τειμή
1359 2531 1451 2578 aut
1491 2526 1627 2586 νείκη
1669 2531 1764 2578 aut
1812 2533 2016 2590 κεινεῖν,
2069 2528 2310 2594 Κεινέας,

323 2617 539 2684 βεινεῖν,
581 2614 768 2683 κρειός,
812 2613 935 2668 alia.
1019 2612 1198 2667 Scatet
1235 2611 1432 2666 talibus
1461 2611 1786 2685 HesychiuS‚
1827 2612 1968 2684 apud
2003 2631 2162 2685 quem
2193 2624 2312 2671 Δεῖ-

328 2725 408 2758 ναι
446 2703 704 2758 scribitur
744 2709 797 2757 et
839 2702 1101 2763 Δείνησις,
1155 2701 1376 2762 Δείνας,
1428 2701 1582 2763 Δείνη
1628 2707 1681 2755 et
1724 2701 1978 2756 Δεινεύειν
2012 2709 2066 2756 et
2104 2710 2311 2768 Δεῖνος,

326 2794 595 2857 Δείνησις,
635 2792 948 2854 Δεινήεντα,
1006 2779 1275 2849 Δεινωτοῖς
1314 2795 1365 2842 et
1408 2806 1531 2842 mox
1582 2789 1938 2857 Δειφώμενος,
1984 2796 2219 2860 Δειφῶν,
2261 2801 2314 2846 et

328 2881 483 2951 peius
515 2881 677 2933 etiam
716 2879 769 2931 in
806 2898 820 2932 ι
859 2884 1104 2948 correpto
1144 2881 1435 2930 Δεικεῖνε
1477 2878 1723 2944 ἀφεῖναι,
1765 2881 1913 2945 ῥῖψαι
1950 2894 2044 2949 pro
2073 2886 2310 2933 Δικεῖν.

328 2967 608 3024 Eiusmodi
662 2974 790 3021 sunt
842 2965 984 3037 apud
1038 2964 1269 3019 eundem
1321 2963 1477 3027 Εἵδη,
1535 2965 1718 3026 Εἰδίω,
1777 2964 1927 3019 Εἴετο
1981 2965 2098 3038 (pro
2152 2964 2308 3040 ἵετο),

328 3056 478 3121 Εἶθύ,
518 3054 882 3124 Εἶθύφαλλον,
918 3050 1072 3107 Εἷκεν
1105 3053 1222 3126 (pro
1254 3049 1412 3125 ἷκεν),
1445 3052 1667 3107 Εἰλαδόν
1697 3059 1748 3107 et
1778 3052 1969 3116 Εἱλοὶς,
2000 3057 2312 3119 Εἱλιγγιοῖν,
2397 3051 2400 3055 ’

327 3145 489 3205 Εἰλύς
526 3150 579 3198 et
615 3141 900 3197 Εἶλύσω;
943 3143 993 3194 ἐν
1026 3142 1136 3195 ἶλύϊ
1168 3141 1371 3207 κρύψω,
1410 3139 1590 3206 Εἶνες,
1634 3138 1820 3203 Eia-09,
1859 3140 1982 3207 Εἵρη
2020 3141 2136 3214 (pm
2162 3141 2309 3217 Ἶρις)

329 3242 381 3288 et
420 3229 634 3299 Εἷροςε
687 3228 932 3296 πτωχός,
989 3229 1198 3298 aliaque
1245 3229 1556 3290 innumera,
1615 3245 1844 3298 quorum
1897 3229 2093 3283 similia
2147 3232 2308 3286 etiam

328 3338 473 3375 nunc
512 3320 565 3373 in
606 3317 947 3373 Editionibus
980 3315 1442 3370 ‘emendatissimis
1496 3315 1984 3381 circumferuntur,
2028 3325 2087 3372 ut
2126 3319 2310 3374 εἰλύσω

331 3410 472 3483 apud
512 3408 804 3462 Homerum
844 3403 995 3458 Iliad.
1036 3411 1096 3459 Φ.
1138 3407 1277 3458 518:

523 3496 712 3550 κει’σετ’
752 3496 839 3547 ὑπ’
877 3494 1012 3554 ἰλύος
1054 3491 1458 3556 κεκαλυμμένα·
1501 3491 1600 3544 καδ
1640 3491 1690 3544 δέ
1727 3512 1815 3557 μιν
1847 3492 2003 3546 αὐτόν

520 3584 736 3645 εἰλύσω,

2400 3326 2419 3376 3
2433 3324 2436 3334 2

2404 3379 2417 3396 .

2421 1072 2425 1098 —
2415 670 2432 1047 wmw·—*³'t'‘⁸2⁴
2416 627 2427 659 '»—'
2415 592 2418 597 “
2416 535 2418 538 “

2408 1482 2436 1778 ›citano-Mimo
2420 1423 2433 1470 1201
2416 1299 2433 1405 u-*fx
2420 1279 2422 1289 -
2412 1115 2431 1269 mauu-¹
