2436 4068
1057 192 1164 243 569

170 340 229 395 In
272 338 470 394 Hellen.
508 336 594 390 vl.
637 354 704 391 iv.
751 339 835 390 16.
893 335 1239 391 scribendum
1280 343 1361 392 est
1411 337 1696 403 ἀγγέλλων
1745 354 1840 409 pro
1893 341 2065 404 ἀγγε-

90 436 192 484 λῶν
233 430 286 481 in
327 425 535 480 verbis:
578 426 601 478 ὂ
639 426 735 490 μὲν
773 426 845 485 εἷς
884 427 975 487 τὴν
1015 426 1386 491 Λακεδαίμονα
1442 426 1753 490 ἀγγελῶν
1811 426 1868 479 τὸ
1910 426 2069 487 πάθος

89 519 390 584 ἀφικνεῖται
415 556 428 577 ,
468 515 626 568 cuius
663 512 1012 566 correctionis
1040 519 1094 566 ει
1135 514 1272 566 ratio
1310 519 1495 584 aperta
1532 522 1612 567 εει
1658 520 1712 567 ει
1748 514 1928 568 mendi
1970 515 2073 568 ori⁴

95 622 162 676 go
201 604 499 676 perspicua.
580 600 720 668 Quid
759 607 838 654 εει
893 600 1036 654 enim
1090 600 1143 653 in
1192 599 1347 654 libris
1405 600 1740 672 frequentius
1796 618 1955 673 qnam
2014 610 2074 656 ut
2147 672 2149 674 v

94 690 257 746 semel
300 690 569 745 scribatur
622 704 922 743 consonans
949 682 1116 759 ‘quam
1172 690 1502 758 geminatam
1540 690 1854 760 oportebat?
1934 691 2075 745 Nusd

93 795 258 851 qnam
298 778 432 832 mihi
473 777 619 832 illius
667 777 744 830 rei
785 775 1086 830 observatio
1120 774 1224 829 suit
1259 775 1443 829 utilior
1478 794 1639 847 quam
1680 778 1733 831 in
1777 777 1891 832 loco
1931 778 2075 832 Teic-¹

96 867 168 920 tis
203 865 343 938 apud
385 865 531 921 Stoh.
588 864 775 920 Floril.
810 863 962 919 XCV.
1004 868 1094 918 21.
1148 866 1247 918 τῶν
1291 865 1525 918 τοιούτων
1564 868 1839 934 φροντίδων
1878 887 1964 932 μοι
2001 867 2076 920 δο-

92 962 178 1008 κεῖ
214 956 236 1008 ὁ
275 953 463 1014 ἄσιος
502 952 782 1018 λελυμένος
824 955 957 1007 πολὺ
998 952 1375 1019 εὖσχολώτερος
1418 949 1547 1006 εἶναι
1571 994 1584 1016 ,
1626 952 1717 1006 ubi
1766 954 1789 1007 ὅ
1829 956 2076 1017 ”Ασσιος,

94 1041 146 1097 id
184 1050 266 1097 est
305 1042 617 1105 CleantheS‚
673 1039 1036 1112 reponendum
1079 1058 1194 1095 esse
1223 1039 1494 1113 ‘intellexh
1574 1039 1722 1094 Idem
1765 1042 1869 1095 iam
1920 1048 2076 1096 antea

93 1149 123 1186 a
163 1131 425 1186 Meinekio
475 1136 748 1201 repertum
809 1145 925 1183 εεεε
977 1127 1044 1182 ab
1096 1129 1211 1200 ipso
1266 1127 1557 1183 admoneor
1611 1129 1663 1182 in
1727 1128 1950 1199 praefat.
2010 1129 2076 1183 ad

94 1218 239 1274 Stob.
279 1218 466 1275 morit.
500 1217 594 1272 111.
653 1234 703 1288 p.
742 1233 920 1271 xxxw.
1001 1216 1146 1270 Dabo
1184 1217 1424 1271 ciusdem
1465 1219 1665 1272 erroris
1717 1218 1863 1272 aliud
1902 1235 2078 1273 exem·

94 1307 260 1379 plum.
342 1306 573 1362 Galenus
613 1307 668 1359 in
703 1304 840 1358 libro
876 1303 940 1358 de
975 1303 1163 1376 Simpl.
1207 1304 1483 1359 Medicam.
1527 1307 1677 1360 Tom.
1705 1307 1820 1361 XII.
1862 1324 1912 1379 p.
1953 1310 2078 1362 194.

93 1395 275 1452 Kuhn.
319 1393 514 1449 bellum
556 1411 750 1466 gerens
785 1396 907 1461 πρὸς
946 1395 1063 1453 τοὺς
1105 1394 1454 1459 ἐπιτιμῶντας
1494 1400 1600 1455 τοῖς
1641 1395 1970 1464 σολοικίζουσι
2012 1404 2077 1464 τῇ

90 1491 235 1552 φωνῇ
279 1491 556 1555 postquam
602 1482 992 1537 demonstravit
1041 1481 1261 1535 Veteres
1313 1480 1511 1536 dixisse
1567 1484 1701 1538 λίθον
1757 1484 2079 1550 αἱματίτην,
2120 1544 2122 1547 ,

92 1573 304 1639 πυρίτην
341 1579 480 1635 cet.,
537 1589 639 1625 non
681 1573 955 1636 αἱματῖτιν
1002 1576 1056 1623 et
1104 1576 1302 1636 πυρῖτιν
1326 1612 1341 1635 ,
1385 1571 1462 1624 ita
1502 1573 1710 1642 pergit:
1752 1571 1983 1638 ἔμπαλιν
2024 1575 2077 1628 δὲ

93 1662 183 1722 τὴν
230 1661 425 1726 πέτραν
468 1660 679 1724 λέγουσι
729 1661 954 1721 θηλυκῶς
1012 1660 1066 1712 οὐ
1126 1659 1212 1712 τὸν
1260 1658 1439 1725 πέτρον
1494 1662 1775 1728 ἀρρενικῶς.
1856 1663 2075 1716 Ἀσίαν

90 1748 145 1804 οὔ
200 1749 393 1816 πέτραν
448 1751 539 1802 οὐκ
591 1750 804 1802 ’Ἄσιον
864 1747 1041 1813 πέτρον
1088 1749 1173 1801 τὸν
1228 1747 1361 1800 λίθον
1404 1749 1642 1803 ’‘Ao-tou.
1697 1747 1824 1803 οὕτω
1881 1750 1932 1804 δὲ
1986 1751 2074 1805 καὶ

93 1839 309 1897 Ἀσίας
362 1837 555 1903 πέτρας
606 1834 769 1895 ἄνθος.
850 1834 1091 1889 Emenda
1119 1838 1334 1889 ’Ἄσσιον
1376 1844 1430 1889 et
1473 1838 1692 1891 ’Λσσίαν
1741 1844 1794 1891 et
1835 1839 2074 1900 Ἀσσίοις.

95 1926 300 1979 Passim
348 1924 527 1990 μέλειν
585 1941 679 1994 pro
736 1923 950 1988 μέλλειν
998 1922 1256 1977 scribitur
1296 1931 1348 1978 et
1389 1925 1647 1990 αγγέλω,
1689 1926 1920 1990 ἤγγελον
1972 1935 2074 1982 εει.

96 2013 235 2068 uude
257 2012 411 2067 inuiti
435 2010 724 2066 admodum
761 2012 1041 2083 imperite,
1083 2012 1207 2082 quia
1230 2012 1458 2076 ἤγγελον
1494 2014 1805 2085 saepissime
1841 2016 1893 2069 in
1926 2015 2080 2070 libris

92 2100 444 2164 occurrebat,
504 2101 767 2154 aoristum
820 2098 1114 2153 secundum
1172 2116 1286 2154 esse
1324 2104 1614 2157 commenti
1671 2110 1799 2156 sunt
1842 2111 1895 2158 et
1943 2103 2079 2159 duas

94 2190 292 2244 formas
331 2189 567 2254 ἤγγειλα
606 2195 660 2241 ει
701 2189 929 2252 ἤγγελον
970 2187 1191 2259 perinde
1233 2189 1461 2244 usitatas
1514 2207 1646 2245 esse.
1730 2190 1831 2246 Sed
1878 2209 1939 2246 ea
1989 2210 2079 2247 res

91 2277 246 2351 piane
280 2294 310 2331 a
348 2276 669 2331 Graecitatis
730 2276 942 2345 ingenio
991 2285 1044 2331 et
1086 2293 1188 2331 usu
1229 2277 1496 2333 abhorret.
1570 2282 1850 2345 ’Ήγγειλα
1904 2281 2078 2335 solum

90 2367 353 2422 Graecum
395 2372 478 2420 εει
511 2372 564 2419 ει
600 2364 827 2430 ἤγγελον
871 2364 1023 2418 nihili
1078 2365 1396 2420 vocabulum
1447 2367 1750 2422 scribarum
1802 2370 1932 2423 vitio
1987 2386 2076 2423 na-

93 2463 229 2510 tum.
310 2454 702 2509 Gravissimum
758 2453 808 2506 in
858 2452 1023 2506 simili
1067 2470 1124 2508 re
1163 2471 1402 2509 errorem
1451 2457 1722 2510 commisit
1779 2457 2078 2512 Boeckhius

94 2545 148 2598 in
191 2541 385 2599 Oecon.
429 2541 580 2595 Polit.
626 2540 816 2595 Athen.
857 2540 946 2605 1¹11.
990 2559 1037 2612 p.
1075 2546 1203 2598 555.
1249 2560 1414 2614 quum
1454 2544 1554 2598 sibi
1589 2547 1850 2600 aoristum
1893 2564 2079 2602 sccun-

90 2632 219 2686 dum
254 2631 442 2699 ἔφανον
482 2630 745 2701 reperisse
781 2627 1078 2693 videretur,
1120 2629 1185 2684 de
1218 2647 1323 2702 qua
1358 2630 1526 2686 forma
1559 2633 1686 2688 olim
1718 2636 2079 2690 Buttmannus

92 2720 229 2776 male
270 2718 585 2774 dubitasset.
650 2721 885 2785 Ἔφανον
928 2734 1022 2788 pro
1059 2717 1227 2786 ἕφηνα
1270 2726 1350 2773 εει
1391 2721 1627 2776 eiusdem
1672 2722 1876 2777 farinae
1917 2731 2079 2795 atque

89 2811 317 2874 ἥγγελον
371 2814 425 2862 ει
484 2822 704 2878 prorsus
764 2805 1070 2859 barbarum.
1164 2806 1222 2860 In
1290 2806 1692 2879 Psephismatc,
1765 2812 1906 2883 quod
1967 2812 2076 2865 iilic

93 2896 389 2952 Boeckbius
423 2893 619 2957 edidit,
662 2894 923 2965 scriptum
968 2902 1047 2948 est
1088 2895 1139 2949 in
1186 2894 1327 2950 hunc
1370 2897 1614 2953 modum:
1658 2901 1744 2954 καὶ
1781 2901 1866 2955 τὸν
1904 2907 2083 2968 γραμ·’

90 2987 268 3052 ματέα
315 2991 412 3039 τῶν
467 2982 645 3037 ἕνδεκα
684 2985 989 3049 ἀπαλεῖψαι
1038 2984 1144 3037 οὶπὸ
1197 2989 1287 3038 τοῦ
1336 2986 1640 3054 ὠφλημένου
1690 2988 1946 3044 Σωπόλιδι
1986 2992 2074 3056 αρ-

90 3075 262 3141 γυρίου
313 3070 342 3126 ὅ
375 3093 426 3125 τι
480 3072 543 3125 ἂν
592 3077 964 3125 ΛΠΟΦΑΝΗΙ
1018 3074 1158 3139 αὐτῷ
1213 3073 1235 3125 o‘
1285 3074 1484 3138 ταμίας
1532 3077 1875 3146 ἁπειληφώς,
1932 3075 2068 3148 quod

94 3179 195 3216 non
238 3161 460 3215 barbare
499 3158 749 3227 ἀποφαίνῃ
794 3157 1135 3214 scribendum
1180 3170 1296 3214 crat
1337 3162 1425 3215 scd
1469 3165 1667 3235 optime
1707 3165 1907 3219 Graece
1946 3168 2071 3219 οὶπο-

93 3257 236 3317 φανῇ
280 3248 353 3322 (id
387 3256 467 3303 εει
498 3247 807 3319 ἀποδειχθῇ)
850 3255 902 3301 ει
939 3247 1082 3302 saiva
1124 3256 1285 3303 erunt
1321 3252 1515 3304 omnia.

169 3338 383 3392 Certum
445 3337 636 3390 vitium
698 3343 779 3390 est
833 3336 923 3391 sed
988 3336 1252 3390 medicina
1314 3338 1516 3393 incerta
1560 3340 1644 3395 Vl.
1689 3357 1755 3394 ιν.
1801 3344 1888 3394 24.
1934 3342 1975 3393 εἱ
2030 3341 2072 3393 δ’

95 3426 520 3479 ἐπιλαθέσθαι
590 3426 838 3489 βούλεσθε
897 3427 954 3478 τὸ
1010 3426 1355 3491 γεγενημένον
1422 3426 1617 3487 πάθος,
1684 3445 1785 3482 non
1846 3427 2073 3497 contigit

100 3511 229 3568 mihi
270 3513 501 3582 reperire
536 3511 664 3582 quid
708 3512 869 3567 lateat
909 3514 959 3566 in
1012 3521 1539 3579 ΕΠΙΛΑΘΕΣΘΑΙ,
1581 3533 1741 3586 quarn
1784 3513 2070 3569 absurdam

1570 3610 1612 3639 28
