2436 4068
989 194 1092 244 ¹785

62 335 572 402 κατακεκλασμένος.
654 334 886 390 Verbum
928 339 1205 390 κατακλῶν
1245 340 1298 388 ει
1339 332 1599 387 rationem
1637 329 1795 384 habel.
1832 339 2032 386 certam

63 435 118 482 ει
155 442 311 480 usum
337 467 351 489 ‚
392 426 654 492 προσκλοῖν
696 423 762 477 ab
802 431 1029 494 utroque
1069 423 1373 476 damnatur.

139 513 285 580 Quae
326 510 524 582 ubique
563 513 875 582 permisceri
912 510 1082 565 solent
1123 510 1347 575 βάλλειν
1387 514 1439 563 et
1475 509 1698 575 βαλεῖν,
1737 506 2033 573 βάλλεσθαι

65 607 119 656 ει,
155 598 414 665 βαλέσθαι
456 598 537 652 his
573 598 792 653 confusa
834 616 950 653 esse
984 600 1039 651 in
1076 597 1174 651 hoc
1227 596 1363 650 libro
1402 596 1565 650 cerlis
1600 594 1816 650 indiciis
1856 593 2037 666 depre-

65 685 284 743 hendes,
329 686 468 740 VIII.
515 689 607 740 10:
650 687 707 749 ἢν
742 688 801 741 τὸ
837 686 949 754 δόρυ
987 688 1062 739 εἰς
1096 685 1363 739 τοῦπισθεν
1401 683 2038 749 μεταβαλλόμενος

31 776 304 842 -ὑποχωρῇ
347 780 456 828 lam
498 773 637 828 male
676 773 879 827 dictum
918 781 998 828 εει
1043 789 1106 827 ac
1145 774 1189 825 si
1231 773 1351 842 quis
1391 772 1638 826 abiiciens
1671 771 1916 844 clypeum
1953 768 2039 824 fu-

24 866 38 922 g
63 878 191 933 gere
230 861 531 915 diceretur:
574 862 756 932 itaque
795 860 1231 927 μεταβαλόμενος
1281 875 1491 930 repone.
1553 858 1721 913 -Alter
1755 858 1904 913 locus
1954 864 2036 912 est

22 949 203 1005 ·Vlll.
248 954 306 1003 7:
367 946 516 1010 ἧττον
566 949 672 1016 γὰρ
725 948 789 1003 ἂν
839 949 1037 1004 ὑποδύοι
1081 951 1105 1002 ὁ
1159 944 1314 1007 ἵππος
1371 947 1458 1001 καὶ
1517 946 1886 1013 οέναβοὶλλοι
1950 947 2035 1002 τὸν

22 1036 377 1114 ξᾶναβοέτην,
419 1037 508 1091 ubi
542 1037 804 1103 ἀναβαλοι
848 1052 1033 1091 verum
1076 1051 1190 1090 esse
1227 1036 1302 1088 sic
1333 1035 1532 1105 optime
1568 1034 1832 1105 intelliges
1866 1051 2032 1106 quum

23 1155 26 1157 Δ
64 1124 513 1181 animadverteris
554 1125 755 1180 ὑποδύοι
797 1141 1007 1196 quoque
1048 1125 1101 1177 in
1156 1138 1400 1176 sermone
1457 1122 1634 1176 Attico
1672 1122 1854 1176 αονίειι·
1890 1130 2035 1194 opla-

64 1214 239 1268 tivum
279 1229 425 1277 esse,
457 1214 749 1285 praesentis
784 1213 1081 1284 optativum
1122 1227 1236 1264 esse
1271 1227 1373 1263 non
1409 1226 1576 1281 posse.
1654 1209 1880 1264 Nolandi
1912 1216 2039 1264 sunt

19 1372 23 1380 Ι
62 1302 121 1356 in
160 1300 245 1355 his
282 1300 469 1355 formis
502 1301 802 1373 pervulgati
844 1299 1063 1372 quidam
1105 1298 1590 1354 Grammaticorum
1633 1305 1686 1353 ει
1722 1298 2033 1369 Lexicogra-

17 1387 27 1419 '²
61 1389 292 1463 phorum
333 1405 560 1444 errores,
640 1387 1021 1460 Pervulgatum
1062 1395 1141 1442 εει
1181 1388 1417 1459 primum
1459 1386 1590 1441 haec
1628 1385 1789 1441 verba
1829 1386 1907 1440 sie
1948 1403 2036 1458 po-

16 1468 27 1547 '3
64 1494 226 1534 nere:
267 1478 495 1532 ’Τποδύω
535 1483 587 1532 el
627 1477 944 1543 ὑποδύομαι,
995 1477 1224 1531 ’Λναδύω
1266 1484 1318 1530 ει
1356 1476 1682 1541 ἀναδύομαι,
1736 1475 1941 1530 Διαδύω
1983 1482 2038 1530 et

14 1612 20 1621 .
61 1566 371 1632 διαδύομαι,
423 1565 675 1633 Παραδύω
717 1573 770 1620 ει
815 1566 1146 1633 παραδύομαι
1188 1571 1313 1620 cett.
1372 1563 1463 1619 sed
1517 1564 1748 1627 ὑποδύω,
1802 1565 2038 1630 αναδύω,

16 1670 29 1744 ‘3
63 1653 284 1719 διαδύω,
323 1654 567 1721 παραδύω
602 1660 728 1708 εειι.
771 1654 1069 1724 praesentis
1106 1654 1362 1724 temporis
1405 1651 1575 1706 forma
1622 1653 1678 1706 in
1718 1651 2037 1707 Grammati-

16 1757 25 1806 τ’
64 1759 252 1798 eorum
294 1742 530 1797 cerebris
583 1750 710 1796 nala
761 1750 843 1796 est
892 1748 944 1797 ει
984 1740 1224 1797 eiusdem
1268 1748 1512 1795 monetae
1549 1747 1629 1796 est
1666 1747 1827 1812 alque
1879 1743 2036 1808 δὺμι,

15 1821 27 1875 ῗ
65 1831 286 1896 ὑπόδυμι
334 1837 459 1886 εειι.
537 1830 725 1902 Itaque
779 1829 1066 1884 barbarum
1119 1836 1200 1884 est
1255 1828 1516 1900 quidquid
1568 1845 1630 1883 ex
1689 1828 1794 1883 illis
1853 1829 2038 1886 formis

66 1919 458 1975 commenticiis
498 1919 776 1989 gignitur,
819 1926 878 1973 ul
915 1919 1159 1979 ὑπέδυον,
1205 1918 1425 1982 ὑπόδυε,
1466 1916 1732 1979 ὑποδύειν,
1774 1919 2030 1983 ὑποδύων,

68 2015 384 2079 caeteraque
419 2023 556 2078 quae
595 2023 752 2061 nemo
784 2006 916 2060 vidit
954 2014 1008 2061 et
1046 2023 1201 2060 nemo
1242 2005 1456 2060 videbit.
1534 2006 1829 2072 ’Τποδύοιμι
1862 2008 2043 2062 aot-isti

65 2097 336 2168 optativus
375 2103 455 2150 εει
494 2102 548 2150 ει
588 2095 784 2150 ὑποδύω
825 2095 1063 2150 eiusdem
1116 2095 1300 2149 aorisli
1340 2101 1419 2149 est
1464 2095 1855 2151 coniunctivus.
1935 2098 2041 2152 Ila-

19 2193 25 2225 ’-
65 2201 172 2256 que
222 2185 437 2252 ὑποδύῃς
485 2192 537 2239 ει
594 2184 782 2254 ὑποδύῃ
835 2184 1035 2239 Graeca
1091 2190 1252 2248 sunt,
1310 2183 1538 2245 ὑποδύεις
1585 2191 1636 2238 ει
1678 2185 1879 2240 ὑποδύει
1922 2185 2037 2241 bar-

24 2316 28 2322 .
62 2271 222 2335 hara3
264 2273 475 2327 tertiam
518 2288 798 2344 personam
836 2273 1038 2328 ὑποδύει
1077 2271 1225 2334 dico,
1272 2287 1503 2343 namque
1544 2271 1864 2339 ὑποδύομαι,
1907 2275 2039 2330 ὑπο-

24 2361 200 2416 ’δύει
260 2362 461 2432 optime
509 2359 686 2414 habet.
767 2360 871 2415 Res
920 2367 1001 2415 εει
1049 2359 1275 2431 simplex
1328 2368 1381 2414 ει
1434 2361 1752 2431 perspicua:
1813 2363 2045 2418 aoristus

66 2438 214 2513 ἔδυν,
252 2449 446 2504 ἀπέδυν
468 2491 481 2513 ,
521 2449 700 2504 ἄνέδυν
722 2491 736 2513 ,
776 2450 935 2504 διέδυν
958 2491 972 2514 ,
1011 2449 1177 2504 ε’νέδυν
1204 2491 1217 2515 ,
1255 2448 1454 2513 ἐξέδυν,
1495 2448 1711 2503 κατέδυν
1733 2491 1747 2511 ,
1794 2452 2040 2519 παρέδυν,

25 2590 28 2595 ,
67 2538 255 2594 ὖπέδυν
293 2545 422 2593 cett.
465 2536 624 2592 hahet
675 2538 970 2609 optativum
1012 2537 1210 2603 δύοιμι,
1261 2537 1569 2602 ἀποδύοιμι,
1625 2538 1892 2604 ἀναδύοιμι
1938 2548 2040 2598 eet.

67 2618 121 2682 ει
161 2627 565 2689 coniunctivum
619 2625 754 2690 δύω,
792 2627 996 2680 αποδύω
1020 2668 1033 2690 ,
1073 2625 1274 2681 οὶναδύω
1333 2634 1433 2679 εει.
1514 2624 1785 2697 Quidquid
1836 2644 1898 2683 ex
1934 2634 2041 2701 pri-

68 2732 160 2771 seo
218 2723 377 2770 ΔΎΩ
430 2715 784 2787 compositum
838 2722 920 2769 εει
977 2713 1131 2769 habel
1186 2715 1453 2768 notionem
1507 2715 1924 2781 intransicae'vam,
1981 2728 2042 2774 ut

71 2803 555 2859 Grammaticorum
601 2804 752 2874 pueri
791 2801 1122 2874 loquuntur,
1181 2809 1393 2874 praeter
1430 2801 1560 2857 haec
1598 2810 1861 2874 quatuor:
1913 2808 2041 2863 οὶπο-

67 2892 200 2955 δύω,
241 2891 392 2947 eveum
416 2933 431 2953 ,
474 2891 631 2947 ἐκδύω
670 2898 724 2947 et
762 2892 1037 2956 καταδύω,
1095 2906 1217 2946 nam
1266 2891 1513 2962 quintum
1564 2890 1776 2959 περιδύω
1832 2895 2042 2950 rarissi-

68 2995 219 3036 mum
261 2987 358 3034 εει.
440 2978 580 3034 Haec
621 2978 729 3034 sola
771 2978 968 3034 habent
1013 2986 1252 3051 tempora
1298 2978 1525 3050 triplicis
1567 2977 1795 3035 formae:

141 3068 377 3124 Activae:
418 3068 942 3131 ἀποδύω,-ε’δυον,
987 3070 1165 3123 -δυε
1191 3109 1204 3133 ,
1247 3067 1538 3134 -δύοιμι,
1580 3069 1804 3133 -δύω,
1848 3102 1922 3112 -
1956 3074 2041 3128 δύ-

69 3177 173 3221 ειν,
212 3189 285 3197 -—
326 3157 489 3220 δύων,
544 3154 736 3210 deinde
776 3155 1048 3221 οὶποδύσω,
1102 3155 1340 3210 ἀπέδυτα
1392 3162 1444 3210 el
1482 3157 1810 3220 ἀποδέδωκας
1855 3160 2040 3215 simili-

0 3284 1 3299 1
73 3251 258 3316 terque
295 3245 349 3297 in
387 3242 563 3298 tribus
602 3243 823 3316 reliquis
863 3244 1046 3300 ἐνδύσω
1070 3285 1084 3306 ,
1128 3244 1318 3299 ἐκδύσω
1341 3287 1356 3309 ,
1396 3244 1670 3299 καταδύσω
1713 3251 1814 3300 εει.

145 3331 427 3386 Pas-vivae:
469 3332 796 3398 ἀποδύομαι,
835 3334 1154 3400 ἀποδέδυμαι
1179 3376 1194 3396 ,
1221 3332 1490 3393 Υοὶπεδύθην
1528 3338 1581 3387 et
1614 3333 1998 3401 ἀποδυθήσομαι
2026 3381 2037 3402 ,

74 3419 431 3491 simililerque
470 3420 771 3486 ἐνδέδυμαι,
814 3420 1045 3484 ἕξεδύθην
1068 3465 1082 3486 ,
1121 3422 1539 3486 καταδυθήσομαι
1563 3462 1576 3484 ,
1618 3426 1716 3474 cel.

147 3507 374 3563 Mediae:
427 3508 754 3574 ἀποδύομαι,
811 3511 1170 3576 ἀποδύσομαι,
1226 3509 1416 3564 ἀπέδυν
1457 3515 1509 3562 ει
1542 3507 1847 3563 ἀποδέδωκα.
1932 3510 2038 3569 Hac

0 3630 1 3636 ι
77 3594 272 3652 formae
326 3614 547 3662 οηιηεε,
608 3597 730 3669 quia
788 3596 983 3668 ubique
1044 3598 1278 3654 locorum
1351 3596 1653 3668 frequcnlcs
1713 3609 2036 3667 occurrunt,
