2436 4068
1001 202 1104 252 413

91 349 479 418 συνηθροισμένοι
522 355 800 419 postquam
844 361 1184 418 quacumque
1222 343 1286 397 dc
1333 360 1492 399 causa
1546 343 1768 400 disiecta
1810 356 1859 402 et
1906 350 2059 418 dissi-

92 446 216 509 pata
274 444 437 501 sunt,
493 444 551 491 ut
605 437 817 509 saepius
875 437 1010 489 acies
1063 433 1143 487 vel
1183 432 1388 486 ordines
1433 432 1690 488 dicuntur
1728 437 2054 494 διεσπάσθαι.

90 526 283 579 Contra
321 542 457 596 quae
497 526 678 596 copiae
718 523 943 577 diversis
983 521 1112 575 locis
1151 523 1202 574 in
1257 520 1362 574 late
1413 527 1627 592 patente
1665 523 1887 593 imperio
1934 527 2058 581 Per-

88 629 269 667 sarum
311 621 465 668 erant
504 613 775 684 dispersae
827 609 1194 676 διεσπαρμέναι
1240 606 1404 673 ἦσαν,
1448 617 1505 663 ut
1553 610 1759 664 insulae
1814 612 1867 665 in
1922 616 2058 668 mari
2135 667 2137 669 ,

91 707 256 755 vasto.
334 700 394 754 In
438 706 589 773 510.
631 698 839 754 offendo
879 698 933 749 in
979 695 1140 749 verbo
1198 696 1544 760 ἐπίμπλασαν
1592 698 1779 765 χόρτου
1828 700 2059 770 κούφου,

35 820 43 827 -
90 796 146 843 et
183 805 247 843 ex
288 787 484 843 Suidae
523 790 792 860 scriptura
833 784 1179 850 ἐμπίπλασαν
1235 784 1390 838 elicio
1431 787 1792 842 necessarium
1848 790 2062 857 ἕνεπίμ·

90 890 321 931 πλασαν.
401 877 514 931 Nou
554 876 709 932 facile
755 873 969 930 credam
1024 870 1249 942 simplex
1283 872 1560 937 πίμπλημι
1617 874 2058 947 Xenophonteum

88 963 307 1020 verbum
337 981 469 1019 esse.
547 965 713 1020 Nemo
751 963 1049 1017 Atticorum
1091 959 1180 1012 illo
1216 958 1374 1013 verbo
1427 960 1602 1014 utitur
1642 970 1853 1032 praeter
1890 982 2056 1020 unum

89 1052 357 1108 Platonem
382 1096 396 1117 ,
436 1054 529 1124 qui
568 1053 639 1107 τα
676 1046 1120 1121 κατημαξευμένα
1161 1045 1252 1100 ubi
1295 1053 1466 1118 potest
1507 1049 1676 1102 vitare
1723 1050 1872 1105 solet.
2127 1038 2130 1047 ’

161 1140 272 1195 Νοη
317 1140 469 1195 video
511 1142 563 1195 in
604 1143 632 1210 ᾗ
669 1143 753 1194 16.
805 1155 903 1192 cur
942 1136 1212 1207 scriptura
1250 1136 1702 1204 κατακεκόψεσθαι
1744 1138 1798 1190 in
1851 1140 2061 1197 verbis:

89 1229 318 1296 νομίζετε
356 1231 408 1282 ἐν
447 1230 567 1297 τῇδε
606 1237 670 1296 τῇ
711 1227 874 1296 ἡμέρᾳ
917 1225 1011 1290 ἐμέ
1056 1245 1116 1278 τε
1167 1223 1737 1292 κατακεκόψεσθαι
1791 1226 1877 1280 καὶ
1919 1230 2058 1294 ὑμᾶς

88 1318 142 1371 οὖ
176 1317 308 1371 πολὺ
365 1318 489 1381 ἐμοῦ
528 1315 696 1383 ῦςερον
752 1311 1122 1386 anteponenda
1162 1311 1325 1366 fuerit
1377 1310 1580 1366 formae
1630 1315 2059 1383 κατακόψεσθαι,

92 1402 143 1458 id
190 1412 272 1460 est
317 1407 808 1468 κατακοπήσεσθαι,
869 1401 923 1455 id
977 1400 1115 1472 quod
1177 1400 1278 1453 loci
1333 1401 1600 1455 sententia
1635 1403 1902 1474 requirit,
1955 1422 2060 1460 nou

88 1494 539 1559 κατακεκομμένον
572 1492 792 1547 ἔσεσθαι.
871 1490 929 1544 In
973 1506 1081 1560 seq.
1125 1491 1155 1556 ἓ
1190 1493 1276 1543 17.
1318 1490 1369 1542 ἐν
1410 1490 1573 1556 ἑαυτῷ
1614 1490 1819 1554 ἐγένετο
1856 1509 1887 1546 a
1926 1494 2058 1548 scio·
2114 1539 2116 1542 s

89 1578 155 1634 lis
194 1581 464 1636 invectum
507 1589 619 1646 est,
675 1581 766 1652 qui
808 1586 962 1634 vetus
1000 1577 1251 1650 loquendi
1290 1593 1459 1647 genus
1515 1578 1564 1630 ἐν
1618 1579 1799 1634 ἑαυτοῦ
1854 1581 2059 1646 ἐγένετο

87 1667 439 1723 mirabantur.
519 1666 979 1737 Quemadmodum
1037 1666 1262 1720 Romani
1303 1664 1553 1719 dicebant
1602 1684 1701 1720 non
1755 1686 1868 1722 sum
1922 1672 2063 1742 apud

85 1773 204 1817 me,
244 1756 322 1810 sic
364 1757 667 1812 Atticorum
703 1754 1032 1811 consuetudo
1068 1761 1147 1808 est
1182 1753 1360 1808 dicere
1392 1753 1481 1807 οὔκ
1521 1756 1625 1820 εἰμι
1662 1756 1712 1808 ἐν
1751 1756 2060 1825 ἐμαυτοῦ,

85 1849 136 1899 et
179 1860 283 1898 non
336 1845 514 1899 minus
567 1847 819 1900 vitiosum
860 1850 942 1898 est
988 1844 1038 1895 ἐν
1093 1843 1256 1909 ἑαυτῷ
1308 1841 1547 1906 ἐγένετο,
1599 1859 1662 1897 ac
1703 1845 1747 1897 si
1787 1847 1910 1916 quis
1960 1865 2059 1919 pro

84 1931 188 1988 ἔςιν
226 1934 279 1986 ἐν
317 1934 441 1998 ἐμοῦ
483 1933 638 1988 vellet
679 1936 728 1988 ἐν
767 1934 882 1997 ε’μοί
928 1929 1270 1985 substituere.
1351 1927 1610 1984 Librariis
1648 1932 1700 1984 in
1742 1949 1803 1986 ea
1843 1950 1902 1988 re
1944 1952 2058 2006 per·

84 2017 238 2073 facile
277 2027 359 2074 est
399 2020 536 2077 labi:
593 2023 646 2075 in
692 2021 881 2092 Vespis
914 2023 1041 2074 642.
1083 2019 1246 2072 Bekk.
1301 2034 1395 2088 pro
1456 2034 1578 2072 vera
1629 2017 1856 2074 lectione
1906 2024 2058 2080 κοέςὶν

82 2109 169 2161 οὐκ
208 2108 260 2160 ἐν
300 2111 459 2163 αὑτοῦ
515 2111 568 2163 in
621 2110 926 2163 Ravennate
977 2106 1175 2177 legitur
1215 2108 1306 2159 οὐκ
1359 2106 1409 2158 ἐν
1451 2107 1642 2168 αὑτῶι,
1703 2107 1843 2177 quod
1903 2126 2058 2166 nemo

83 2195 318 2266 recipiet.
411 2196 626 2251 Peccari
683 2196 835 2250 video
891 2196 1055 2250 etiam
1116 2195 1168 2247 in
1227 2192 1580 2264 sequioribus,
1675 2194 1826 2266 Apud
1886 2198 2059 2254 Xeno-

83 2281 332 2354 phontem
369 2283 660 2355 Ephesium
699 2283 898 2354 legitur
952 2283 1158 2337 duobus
1194 2281 1326 2334 locis
1358 2281 1472 2335 sine
1512 2281 1642 2334 vitio
1692 2299 1740 2353 p.
1782 2287 1924 2351 216,
1967 2290 2056 2344 26.

82 2370 159 2447 (in
215 2371 501 2443 Hirschigii
554 2371 808 2445 Eroticis)
863 2375 926 2432 ὦς
967 2370 1132 2434 ἔδοξεν
1172 2372 1222 2424 ἐν
1276 2371 1438 2432 αὑτῆς
1491 2370 1788 2436 γεγονέναι,
1837 2379 1890 2428 et
1938 2391 2056 2447 pag.

83 2462 229 2525 221,
276 2463 359 2514 12.
415 2462 458 2514 οἱ
496 2462 539 2515 δ’
580 2462 630 2515 ἐν
669 2462 861 2515 ἑαυτῶν
902 2458 1197 2524 γενόμενοιε
1243 2459 1429 2512 vitiose
1469 2475 1518 2529 p.
1554 2461 1695 2523 205,
1742 2464 1824 2515 10.
1870 2464 1898 2525 ἦ
1931 2465 2056 2517 '‘Av-

81 2549 188 2603 θεια
227 2550 412 2611 ἑαυτῆς
446 2550 724 2615 γενομένη,
766 2557 819 2603 et
861 2551 1005 2612 207,
1047 2551 1136 2602 46.
1180 2549 1207 2610 ἦ
1242 2547 1284 2600 δ’
1327 2548 1376 2600 ἐν
1411 2547 1545 2615 αὐτῇ
1586 2548 1864 2613 γενομένη,
1911 2558 2056 2606 utro·-

82 2633 240 2708 bique
275 2639 328 2691 ἐν
366 2638 527 2700 αὐτῆς
564 2637 944 2710 reponendum.
1026 2634 1223 2690 Eodem
1269 2651 1427 2688 sensu
1469 2635 1606 2695 ἐντὸς
1635 2636 1864 2700 ἐμαυτοῦ
1910 2646 2056 2695 recte

79 2722 313 2789 dicitur,
355 2725 547 2782 Herod.
584 2726 696 2780 Vll.
739 2730 827 2780 47.
888 2722 1156 2780 Demosth.
1196 2722 1431 2777 XXXIV.
1475 2725 1580 2787 20,
1620 2731 1674 2778 et
1709 2725 1852 2781 alibi.

154 2811 213 2869 In
251 2812 388 2868 libro
425 2813 467 2868 Ι.
506 2832 572 2869 vt.
618 2820 666 2869 7.
709 2815 852 2869 ὁπότ’
885 2811 952 2868 αὖ
991 2811 1149 2877 ἔγνως
1186 2812 1276 2873 τὴν
1317 2815 1535 2865 σεαυτοῦ
1573 2811 1814 2878 δύναμιν,
1846 2822 2051 2886 poterat

83 2916 187 2956 uuo
218 2901 377 2957 verbo
416 2901 592 2958 (licere
631 2901 1101 2970 ἐγνωσιμάχησας,
1143 2898 1195 2953 id
1233 2905 1315 2953 est
1355 2898 1513 2965 ἔγνως
1536 2900 1628 2962 την
1649 2907 1867 2957 σεαυτοῦ
1905 2906 2052 2961 οὶσθέ-

78 3009 244 3053 νειαν,
286 2989 378 3045 sed
418 2992 591 3046 utitur
630 2991 803 3064 Cyrus
841 2988 1105 3060 exquisita
1157 2986 1367 3042 dicendi
1408 2986 1746 3055 urbanitate,
1793 2998 1850 3045 ut
1891 2993 2051 3064 paulo

81 3084 204 3133 ante
246 3079 352 3147 §6
397 3079 449 3132 in
488 3078 663 3133 verbis
702 3078 918 3141 ἐποίησα
958 3074 1054 3133 ὤςε
1094 3074 1236 3139 δόξαι
1277 3075 1439 3145 τούτῳ
1477 3082 1564 3131 τοῦ
1605 3079 1725 3145 πρὸς
1767 3080 1859 3146 ἐμὲ
1895 3083 2051 3136 πολέ-

78 3184 179 3230 μου
210 3167 547 3230 παύσασθαι,
604 3167 828 3222 mirifica
876 3166 1114 3236 εὐφημία
1158 3171 1211 3220 et
1249 3164 1467 3220 lenitate
1511 3164 1793 3220 verborum
1851 3171 2050 3241 asperi-

82 3259 244 3309 tatem
280 3256 354 3309 rei
395 3272 496 3310 non
539 3254 814 3311 occultans
854 3253 944 3309 sed
976 3253 1318 3308 obumbrans,

157 3338 214 3395 ln
255 3341 295 3397 l.
340 3359 406 3397 vl.
452 3348 537 3399 10.
597 3342 931 3409 ἐλάβοντο
987 3349 1079 3406 τῆς
1134 3342 1286 3410 ζώνης
1347 3343 1432 3396 τὸν
1485 3341 1727 3409 Ὀρόντην
1782 3343 2050 3401 nonnullis

85 3443 185 3481 non
227 3444 343 3483 esse
380 3429 645 3487 soloecum
682 3430 848 3486 videri
889 3447 1014 3485 sane
1046 3431 1244 3485 mirum
1280 3436 1390 3494 est,
1431 3430 1681 3501 quoniam
1721 3430 1906 3486 Graeci
1940 3450 2049 3488 om-

86 3532 180 3570 nes
215 3523 267 3570 et
299 3516 512 3573 Veteres
560 3526 612 3574 et
652 3521 923 3591 sequiores
956 3520 1145 3585 λαβεῖν
1202 3518 1351 3574 τινα
1391 3524 1483 3580 τῆς
1531 3517 1727 3586 χειρός,
1782 3525 1834 3573 et
1878 3522 2050 3587 λαβέ-

85 3605 199 3658 σθαι
240 3608 403 3666 τινὸς
448 3614 541 3668 τῆς
591 3608 795 3675 χειρός,
838 3616 889 3663 et
934 3608 1130 3663 similia
1178 3608 1353 3663 omnia
1390 3605 1800 3676 diligentissime
1840 3625 2050 3682 semper
