2436 4068
1063 189 1168 238 '2:35

214 329 411 385 Eadem
466 327 620 400 plane
678 331 814 384 ratio
858 339 940 384 est
991 330 1309 386 emendandi
1369 331 1468 385 loci
1521 333 1576 385 in
1633 335 1871 389 oratione
1927 337 2097 408 prima

119 421 238 473 κατ’
272 419 666 484 Ἀριςογείτονος
709 435 826 489 pag.
866 423 972 473 776
1017 424 1065 474 7.
1118 418 1284 487 ὥσπερ
1319 420 1382 475 ἂν
1417 422 1459 476 εἰ
1500 422 1717 484 καθῆσθε
1751 423 1924 490 ε’ροένου
1964 440 2096 489 πλη·

117 506 276 572 paral
294 547 310 566 ‚
355 505 444 558 ubi
480 507 677 560 caeteri
714 506 836 560 libri
875 506 1117 568 ἐκάθησθε
1147 508 1434 571 exhibent,
1477 509 1754 564 Parisinus
1793 510 1828 565 S
1862 529 1892 565 a
1924 515 2100 583 prima

116 609 281 647 manu
331 593 446 647 sine
492 602 717 648 accentu
763 596 1022 659 καθησθε,
1079 597 1133 648 in
1194 613 1299 666 quo
1358 596 1489 651 latet
1540 599 1812 669 optativus
1858 603 2096 670 καθῆσθε.

116 682 216 748 Qui
258 680 395 735 hanc
434 681 803 736 vehementem
843 683 1138 737 orationem
1176 683 1243 736 ab
1276 683 1455 754 aliquo
1496 684 1707 742 rhetore
1739 687 2098 744 Alexandrino

111 770 459 840 compositam
508 786 623 823 esse
666 776 857 840 putant
895 770 1267 824 demonstrant
1305 787 1467 841 quam
1508 790 1698 844 parum
1753 775 1928 835 idonei
1984 779 2094 833 sint

109 858 164 911 in
206 856 513 911 huiusmodi
549 857 708 912 rebus
751 857 972 913 iudices,
1055 857 1462 912 Demosthenem
1518 861 1634 915 eius
1676 872 1952 920 auctorem
1989 883 2092 920 non

107 961 223 999 esse
262 953 508 1016 apertum
561 953 677 1007 est,
724 962 754 999 a
806 947 964 1000 cuius
1016 946 1230 1016 ingenio
1269 963 1440 1017 genus
1481 946 1580 1002 hoc
1619 949 1832 1004 dicendi
1871 970 2092 1023 prorsus

108 1031 386 1096 abhorret;
426 1032 492 1086 ab
530 1034 648 1087 eius
670 1033 911 1105 populari
934 1043 988 1089 et
1027 1034 1236 1105 aequali
1278 1036 1534 1106 scriptam
1578 1044 1630 1091 et
1670 1037 1736 1092 ad
1779 1056 1929 1094 reum
1974 1059 2095 1112 per·

14 1156 37 1193 .
105 1120 371 1193 agendum
423 1122 679 1193 scriptam
728 1131 781 1177 et
834 1125 885 1178 in
924 1123 1124 1178 iudicio
1158 1122 1394 1180 habitam
1429 1140 1545 1178 esse
1583 1142 1689 1196 quo
1728 1129 1940 1198 saepius
1975 1146 2092 1184 eam

107 1209 283 1281 retego
317 1226 379 1264 eo
413 1209 471 1264 fit
511 1210 644 1264 mihi
685 1228 895 1283 semper
930 1213 1134 1267 certius
1175 1229 1272 1266 nec
1308 1229 1492 1284 premo
1526 1214 1883 1285 suspicionem
1921 1217 2092 1289 Hype-

105 1297 284 1352 rideae
310 1297 592 1353 facundiae
622 1316 738 1354 esse
767 1300 865 1355 hoc
907 1307 1316 1355 monumentum
1352 1300 1626 1372 aliquanto
1656 1303 1831 1358 etiam
1854 1303 2094 1359 luculen-

109 1386 219 1442 tius
249 1403 412 1458 quam
443 1395 525 1442 est
558 1388 730 1443 oratio
763 1391 886 1457 ὑπὲρ
919 1388 1263 1452 Εὐξενίππου.
1321 1389 1423 1445 Sed
1457 1389 1616 1448 redeo
1644 1389 1708 1445 ad
1740 1394 2089 1462 propositum.

208 1474 673 1543 Quemadmodum
700 1518 713 1540 ,
766 1483 828 1531 ut
884 1494 1046 1550 supra
1108 1477 1475 1541 ostendimuS,
1533 1479 1887 1549 διαβεβλῇσθε
1954 1481 2096 1553 apud
2143 1531 2145 1533 .

105 1562 430 1622 Andocidem
470 1566 676 1628 evasit,
717 1564 901 1621 eodem
943 1565 1099 1620 modo
1151 1566 1203 1620 in
1244 1566 1618 1638 Aristophanis
1669 1567 1968 1640 Lysistrata
2007 1587 2088 1628 vs,

110 1656 232 1708 149.
273 1659 547 1709 servatum
587 1660 702 1708 est:

480 1742 522 1795 εἰ
562 1742 670 1808 γὰρ
708 1744 953 1811 καθήμεθ’
992 1742 1124 1798 ἔνδον
1164 1743 1591 1810 ἐντετριμμέναι,

8 1871 10 1890 1
104 1829 159 1884 in
194 1831 440 1894 καθήμεθ’
474 1828 610 1884 ἔνδον
651 1846 746 1900 per
781 1829 951 1884 multa
991 1830 1202 1886 saecula
1240 1848 1271 1885 a
1305 1831 1699 1888 correctoribus
1737 1840 1950 1899 tutum,
1993 1834 2087 1906 qui

7 1909 19 1952 ἕ
101 1933 200 1973 sno
247 1933 396 1972 more
446 1917 675 1988 grassati
717 1925 846 1972 sunt
899 1918 952 1972 in
1007 1919 1172 1974 Ranis
1209 1923 1336 1974 919.
1385 1918 1445 1974 ἵν’
1497 1923 1522 1972 ὁ
1574 1922 1758 1983 θεατὴς
1805 1923 2085 1990 προσδοκῶν

5 2015 11 2066 J
100 2009 332 2068 καθοῖτο,
388 2005 476 2060 ubi
530 2005 803 2061 Dobraeus
852 2005 940 2079 (ad
997 2006 1134 2061 Plut.
1167 2009 1320 2080 992.)
1382 2015 1528 2063 recte
1590 2010 1828 2080 reposuit
1875 2012 2083 2080 καθῆτο.

0 2095 9 2116 ’·
100 2094 158 2148 ln
198 2093 384 2149 eadem
420 2093 595 2149 sabula
636 2111 711 2148 νε.
756 2099 897 2150 1045
939 2111 1053 2166 sqq.
1095 2096 1171 2149 ita
1208 2095 1432 2166 legitur:

171 2183 254 2246 μὰ
279 2183 390 2245 Δί’,
429 2183 539 2238 οὐδὲ
572 2183 678 2248 γὰρ
717 2182 776 2246 ἦν
805 2190 898 2245 τῆς
928 2183 1235 2250 Ἀφροδίτης
1275 2185 1414 2238 οὐδέν
1435 2205 1528 2240 σοι.
1563 2196 1622 2240 Β.
1663 2186 1795 2251 μηδὲ
1824 2186 1881 2251 γ’
1915 2188 2078 2251 ἐπείη.

169 2273 298 2325 ἀλλ’
332 2272 416 2325 ἐπὶ
452 2272 532 2325 σοί
566 2290 642 2324 τοι
676 2271 764 2325 καὶ
800 2279 906 2331 τοῖς
939 2277 1098 2325 σοῖσιν
1137 2273 1309 2334 πολλὴ
1351 2279 1544 2328 πολλοῦ
1579 2276 1892 2338 ’πικαθοῖτο,

35 2430 37 2435 ⁴
166 2358 265 2416 ὦσε
301 2380 368 2424 γε
406 2359 597 2414 καύτόν
636 2380 695 2413 σε
734 2361 855 2414 κατ’
894 2357 977 2414 οὖν
1017 2359 1234 2424 ἔβαλεν.

31 2456 37 2477 ·
96 2446 187 2503 ubi
226 2447 368 2519 quod
413 2446 684 2503 Dobraeus
733 2450 916 2519 reponi
972 2449 1130 2502 iussit
1174 2451 1480 2518 ’πικαθῇτο,
1538 2467 1640 2505 non
1672 2451 2080 2520 vanimadvertit

94 2537 391 2591 sententiae
441 2535 543 2590 loci
594 2535 886 2591 adversari.
967 2537 1080 2590 Non
1132 2537 1276 2592 enim
1330 2539 1643 2610 imprecatio
1692 2538 1824 2595 haec
1865 2547 1948 2596 est
1986 2541 2079 2597 sed

31 2676 37 2684 ,
92 2622 282 2679 acerba
323 2624 594 2696 nequitiae
641 2622 995 2696 exprobratio.
1074 2625 1338 2696 Equidem
1386 2626 1562 2682 locum
1618 2634 1671 2683 et
1717 2628 1822 2683 alio
1862 2630 2078 2686 nomine

91 2710 344 2767 vitiosum
382 2713 460 2767 sic
494 2713 870 2768 constituerim
895 2754 909 2776 ,
950 2719 1011 2768 ut
1047 2712 1113 2767 ab
1147 2714 1302 2767 initio
1340 2714 1585 2785 legatur:

315 2801 399 2866 μοὶ
439 2802 558 2865 Δί’,
598 2803 654 2855 οὐ
693 2801 799 2870 γὰρ
839 2801 967 2863 ἐπῆν
1005 2809 1098 2865 τῆς
1139 2803 1445 2871 Ἀφροδίτης
1484 2804 1623 2859 οὐδέν
1663 2825 1756 2861 σοι.

90 2901 215 2943 nam
268 2890 348 2944 sic
394 2887 612 2945 demum
659 2896 806 2945 recte
839 2889 1216 2961 respondetur:
1257 2892 1387 2958 μηδέ
1427 2895 1483 2958 γ’
1524 2894 1669 2957 ἐπείη
1693 2936 1708 2957 ,
1748 2900 1802 2951 et
1837 2902 1918 2951 est
1951 2912 2072 2950 ver-

88 2972 216 3032 bum
257 2977 455 3033 ἐπεῖναι
498 2978 551 3031 in
608 2976 804 3032 talibus
854 2978 1165 3048 proprium:
1219 2979 1365 3038 ἔπεσι
1418 2981 1616 3050 χάρις,
1670 2980 1814 3045 ἄνθος
1838 3026 1853 3045 ,
1908 2987 2072 3050 τιμή,

88 3072 184 3120 tut
237 3071 424 3120 contra
477 3066 742 3134 αἰσχύνη,
797 3065 934 3129 δέος,
993 3067 1199 3135 Φόβος,
1257 3069 1424 3135 κέρδος
1475 3077 1530 3125 et
1577 3071 1790 3127 similia.
1871 3072 2073 3128 Deinde

90 3167 214 3210 cum
262 3153 489 3223 Bergkio
533 3153 820 3226 legendnm
871 3157 1042 3217 πολλὴ
1094 3162 1290 3211 πολλοῦ
1329 3160 1595 3221 ’πικοιθῆτο
1636 3159 1717 3214 vel
1765 3163 2068 3224 ’πικοιθῆςο,

91 3245 207 3295 tum
268 3244 687 3313 transposuerim
746 3245 873 3298 ἀλλ’
922 3243 1011 3297 ἐπί
1058 3264 1133 3298 τοι
1184 3246 1260 3299 σοὶ
1311 3247 1398 3301 καὶ
1445 3254 1550 3308 τοῖς
1596 3255 1785 3312 σοῖσιν,
1837 3265 2070 3319 namque

88 3325 220 3383 haec
258 3336 340 3383 est
378 3328 618 3401 legitima
670 3331 963 3402 particulae
1012 3331 1184 3390 sedes.
1265 3334 1367 3389 Sed
1407 3335 1589 3390 eodem
1629 3336 1784 3391 modo
1824 3338 2068 3402 καθοίμην

86 3414 456 3486 expellendum
486 3426 659 3473 estex
692 3419 1018 3492 Cyropaedia
1055 3422 1114 3475 V.
1157 3439 1190 3475 1.
1234 3426 1283 3476 8.
1327 3422 1443 3485 ἴσως
1484 3423 1526 3477 δ’
1562 3423 1627 3479 ἂν
1661 3427 1905 3489 καθοίμην
1940 3425 2067 3479 ἐκεί-

31 3574 33 3579 .
87 3523 174 3563 νην
220 3505 499 3567 θεώμενος,
549 3508 636 3560 cui
678 3506 840 3561 redde
888 3524 1044 3562 suum
1097 3512 1349 3576 καθήμην.
1432 3511 1589 3566 Aliud
1630 3511 1932 3582 exemplum
1986 3520 2065 3567 est

87 3593 141 3644 in
185 3589 478 3662 Lysistrata
526 3609 599 3646 vs.
634 3598 774 3648 255:

1697 3694 1736 3723 18
