2436 4068
1059 160 1165 212 607

119 324 212 380 pro
252 304 500 371 θεάματα
550 304 637 358 καὶ
679 303 1031 371 ἀκροάματα,
1073 310 1168 356 aut
1206 304 1248 357 εἱ
1291 303 1376 358 καὶ
1418 278 1572 370 μύρον
1609 302 1819 368 ἐνέγκαι
1857 323 1934 365 τις
1978 307 2101 370 ἡμῖν

117 411 212 467 pro
252 396 295 448 εἱ
346 394 432 446 καὶ
480 395 636 459 μύρον
676 413 755 452 τις
796 394 920 456 ἡμῖν
954 391 1198 456 ἐνέγκαιε
1255 390 1359 445 alia
1392 397 1521 445 sunt
1567 389 1710 462 apud
1752 390 1903 446 illum
1952 407 2100 447 men-

115 483 243 537 dosa
304 488 357 536 et
414 488 716 534 monstrose
783 479 1044 551 quaedam
1112 485 1403 550 corrupta,
1460 478 1625 533 veluti
1685 483 1927 534 ναῦται
1992 480 2100 549 γὰρ

116 570 297 625 τούτου
348 568 540 636 ὄζουσιν
582 584 679 639 pro
730 569 955 631 αὐταί,
1011 574 1063 621 et
1117 567 1292 620 ἐλαίου
1334 598 1408 608 --
1445 568 1580 632 ὀσμὴ
1629 567 1716 621 καὶ
1765 568 2101 636 παρουσία

116 659 301 724 ἀνδρῶν
341 657 370 719 ἢ
411 656 571 723 μύρου
618 653 856 720 γυναιξὶν
906 656 979 718 ἥδ
993 657 1012 709 ί
1024 676 1100 708 ων
1149 655 1236 708 καὶ
1295 655 1525 709 οἷοι-ουσία
1573 654 1924 723 ποθεινοτέρα,
1965 672 2103 728 quae
2147 670 2149 673 ’

120 742 425 815 corruptela
479 744 558 797 sic
597 750 714 797 orta
761 749 874 797 est:
931 750 1086 796 vetus
1138 742 1410 813 scriptura
1448 750 2034 798 ΠΛΡΟΤΣΑΗΔΙΩΝ
2073 760 2107 799 a

117 830 444 886 dormitante
498 829 721 885 librario
769 832 842 884 ita
889 837 1145 901 corrupta
1196 836 1277 883 est
1337 837 1398 883 ut
1446 846 1508 883 ex
1549 838 1842 885 ΛΗΔΙΩΝ
1895 831 2104 887 exscul-

117 926 267 991 peret
302 925 644 983 ΛΝΔΡΩΝ,
685 917 879 973 deinde
917 934 1042 972 vera
1076 917 1236 971 lectio
1274 918 1420 980 ἡδίων
1450 933 1480 971 a
1517 925 1822 972 correctore
1862 920 2104 991 apposita

118 1008 172 1061 in
212 1006 442 1062 alienam
494 1005 714 1070 sedem,
772 1013 830 1061 ut
880 1005 974 1068 fit,
1018 1006 1297 1077 irreperet.
1336 1005 1480 1070 *Qui
1522 1004 1624 1058 sihi
1669 1006 1854 1071 ἀνδρῶν
1895 1006 2107 1063 videba-

118 1101 207 1149 tur
246 1093 428 1149 videre
467 1095 658 1148 vitium
701 1095 833 1147 vitio
873 1092 1158 1148 cumulans
1194 1091 1450 1160 παρουσία
1485 1093 1672 1158 ἀνδρῶν
1707 1092 1855 1147 dedit
1887 1101 1943 1149 et
1981 1112 2108 1151 mox

115 1183 346 1237 ἀπουσία
385 1198 481 1253 pro
532 1191 851 1238 ΑΠΟΤΣΛ.
931 1180 1162 1236 Fraudis
1220 1181 1360 1234 ratio
1401 1179 1685 1234 manifesta
1738 1186 1820 1235 est
1877 1187 1932 1236 et
1992 1183 2108 1254 ipsa

118 1269 487 1342 Xenophontis
543 1286 739 1325 manus
781 1271 835 1324 in
889 1268 1048 1323 Godd.
1100 1274 1275 1323 exstat
1330 1269 1418 1323 καὶ
1479 1271 1796 1336 παροῦσα
1847 1270 2034 1333 ἡδίων
2077 1272 2105 1335 ἢ

117 1359 276 1427 μύρου
316 1357 525 1424 γυναιξὶ
558 1359 647 1413 καὶ
686 1360 949 1413 ἀποῦσα
989 1357 1324 1424 ποθεινοτέρα.
1405 1357 1584 1411 Etiam
1625 1356 1723 1410 hoe
1764 1356 1907 1428 apud
1948 1358 2107 1413 Athe-

47 1503 50 1505 .
118 1463 310 1503 naeuin
354 1448 609 1501 vitiosum
660 1453 741 1501 est
788 1445 932 1518 quod
978 1444 1131 1500 hahet
1176 1444 1355 1506 ἄλλως
1398 1466 1456 1499 τε
1505 1443 1582 1499 ἂν
1628 1445 1736 1500 καὶ
1787 1461 1883 1516 pro
1928 1444 2111 1508 ἄλλως.

116 1557 177 1591 τε
209 1536 297 1591 καὶ
338 1537 521 1599 ἥν-,
562 1533 705 1605 quod
747 1533 983 1605 postulat
1019 1533 1135 1605 ipsa
1166 1533 1329 1588 huius
1350 1532 1638 1587 locutionis
1671 1539 1904 1599 natura,
1944 1551 2109 1606 quam

116 1640 283 1696 quum
332 1623 608 1695 sequiores
658 1622 841 1676 minus
895 1623 1262 1693 perspicerent
1321 1620 1741 1693 transponebant
1783 1622 1910 1687 καί,
1952 1623 2114 1694 quasi,

117 1712 339 1785 perinde
379 1718 522 1767 esset
560 1710 739 1770 ἄλλως
773 1730 832 1764 τε
873 1726 1069 1781 ponere
1111 1727 1172 1765 ac
1207 1709 1436 1776 μάλιςα.
1499 1708 1723 1781 Reliqua
1765 1709 1906 1781 apud
1947 1710 2110 1766 Athe-

23 1836 42 1850 ,
116 1817 309 1855 naeum
365 1798 536 1853 multo
592 1804 722 1853 sunt
761 1813 922 1869 quam
966 1798 1020 1852 in
1075 1797 1236 1852 Codd.
1279 1796 1646 1853 emendatiora
1685 1804 1738 1853 et
1776 1797 2116 1870 postliminio

116 1889 172 1942 in
212 1887 499 1959 pristinam
560 1886 738 1942 sedem
801 1885 1117 1941 revocanda.
1197 1885 1585 1957 Recipiendum
1623 1893 1738 1942 est:
1793 1887 1968 1955 ἀνδρὸς
2011 1888 2106 1954 μὲν

114 1978 275 2040 δήπου
314 1974 466 2030 ἕνεκα
520 1976 733 2038 οὐδεὶς
791 1976 933 2043 μύρῳ
968 1976 1214 2043 χρίεται,
1262 1991 1358 2046 pro
1402 1975 1524 2042 ἀνὴρ
1554 1974 1733 2036 οὐδείς.
1817 1974 2109 2032 Athenien·

115 2082 203 2121 ses
241 2064 400 2126 οὐδεὶς
435 2065 560 2131 ἀνήρ
602 2064 656 2117 in
706 2065 976 2119 concitata
1017 2063 1258 2117 oratione
1304 2062 1674 2134 usurpabant,
1717 2068 1777 2117 ut
1815 2064 1975 2126 οὐδεὶς
2015 2066 2108 2119 οἷν-

24 2207 41 2230 .·
113 2154 313 2222 θρώπων
339 2194 353 2218 ,
397 2152 451 2205 in
491 2167 687 2223 magna
727 2151 1087 2207 admiratione
1122 2158 1218 2205 aut
1256 2150 1628 2222 indignatione
1676 2157 1771 2205 aut
1814 2152 1931 2217 ira,
1970 2168 2109 2224 quae

114 2241 294 2296 omnia
335 2238 403 2295 ab
441 2238 541 2293 hoc
582 2239 697 2295 loco
738 2238 1072 2295 alienissima
1113 2245 1257 2294 sunt.
1339 2240 1621 2294 Praeterea
1661 2239 1831 2311 recipi
1868 2247 2107 2313 oportet:

28 2348 38 2405 ᾗ
113 2328 179 2385 αἵ
206 2349 273 2394 γε
312 2330 415 2395 μὴν
454 2335 701 2393 γυναῖκες
751 2344 848 2400 pro
889 2330 945 2384 αἱ
984 2327 1159 2394 μέντοι
1208 2333 1457 2393 γυναῖκες
1498 2334 1552 2382 et
1589 2325 1756 2395 ὥσπερ
1799 2331 1826 2391 ἦ
1880 2329 2105 2399 Νικηρά-

32 2463 34 2467 ,
113 2438 203 2474 του
254 2437 314 2472 τε
366 2414 633 2472 τουτουῒ
682 2417 770 2471 καὶ
819 2418 848 2481 ἦ
891 2414 1254 2485 Κριτοβούλου.
1331 2415 1391 2471 In
1435 2415 1803 2487 Xenophontis
1854 2416 2008 2473 libris
2046 2439 2107 2473 τε

111 2508 294 2562 τούτου
358 2503 677 2559 exciderunt
728 2503 795 2559 oh
855 2504 1178 2560 antecedens
1244 2503 1576 2573 Νικηράτουε
1646 2506 1882 2559 servavit
1944 2504 2106 2562 Athe·

113 2611 315 2659 naeus,
369 2592 462 2648 sed
509 2593 716 2647 ‘rom-ov?
752 2609 847 2664 pro
889 2594 1072 2648 τούτου
1131 2594 1397 2666 scriptum
1447 2592 1702 2665 oportuit.
1783 2592 1986 2650 Deinde
2040 2594 2107 2650 ab

31 2701 35 2711 ’
118 2682 391 2740 Athenaeo
452 2684 782 2752 accipiemus
851 2682 1181 2753 scripturam
1241 2681 1382 2749 μύρῳ
1440 2681 1536 2747 μὲν
1602 2679 1960 2749 ἀλειψάμενος
2016 2683 2105 2738 καὶ

113 2771 288 2832 δοῦλος
330 2770 416 2825 καὶ
453 2771 708 2838 ἐλεύθερος
744 2771 889 2830 εὐθὺς
926 2768 1072 2830 ἅπας
1107 2768 1271 2835 ὅμοιον
1301 2769 1431 2837 ὄζει,
1473 2768 1579 2823 nisi
1622 2767 1760 2839 quod
1799 2785 1897 2841 pro
1928 2767 2106 2834 ἅπας,

113 2858 253 2932 quod
296 2857 588 2913 ridiculum
630 2864 740 2923 est,
779 2862 888 2919 πᾶς
931 2857 1342 2913 substituemus.
1401 2855 1550 2924 Quod
1572 2847 1869 2927 'vulgatum
1905 2859 1928 2912 ὁ
1962 2860 2105 2915 otme-

112 2946 375 3015 ψάμενος,
418 2953 564 3001 recte
601 2945 823 3001 haberet
870 2947 912 3000 si
955 2952 1273 3017 sequeretur
1311 2945 1417 3000 εἴτε
1459 2944 1636 3006 δοῦλός
1678 2945 1783 3002 ἐςιν
1824 2945 1920 3001 εἴτ’
1961 2947 2105 3001 ἐλεύ-

114 3036 265 3103 θερος.
349 3034 487 3090 Τυηι
523 3033 783 3089 ambabus
822 3033 1072 3089 manibus
1109 3032 1575 3106 amplectendum,
1616 3032 1757 3105 quod
1799 3032 2109 3089 Athenaeus

114 3122 271 3179 oss'ert
309 3122 735 3189 ἐπιτηδευμάτων
774 3144 834 3179 τε
877 3128 1069 3191 πρῶτον
1113 3122 1357 3197 (χρῇς-ῶν)
1399 3122 1486 3178 καὶ
1520 3121 1702 3190 χρόνου
1739 3126 1935 3177 πολλοῦ
1976 3122 2107 3177 δέον-

117 3231 224 3267 ται.
308 3211 479 3283 Vulgo
518 3218 721 3280 χρηςῶν
764 3211 951 3277 abest,
994 3210 1137 3267 unde
1177 3210 1237 3266 fit
1281 3217 1340 3266 ut
1377 3211 1524 3266 locus
1565 3211 1634 3264 sit
1669 3225 1830 3265 seusu
1874 3226 2106 3266 vacuus:

115 3299 510 3366 ἐπιτηδεύματα
548 3302 691 3356 enim
747 3299 881 3355 nihil
934 3300 1237 3371 significat,
1293 3300 1401 3354 nisi
1443 3297 1746 3354 cuiusmodi
1791 3299 1892 3351 ista
1934 3298 2108 3354 studia

118 3388 227 3443 sint
269 3387 448 3460 aliquo
486 3387 643 3444 modo
683 3388 1040 3460 significetur.
1120 3387 1317 3443 Notum
1360 3393 1442 3442 est
1484 3402 1644 3457 quam
1689 3401 1846 3456 saepe
1890 3384 2110 3441 Veteres

119 3477 263 3530 καλὰ
317 3477 712 3543 ἐπιτηδεύματα
758 3475 1060 3548 appellent,
1119 3482 1172 3532 et
1230 3474 1413 3542 ἀγαθοί
1472 3481 1524 3529 et
1574 3472 1766 3542 κρῆς-οὶ.
1861 3473 2108 3546 Denique

121 3570 490 3637 pervetustum
549 3563 808 3621 libroruin
867 3563 1121 3620 mendum
1181 3572 1232 3619 et
1288 3562 1379 3619 diu
1440 3562 1794 3617 inveteratum
1852 3561 2111 3619 Athenaei
