2436 4068
1022 199 1129 250 529

81 351 217 410 δεῖς
258 348 402 402 ἐλέου
442 347 574 407 τινὸς
614 345 755 409 ἄξιος
797 343 925 399 εἶναι
970 346 1024 398 in
1060 340 1271 397 duobus
1312 341 1530 412 optimis
1578 340 1630 394 S.
1674 346 1728 394 et
1767 340 1826 395 F.
1873 346 2079 397 τοσοῦτ’

82 438 244 497 οὐδεὶς
289 436 553 505 scriptum
600 442 712 498 est,
754 433 896 488 unde
935 432 1002 487 de
1055 431 1270 485 illorum
1317 429 1511 502 peritia
1561 427 1883 484 Graecitatis
1937 430 2078 484 iudi-

83 525 196 579 cari
241 531 433 595 potest.
516 522 578 576 ln
620 521 767 576 Orat.
806 521 910 575 XL.
955 524 1043 574 22.
1093 520 1182 573 xxi
1221 518 1465 572 τοσούτου
1503 516 1677 580 ἐδέησε
1718 519 2075 585 περιγενέσθκι

81 634 172 676 τι,
231 611 324 664 alii
363 614 601 664 τοσοῦτον
657 609 856 662 habeut
895 614 949 661 et
982 615 1063 662 est
1103 606 1234 660 haec
1287 605 1542 660 solemnis
1594 605 1648 659 in
1694 605 1891 660 talibus
1947 608 2080 660 scri·

82 707 275 771 pturae
315 697 620 753 diversitas
699 696 779 750 Ad
813 695 951 749 hanc
988 695 1162 748 lucem
1203 693 1387 747 statim
1431 700 1579 748 certa
1613 693 1918 748 emendatio
1955 693 2077 748 sub·

81 793 337 841 nascetur
388 785 641 840 omnibus
691 801 863 856 quum
918 782 1099 853 legent
1158 780 1301 852 apud
1345 781 1760 836 Demosthenem
1815 782 1871 837 in
1929 781 2075 838 Orat.

82 874 272 930 XXIX.
317 878 403 928 17.
461 878 547 928 νῦν
602 873 654 927 δὲ
708 876 999 926 τοσοῦτο
1053 874 1170 924 τοῦ
1224 870 1438 932 ποιῆσαί
1489 890 1539 924 τι
1593 871 1786 926 τούτων
1839 871 2080 936 ἐδέησεν,

82 968 306 1035 apparet
344 963 490 1016 enim
529 959 862 1015 τοσούτου
916 959 1128 1020 ποιῆσαί
1169 978 1219 1012 τι
1261 974 1378 1012 esse
1427 957 1827 1028 corrigendum.
1907 960 2077 1015 Ditto·

81 1050 309 1123 graphia
347 1053 559 1105 τοσοῦτο
600 1081 675 1089 —-
713 1048 953 1103 τοσούτου
1009 1047 1214 1119 peperit
1269 1045 1542 1116 vulgatam
1567 1086 1580 1107 ‚
1635 1062 1804 1117 quum
1845 1067 1933 1102 του
1988 1066 2077 1103 su·

81 1139 446 1211 prascriptum
500 1145 644 1192 esset
686 1136 753 1190 ad
808 1140 1019 1191 τοσοῦτο
1071 1133 1491 1189 emendandum.
1571 1134 1637 1187 ln
1693 1133 1840 1188 nullo
1891 1143 2073 1190 autem

80 1226 242 1282 verbo
282 1226 536 1280 licentius
591 1225 839 1280 Graeculi
891 1224 1125 1295 grassati
1165 1229 1295 1277 sunt
1333 1237 1495 1294 quam
1553 1222 1609 1275 in
1659 1220 1821 1276 verbo
1872 1224 1973 1278 δεῖν
2015 1225 2075 1278 li·

80 1333 224 1388 qare.
307 1313 451 1368 Satis
499 1321 710 1368 constat
761 1314 968 1368 Atticos
1021 1311 1153 1366 illud
1207 1309 1433 1365 verbum
1487 1326 1584 1382 per
1635 1326 1822 1364 omnes
1874 1310 2075 1365 formas

79 1402 445 1458 contraxisse:
504 1404 685 1474 itaque
719 1404 813 1458 δῶν
861 1400 1111 1456 dicebant
1153 1415 1256 1454 non
1311 1399 1460 1463 δέων,
1500 1399 1660 1454 δοῦσοι
1714 1416 1822 1453 non
1858 1399 2076 1463 δέουσαι,

79 1492 194 1546 δοῦν
255 1507 359 1544 non
398 1492 539 1554 δέον,
593 1493 732 1546 δοῦσι
781 1509 886 1546 non
927 1490 1089 1546 δέουσι
1132 1496 1235 1544 cet.
1277 1487 1447 1552 ἔδουν,
1499 1488 1782 1554 κοιτέδουν,
1841 1489 2074 1543 συνέδουν

79 1596 187 1634 non
221 1578 356 1634 ἔδεον
406 1586 510 1633 cet.
551 1587 607 1635 et
645 1582 870 1645 δοῦμοιι,
927 1580 1250 1644 ὑποδοῦμοιι,
1303 1577 1577 1643 διοιδοῦμοιι
1628 1584 1916 1649 ceteraque
1963 1586 2077 1631 om·'

82 1668 189 1721 nia.
270 1666 624 1722 Reddidimus
663 1670 856 1724 ὑποδῶν
910 1667 1119 1722 Platoni
1160 1668 1214 1720 in
1265 1666 1561 1735 Protagora
1620 1682 1670 1737 p.
1705 1668 1808 1720 521
1855 1668 1916 1720 Α.
1978 1682 2075 1737 pro

80 1756 179 1810 ὑπὸ
231 1743 424 1819 ποδῶν,
479 1764 853 1828 comparantes
904 1758 1101 1811 ἀναδῶν
1161 1757 1216 1809 in
1278 1753 1551 1825 Aristoph.
1612 1753 1769 1808 Pluto
1821 1771 1899 1808 νε.
1944 1757 2072 1809 589.

81 1845 388 1906 Συνδοῦντες
429 1852 511 1899 est
549 1844 691 1916 apud
732 1844 1093 1918 Antiphanem
1137 1844 1328 1899 Athen.
1370 1859 1423 1914 p.
1468 1846 1578 1898 700
1617 1841 1671 1898 C.

1145 1938 1244 1988 τῶν
1286 1932 1329 1986 δ’
1368 1932 1613 1986 ἀκοντίων

414 2051 417 2054 ·
457 2023 751 2084 συνδοῦντες
789 2022 906 2089 ὀρθοὶ
947 2022 1064 2090 τρία.
1103 2021 1329 2090 λυχνείῳ
1363 2020 1630 2089 χρώμεθα.

75 2117 131 2165 et
163 2111 362 2166 similia
398 2111 677 2183 complura
711 2113 855 2165 inter
886 2109 1173 2182 legendum
1209 2115 1514 2164 occurrent.
1598 2106 1701 2164 Sed
1743 2124 1901 2180 saepe
1934 2111 2065 2164 scri-

73 2197 172 2253 bae
210 2205 519 2254 contractas
561 2199 763 2253 formas
802 2198 1138 2254 resolverunt
1173 2205 1228 2253 et
1268 2196 1334 2251 ad
1374 2196 1681 2268 aequalium
1723 2199 2065 2253 consuetudi-

73 2302 196 2341 nem
231 2287 729 2342 accommodarunt.
810 2293 968 2343 Δοῦσι
1006 2287 1251 2342 Veterem
1292 2286 1528 2342 Atticam
1566 2284 1794 2340 formam
1834 2287 1890 2340 in
1932 2287 2065 2343 δέου-

71 2395 122 2429 σι
162 2381 446 2431 mutarunt
497 2376 640 2448 apud
680 2375 1092 2431 Demosthenem
1150 2376 1206 2430 in
1262 2373 1408 2431 Orat.
1445 2374 1530 2429 LI.
1577 2379 1663 2428 11.
1718 2377 1816 2430 τῶν
1868 2379 2063 2432 ναυτῶν

13 2459 15 2461 ’
73 2464 192 2524 τοὺς
230 2465 671 2530 ἀπολειπομένους
727 2466 952 2521 δέουσι
1008 2465 1096 2521 xx}
1150 2463 1483 2532 κολάζουσινῑ
1543 2470 1626 2518 est
1677 2470 1859 2518 autem
1900 2464 2063 2521 δέουσι

16 2577 22 2618 .·
74 2568 180 2607 nou
214 2553 398 2607 minus
435 2553 688 2608 vitiosum
728 2570 891 2625 quam
931 2554 1166 2618 δέονται,
1221 2553 1538 2615 διαδέοντοιι,
1592 2552 1926 2618 ὑποδέοντοιι,
1965 2571 2064 2626 pro

71 2640 274 2695 δοῦντοιι
299 2682 314 2704 ,
351 2642 672 2706 διαδοῦντοιι,
714 2643 1048 2702 ὑποδοῦνται,
1090 2642 1274 2712 itaque
1311 2639 1644 2697 confidenter
1678 2641 1818 2696 δοῦσι
1853 2659 2061 2699 revoca.

70 2726 327 2783 Animum
369 2729 568 2785 addent
607 2729 877 2785 dubitanti
918 2730 1111 2786 Moeris
1154 2746 1200 2801 p.
1248 2732 1372 2783 150.
1454 2733 1732 2784 Δοῦσιν;
1789 2736 2060 2794 ’Λττικῶς.

68 2816 554 2882 δεσμεύουσινε
614 2819 928 2880 Ἑλληνικῶς
980 2827 1034 2873 et
1076 2817 1411 2891 Hesychius:
1474 2823 1667 2873 Δοῦσι;
1729 2821 2055 2886 δεσμεύουσι.

70 2903 251 2960 Etiam
290 2907 514 2978 simplex
566 2908 660 2961 δῶν
717 2909 767 2961 in
820 2906 996 2962 lucem
1050 2907 1325 2979 vitamque
1365 2905 1727 2961 revocandum
1782 2915 1863 2963 est
1917 2911 2059 2982 apud

71 2991 483 3050 Demosthenem
540 2996 593 3050 in
655 2994 801 3051 Orat.
843 2995 1010 3052 xxtl.
1069 2998 1158 3051 68.
1220 2996 1345 3061 ὁμοῦ
1399 2995 1700 3061 μετοίκους,
1763 2999 2060 3061 Ἀθηναίους

71 3081 268 3144 δέων,
330 3085 595 3149 ἀπάγων.
658 3085 767 3139 imo
828 3101 952 3140 vero
1010 3085 1138 3148 δῶν,
1200 3082 1655 3155 quemadmodum
1722 3085 1909 3141 δοῦσαν
1963 3104 2061 3158 pro

70 3168 419 3236 δεσμεύουσοιν
479 3190 509 3227 e
565 3172 834 3227 Dinarcho
893 3173 1048 3227 affert
1101 3172 1286 3228 Pollux
1336 3173 1476 3228 vul.
1534 3176 1623 3227 72.
1682 3179 1735 3228 et
1792 3174 1905 3228 δοῦν
1966 3190 2061 3245 pro

69 3256 315 3323 δεσμεῦον
355 3261 409 3314 in
441 3261 656 3335 Cratylo
696 3262 896 3333 legitur
938 3279 989 3333 p.
1023 3265 1133 3316 419
1177 3263 1235 3317 A.
1280 3265 1383 3317 4⁶31
1431 3261 1487 3317 C.
1569 3260 1708 3317 Illud
1745 3262 1920 3333 ipsum
1963 3263 2058 3316 δῶν

71 3352 219 3399 certa
259 3352 581 3405 auctoritate
621 3350 808 3405 fulciet
846 3349 1178 3423 Hesychius:

597 3444 767 3495 Δῶν;
808 3437 1088 3505 δεσμεύων.

599 3530 900 3595 Δώομενῑ
941 3529 1232 3594 ἀποδῶμεν.

71 3608 149 3664 Ex
191 3609 272 3665 his
319 3613 483 3683 igitur
526 3615 652 3685 quid
697 3618 767 3672 sit
809 3616 1156 3674 statuendum
1204 3617 1268 3673 dc
1304 3620 1531 3674 cacteris
1572 3616 1755 3671 formis
1796 3634 1897 3672 non
1931 3636 2052 3674 cou-
