2436 4068
1333 216 1438 265 ‘258

412 359 532 413 dem
573 359 715 414 dicto
752 361 1099 414 commissum
1149 360 1202 411 in
1252 356 1403 411 libris
1447 357 1694 411 omnibus
1734 360 1850 414 vide
1891 362 2031 432 apud
2080 362 2379 415 Musonium

414 446 626 501 Stobaei
681 447 860 501 Floril.
903 446 1089 500 XVIII.
1141 447 1228 500 58.
1290 445 1379 498 lin.
1439 445 1721 499 Absolvam
1773 446 1910 502 hanc
1966 449 2382 522 disputationem

410 534 740 590 emendando
779 534 955 587 locum
1004 532 1377 588 Demosthenis
1424 540 1476 587 et
1523 533 1810 599 Herodoti,
1869 543 1961 606 qui
2000 537 2182 591 eodem
2228 537 2385 591 modo

409 623 650 693 cor-rupti
689 620 954 676 medicina
988 622 1321 676 sanabuntur
1355 621 1556 676 eadem.
1635 622 1856 692 Legitur
1894 623 2035 694 apud
2079 624 2385 679 Demosthe-

409 726 532 764 nem
587 725 705 779 pag.
745 714 868 764 115.
923 711 1061 775 ὑμᾶς
1101 710 1189 772 δὲ,
1239 709 1330 763 εὀὶν
1369 711 1462 774 μὲν
1510 711 1770 775 ἀμύνησθε
1820 714 2155 779 σωφρονήσειν
2205 713 2385 782 φημὶ,

408 799 498 852 ἐὰν
537 797 588 852 δὲ
627 796 849 859 ε’ἀσητε,
892 798 1001 852 οὐδὲ
1040 799 1174 851 τοῦθ’
1214 795 1338 852 ὅταν
1369 799 1624 863 βούλησθε
1658 800 1925 861 δυνήσεσθε
1966 799 2228 867 πράττειν.
2284 801 2383 856 Hic

405 902 616 958 quoque
654 884 802 939 locus
853 887 928 940 ita
966 885 1228 940 formatus
1267 887 1699 958 compositusque
1745 895 1827 941 est
1875 893 1934 940 ut
1981 887 2203 942 verbum
2243 891 2386 957 φημί

407 974 675 1047 duplicem
725 973 1054 1028 infinitivum
1105 990 1172 1028 ex
1210 991 1266 1029 se
1305 991 1626 1046 suspensum
1674 975 1916 1046 requirat
1954 979 2290 1045 σωφρονήσειν
2329 985 2384 1032 et

404 1063 742 1126 δυνήσεσθαι,
797 1068 850 1116 et
888 1062 966 1116 sic
1013 1061 1284 1133 vulgatam
1331 1062 1613 1116 lectionem
1669 1063 1936 1127 δυνήσεσθε
1995 1065 2384 1121 emendandam

404 1167 521 1206 esse
568 1166 778 1205 censeo.
855 1148 1107 1204 Herodoti
1161 1150 1310 1204 locus
1358 1149 1516 1221 paulo
1565 1152 1784 1221 gravius
1841 1159 2127 1223 corruptus
2185 1153 2385 1224 legitur

405 1239 494 1294 lV.
542 1243 665 1293 148.
705 1243 803 1292 τῶν
841 1239 1259 1304 Λακεδαιμονίων
1298 1239 1679 1304 βουλευομένων
1724 1240 1938 1313 (melius
1978 1240 2030 1293 in
2074 1240 2194 1295 aliis
2231 1242 2384 1297 libris

402 1327 604 1399 legitur
639 1325 983 1399 βουλομένων)
1038 1326 1209 1395 σφέας
1257 1327 1550 1381 ἀπολλύναι
1593 1329 1931 1396 παραιτέεται
1973 1328 1995 1380 ὂ
2039 1330 2208 1395 Θήρας
2257 1327 2381 1391 ὅκως

403 1419 539 1482 μήτε
586 1415 740 1484 φόνος
795 1415 1012 1480 γένηται
1073 1415 1230 1476 αὐτός
1278 1436 1336 1469 τε
1379 1416 1652 1470 ὑπεδέκετο
1709 1417 1880 1486 σφέας
1927 1415 2128 1480 ἐξάξειν
2179 1419 2238 1471 ἐκ
2288 1426 2380 1482 τῆς

401 1505 589 1572 χώρης.
669 1503 812 1558 Satis
857 1509 1077 1575 apparet
1117 1503 1379 1574 quomodo
1429 1501 1552 1564 ὅκως
1592 1505 1729 1569 μήτε
1757 1536 1833 1544 --
1861 1525 1919 1558 τε
1967 1505 2045 1559 sic
2088 1508 2383 1578 composita

401 1590 687 1663 legendum
746 1607 861 1646 esse
915 1589 1176 1645 suadeant
1222 1591 1301 1645 vel
1345 1592 1562 1647 iubeant
1616 1592 1822 1663 potius:
1878 1608 2070 1664 nempe
2121 1594 2199 1648 sic
2255 1593 2381 1657 ὅκως

400 1682 539 1747 μήτε
586 1679 739 1749 φόνος
793 1681 1100 1743 γενήσεται,
1159 1678 1316 1740 αὐτός
1368 1681 1426 1734 τε’
1479 1686 1652 1749 σφεας
1705 1679 1878 1744 ε’ξάξει
1934 1682 1991 1734 ἐκ
2042 1688 2136 1743 τῆς
2191 1685 2379 1750 χώρης.

400 1770 690 1840 Postquam
739 1766 910 1831 ἐξάξει
959 1766 1286 1838 negligentia
1326 1769 1380 1820 in
1418 1766 1619 1831 ἐξάξειν
1659 1769 1791 1822 abiit
1830 1769 2010 1823 nescio
2045 1769 2166 1839 quis
2205 1772 2380 1825 ὑπεδέ-

398 1877 516 1912 κετο
569 1856 799 1910 inseruit
845 1862 898 1910 et
943 1854 1177 1926 perdidit
1223 1855 1437 1920 omnia,
1480 1863 1540 1910 ut
1581 1856 1744 1911 videS.
1824 1854 2158 1911 Manifestam
2201 1858 2256 1911 in
2298 1858 2382 1912 his

398 1945 647 2000 omnihus
701 1942 1165 2015 interpolationem
1226 1951 1488 1998 tenemus.
1581 1944 1642 1998 In
1695 1945 1872 2016 priore
1935 1945 2209 2016 Euripidis
2266 1945 2381 2000 loco

395 2033 695 2089 Dobraeum
735 2031 938 2086 dudum
977 2032 1206 2099 κυρήσειν
1241 2033 1573 2104 praecepisse
1610 2050 1754 2087 nunc
1794 2032 1976 2087 video:
2019 2033 2110 2087 sed
2147 2051 2249 2088 non
2287 2051 2377 2089 au·

396 2121 555 2178 diunt
590 2121 874 2182 EditoreS,
917 2116 986 2180 οἷς
1020 2121 1130 2174 οὐδὲ
1170 2121 1275 2186 τρὶς
1315 2121 1558 2186 λέγοντες
1594 2120 1940 2186 ἐξικνούμεθα.

472 2210 643 2276 Quem
685 2225 922 2263 errorem
957 2209 1358 2279 compositionis
1413 2210 1468 2263 in
1523 2209 1804 2264 infinitivis
1859 2209 2206 2263 commissum
2261 2227 2377 2266 esse

395 2297 916 2361 demonstravimus,
974 2296 1065 2350 ubi
1108 2297 1464 2350 nominativos
1505 2314 1628 2351 cum
1685 2297 2008 2350 accusativis
2062 2297 2376 2352 coniunctos

395 2385 642 2442 Graeculi
682 2402 788 2439 non
829 2391 1220 2455 concoquentes
1259 2385 1465 2455 priscas
1504 2384 1758 2439 lectiones
1797 2391 2204 2445 contemerant.
2248 2404 2374 2441 eun-

394 2474 515 2529 dem
556 2473 832 2528 ostendam
875 2474 930 2527 in
965 2472 1265 2545 participiis
1307 2488 1518 2543 quoque
1569 2480 1807 2526 erratum
1850 2489 1964 2526 esse
2003 2479 2057 2526 et
2096 2473 2228 2528 bene
2267 2492 2374 2530 me-

395 2562 552 2617 rebor
589 2560 654 2615 de
702 2561 1001 2626 Aeschine,
1045 2560 1200 2615 cuius
1239 2559 1417 2614 locum
1459 2561 1512 2614 in
1561 2560 1876 2614 Timarchea
1917 2565 1945 2632 §
1986 2564 2110 2615 141.
2151 2569 2375 2618 temera·

392 2651 461 2706 rii
510 2649 894 2723 homunciones
942 2650 1171 2721 pessime
1225 2648 1636 2720 interpolarunt.
1720 2648 1779 2701 In
1833 2648 1982 2702 codd.
2026 2650 2274 2704 omnibus
2323 2659 2376 2706 et

393 2737 733 2796 Editionibus
772 2739 850 2793 sic
882 2739 1145 2809 scriptum
1182 2744 1287 2791 est:
1329 2738 1502 2799 ἐπειδὴ
1538 2737 1589 2790 δὲ
1627 2736 1919 2804 Ἀχιλλέως
1954 2737 2041 2791 καὶ
2077 2738 2375 2806 Πατρόκλου

393 2826 652 2902 μέμνησθε
707 2826 796 2880 καὶ
848 2826 1073 2892 Ὁμήρου
1113 2826 1198 2880 καὶ
1242 2825 1417 2894 ἑτέρων
1467 2827 1717 2887 ποιητῶν,
1773 2827 1837 2885 ὦς
1877 2831 1976 2879 τῶν
2014 2826 2109 2891 μὲν
2158 2826 2373 2884 δικαςῶν

396 2914 617 2978 ἀνηκόων
657 2914 894 2975 παιδείας
939 2913 1115 2978 ὄντων,
1170 2914 1317 2978 ὑμεῖς
1367 2915 1419 2967 δὲ
1470 2914 1790 2981 εὐσχήμονές
1846 2934 1977 2973 τινες
2024 2919 2372 2980 προσποιεῖσθε

397 3001 524 3058 εἶναι
577 3002 663 3056 καὶ
714 3005 1124 3070 περιφρονοῦντες
1173 3003 1334 3071 ἱςορία
1389 3003 1474 3056 τὸν
1528 3000 1959 3067 δῆμον-λέξομέν
2000 3023 2049 3056 τι
2098 3003 2184 3056 καὶ
2225 3006 2371 3069 ἡμεῖς

396 3304 711 3344 nonnumquam
746 3291 788 3328 in
825 3282 965 3334 ζώοις
1000 3295 1044 3331 et
1078 3283 1226 3343 ζώοι,
1273 3292 1390 3344 quasi
1441 3291 1703 3331 Homericum
1742 3281 1843 3333 ζώω
1878 3293 1922 3331 in
1959 3305 2039 3332 usu
2083 3296 2367 3337 remansisset.

393 3359 442 3399 111
476 3357 686 3399 Alcestide
719 3355 828 3398 713.
877 3357 1046 3397 Codices
1080 3358 1305 3399 exhibent:

706 3418 788 3459 καὶ
819 3413 909 3473 μὴν
941 3418 1068 3467 Διός
1102 3434 1151 3478 γε
1181 3417 1357 3476 μείζον’
1393 3414 1452 3460 ἄν
1485 3413 1627 3468 ζώοις
1659 3418 1861 3476 χρόνον,

394 3464 465 3528 ubi
518 3489 612 3528 olim
666 3491 878 3540 ieceptum
929 3490 1115 3541 oportuit
1167 3490 1278 3541 quod
1325 3489 1460 3541 quixis
1496 3490 1633 3528 statim
1669 3489 1807 3528 vidcit
1855 3491 2140 3544 icponcnduni
2190 3498 2231 3532 ct
2288 3493 2361 3540 pii-

391 3570 483 3596 mus
520 3557 762 3596 six-hieserus
796 3556 1124 3595 commcndtuit:

700 3615 779 3659 καὶ
814 3629 903 3672 μην
938 3616 1062 3664 Διός
1095 3630 1143 3674 γε
1177 3616 1370 3673 μείζονα
1409 3613 1524 3675 ζῳης
1561 3616 1752 3675 χρόνον.
