2436 4068
1008 181 1113 231 515

65 331 204 388 laeto
258 327 487 383 vindice.
565 327 733 382 Nemo
780 325 875 381 diu
915 324 1158 380 haerebit
1210 329 1393 378 utrum
1449 319 1588 392 apud
1638 319 2051 378 Demosthenem

67 436 121 491 p.
144 423 284 482 801,
330 420 397 470 16
446 414 621 470 ἅπασι
668 423 774 477 τοῖς
820 414 1103 480 ἐμπλέουσι
1143 410 1428 484 legendum
1470 410 1543 463 sit
1594 425 1659 462 an
1699 411 2054 476 συμπλέουσι,

66 523 240 578 neque
279 521 478 575 anceps
509 505 655 576 optio
688 511 770 559 est
805 521 857 575 p.
882 507 1021 564 884,
1058 507 1119 555 11
1163 502 1306 555 inter
1346 503 1435 553 τοῦ
1477 501 1599 566 παρ’
1641 500 1780 563 ἡμῶν
1813 501 2054 565 συμπλέ-

64 614 203 655 οντος
244 593 621 652 ἐναντιωθέντος
661 599 715 646 et
753 591 1086 657 ἐμπλέοντας.
1167 591 1229 643 In
1270 587 1470 643 talibus
1506 587 1756 641 omnibus
1789 587 2054 644 librorum

64 681 459 753 discrepantiae
482 681 640 734 nauci
682 696 786 733 non
822 685 976 742 sunt,
1017 683 1070 731 et
1107 677 1280 731 nostri
1322 676 1519 747 ubique
1557 675 1768 729 arbitrii
1805 683 1887 731 est
1922 676 2055 748 quid

65 771 138 825 sit
179 786 367 823 verum
409 769 755 822 constituere.
836 764 1172 820 confirmabo
1211 764 1355 818 illam
1400 764 1823 820 observationem
1865 767 2056 838 paucis

65 856 387 930 quibusdam
427 855 687 929 exemplis
724 872 790 910 ex
823 853 1113 908 Plutarcho
1152 853 1362 907 sumtis,
1424 852 1501 908 De
1543 851 1733 907 Solone
1770 854 1961 908 scribit
1996 856 2054 909 in

63 947 175 1000 vita
213 962 329 1017 cap.
366 943 443 998 111
488 950 589 998 τῶν
630 949 905 998 πολιτικῶν
954 941 1133 998 πολλὰ
1173 941 1719 1006 συγκατέπλεκε
1761 951 1867 1005 τοῖς
1910 946 2055 1008 ποιή-

59 1056 253 1102 μασιν,
308 1041 369 1087 tu
408 1031 695 1086 subridens
737 1031 1102 1097 ε’γκατέπλεκε
1144 1045 1386 1101 repones,
1468 1028 1527 1083 In
1564 1028 1702 1082 libro
1738 1029 1802 1084 de
1852 1030 2055 1086 Stoico-

63 1140 185 1177 rum
240 1122 614 1194 repugnantiis
659 1138 708 1193 p.
737 1125 881 1175 1055
911 1119 968 1174 G.
1009 1118 1222 1174 editur:
1274 1115 1339 1172 ὧν
1378 1118 1516 1171 οὐθὲν
1556 1117 1631 1175 ἔςι
1674 1120 1936 1179 πεισθῆναι
1977 1123 2054 1186 μὴ

60 1211 147 1267 διὰ
192 1211 384 1278 βάθους
438 1210 867 1277 ἐγκραθέντα
905 1214 1012 1270 τοῖς
1051 1213 1290 1278 φυσικοῖς
1331 1205 1539 1272 λόγοις,
1594 1206 1704 1260 imo
1743 1223 1870 1261 vero
1921 1229 2053 1275 συγ-

60 1300 345 1369 κραθέντα,
385 1298 526 1370 quod
563 1304 645 1353 est
680 1297 1060 1370 pervulgatum
1094 1298 1150 1349 in
1197 1285 1289 1349 tali
1333 1312 1426 1360 re,
1466 1296 1522 1348 in
1564 1312 1670 1368 qua
1705 1297 2052 1365 ἐγκεκρᾶσθαι

60 1390 232 1444 risum
274 1394 467 1443 movet.
550 1385 653 1441 Sed
690 1386 742 1439 in
781 1385 968 1457 paucis
1004 1383 1236 1439 ridicula
1274 1390 1355 1439 est
1389 1385 1660 1456 scriptura
1695 1386 1753 1438 in
1795 1386 1904 1440 vita
1935 1387 2052 1443 Ale-

59 1476 252 1532 xandri
292 1492 410 1548 cap.
437 1474 610 1530 XVllI
649 1473 715 1529 de
765 1473 903 1528 nodo
942 1473 1246 1529 Gordiano:
1283 1475 1613 1541 παραλαβὼν
1651 1476 1743 1538 τὴν
1779 1477 2054 1543 θρυλουμέ-

57 1586 142 1627 νην
181 1562 400 1631 ἅμαξαν
438 1561 544 1619 εἶδε
594 1564 763 1633 φλοιῷ
799 1564 1010 1631 κρανίοις
1046 1563 1528 1629 ἐνδεδεμένην,
1565 1564 1689 1634 quis
1723 1581 1827 1617 non
1863 1566 2075 1622 statim'

57 1653 313 1725 intelligit
351 1669 512 1724 quam
556 1653 629 1706 sit
669 1651 767 1706 hoc
808 1651 1104 1706 absurdum
1145 1668 1243 1723 pro
1282 1650 1688 1716 συνδεδεμένηνῖ
1769 1652 1850 1707 Ad
1887 1653 2052 1710 huius

54 1742 340 1814 compositi
395 1742 725 1796 mentionem
779 1742 927 1795 iuvat
982 1740 1154 1795 obiter
1208 1740 1372 1793 scitos
1426 1739 1706 1794 Menandri
1762 1749 1856 1796 aut
1909 1741 2049 1798 alius

55 1831 341 1886 cuiusdam
388 1829 591 1884 Comici
630 1829 924 1884 versiculos
966 1828 1278 1884 emendatos
1318 1845 1384 1883 ex
1422 1829 1658 1883 tenebris
1700 1830 2046 1901 protrahere,

57 1919 110 1974 in
146 1918 343 1990 quibus
377 1917 593 1972 latitant
630 1918 772 1990 apud
815 1917 1165 1972 Plutarchum
1199 1918 1252 1970 in
1297 1916 1661 1990 Symposiacis
1696 1918 1737 1972 I.
1777 1920 1838 1973 V.
1872 1937 1905 1973 1.
1947 1920 1988 1996 3
2011 1924 2044 1975 2

53 2008 307 2078 φειδωλὸς
355 2008 480 2074 ἀνήρ
518 2028 577 2061 τε
630 2007 720 2061 καὶ
754 2006 1061 2076 μικρολόγος
1101 2007 1339 2072 ἐμπεσὼν
1378 2007 1451 2067 εἷς
1492 2005 1656 2075 ἔρωτα
1695 2006 1929 2077 καθάπερ
1971 2011 2043 2072 εἷς

51 2101 152 2165 πῦρ
206 2097 400 2163 σίδηρος
446 2096 642 2157 ἀνεθεὶς
682 2095 771 2150 καὶ
813 2094 1118 2164 μαλαχθεὶς
1169 2095 1378 2156 ἁπαλὸς
1424 2095 1512 2149 καὶ
1560 2096 1713 2163 ὑγρὸς
1753 2097 1841 2151 καὶ
1896 2098 2044 2162 ἡδίων

50 2182 372 2260 (γίγνεται),
413 2183 511 2242 ὤςε
551 2183 693 2239 τουτὶ
734 2186 794 2240 τὸ
834 2184 1144 2253 παιζόμενον
1183 2185 1259 2250 μὴ
1300 2182 1439 2238 πάνυ
1478 2185 1756 2253 φαίνεσθαι
1797 2194 2037 2252 γελοῖον,

46 2270 128 2329 ὅτι
165 2272 364 2342 πράσου
418 2273 610 2342 φύλλῳ
654 2275 712 2328 τὸ
760 2279 858 2327 τῶν
898 2274 1116 2341 ἐρώντων
1170 2273 1370 2329 δέδεται
1410 2272 1737 2339 βαλλάντιον
1755 2317 1770 2342 ,
1827 2275 1881 2330 in
1923 2277 2040 2350 qui·

50 2360 153 2418 hus
191 2361 321 2417 haec
363 2361 521 2416 verba
556 2362 758 2417 Comici
795 2363 1017 2417 insunt:

1059 2453 1248 2522 φύλλῳ
1288 2451 1487 2520 πράσου

349 2542 408 2595 τὸ
447 2542 547 2595 τῶν
587 2542 807 2608 ἐρώντων
846 2541 1143 2597 συνδέδεται
1180 2540 1524 2609 βαλλάντιον.

27 2625 242 2684 tcontra
282 2635 565 2700 peceatum
608 2638 689 2684 est
730 2632 783 2684 in
825 2630 937 2685 vita
978 2630 1353 2686 Demosthenis
1393 2646 1507 2702 cap.
1532 2629 1607 2685 V:
1645 2630 1942 2699 Ἕρμιππος
1983 2633 2039 2688 δέ

31 2709 206 2788 ’φησιν
241 2717 546 2779 ἀδεσπότοις
588 2718 952 2784 ὑπομνήμασιν
993 2721 1258 2788 ἐντυχεῖν,
1292 2720 1344 2773 ἐν
1377 2715 1446 2780 οἷς
1487 2720 1788 2789 ἐγέγραπτο
1823 2724 1908 2777 τὸν
1933 2731 2038 2786 An·

0 2860 2 2867 k
44 2805 289 2874 μοσθένην
324 2807 767 2875 συνεσχολακέναι
808 2806 1086 2873 Πλάτωνι,
1130 2807 1516 2864 Demosthenes
1555 2810 1792 2866 Platonis
1825 2812 2041 2866 auditor

46 2900 195 2949 certe
224 2901 397 2966 potest
426 2894 624 2961 fuisse,
655 2895 746 2950 sed
769 2897 1153 2970 condiscipulus
1181 2898 1400 2954 omnino
1431 2914 1536 2953 non
1570 2906 1775 2971 potest,
1811 2900 2037 2957 emenda

49 2979 220 3054 igitur
275 2984 622 3052 ἐσχολακέναι
664 2983 925 3040 Πλάτωνι.
1020 2985 1226 3040 Vitiosa
1267 3002 1383 3041 esse
1432 2988 1678 3060 suspicor
1717 2988 1860 3061 apud
1911 2989 2036 3045 Plu-

0 3077 4 3120 Ι
48 3069 298 3126 &archum
340 3074 851 3140 συγκεκαλυμμένην
905 3074 979 3148 (in
1016 3073 1191 3129 Numa
1230 3090 1277 3128 e.
1306 3073 1409 3148 Χ),
1445 3082 1498 3131 et
1535 3078 2037 3145 συγκεκαλυμμένον

0 3164 6 3226 ι
49 3154 126 3232 (in
150 3157 352 3214 Pericle
387 3177 436 3217 c.
461 3160 581 3216 XVI
612 3169 665 3216 et
699 3163 753 3216 in
785 3162 1117 3218 Timoleonte
1151 3179 1266 3236 cap.
1288 3163 1410 3238 IV),
1445 3172 1498 3219 et
1531 3165 2035 3233 συγκεκαλυμμένου

0 3246 6 3315 Ι
49 3244 127 3321 (in
163 3246 517 3303 Demosthene
557 3249 764 3305 duobus
793 3250 924 3306 loeis
972 3268 1021 3306 e.
1058 3251 1154 3306 vl1
1196 3259 1249 3307 et
1301 3253 1516 3327 XXIX.)
1597 3254 1762 3310 Recte
1808 3255 2036 3320 ἐγκαλυ-

0 3338 7 3412 l
46 3333 283 3402 ψάμενος
318 3338 583 3409 scriptum
626 3346 709 3392 est
746 3339 799 3392 in
839 3338 1045 3395 Othone
1079 3357 1193 3413 cap.
1218 3341 1310 3397 lx.

0 3424 1 3444 ¹
124 3420 271 3477 idem
315 3424 505 3480 vitium
559 3427 788 3483 mirifice
829 3428 1010 3484 turbat
1053 3429 1283 3503 Eunapii
1327 3429 1502 3485 locum
1550 3431 1600 3484 in
1643 3429 1750 3483 Vit.
1793 3428 2031 3503 Sophist.

0 3528 5 3556 ,-
48 3526 97 3582 p.
132 3514 264 3564 115:
319 3517 415 3566 τῶν
455 3517 578 3578 γοῦν
624 3516 932 3586 γραφόντων
962 3518 1032 3572 τα
1068 3518 1204 3587 ἄκρα
1259 3520 1377 3593 (τῶν
1418 3517 1571 3590 adde)
1625 3518 1894 3572 δακτύλων
1937 3519 2033 3574 ὑπὸ

0 3591 5 3625 ²
51 3606 140 3661 τῆς
184 3601 413 3662 αλήκτου
444 3604 669 3666 μελέτης
708 3605 794 3659 καὶ
831 3610 1063 3674 χρήσεως
1106 3609 1551 3663 ἐνεκέκαπτο.
1636 3604 1824 3660 Risum
1861 3615 2035 3663 movet
