2436 4068
1124 160 1226 211 5021

237 306 390 379 Apud
430 303 801 378 Thucydidem
842 304 904 358 V.
945 308 1031 359 18.
1082 305 1197 358 sine
1237 303 1600 358 controversia
1633 302 2009 358 scribendum:
2051 306 2139 368 ςή-

161 412 261 458 λας
308 397 360 450 δὲ
407 402 562 456 ςῆσαι
616 393 948 459 Ὀλυμπίασι
992 393 1079 447 καὶ
1119 394 1280 447 Πυθοῖ
1314 393 1401 448 καὶ
1455 392 1703 457 Ἰσθμοῖ
1742 391 1829 446 καὶ
1889 393 2137 454 Ἀθήνη-

160 504 262 539 σιν
314 484 365 536 ἐν
417 482 597 545 πόλει,
653 498 750 552 pro
790 482 878 535 καὶ
919 482 971 534 ἐν
1022 482 1205 548 Ἰσθμῷ
1258 480 1346 534 καὶ
1388 482 1439 534 ἐν
1490 481 1747 544 Ἀθήναις.
1828 480 1958 533 Boni
2015 469 2141 532 libri

160 576 443 626 servarunt
495 570 551 622 in
607 568 810 623 Hellen.
865 568 930 622 ΙΙ.
986 585 1054 621 1v.
1108 571 1200 622 45.
1261 570 1379 629 τοὺς
1443 571 1701 624 Ἐλευσῖνι
1759 586 1857 640 pro
1909 569 2027 628 τοὺς
2089 568 2141 621 ἐν

159 662 431 714 Ἐλευσῖνι.
512 656 702 730 Lysiae
742 673 954 728 quoque
995 654 1319 710 reddiderim
1362 656 1427 710 II.
1471 661 1559 711 45.
1620 659 1678 712 τὸ
1730 659 1928 723 Ἰσθμοῖ
1961 663 2141 724 τεῖχος

156 764 252 820 pro
280 748 338 801 τὸ
368 748 418 800 ἐν
451 746 654 813 Ἰσθμῷ.
738 745 912 799 Unum
956 743 1149 799 addam
1186 761 1250 798 ex
1291 744 1526 799 Platonis
1567 745 1841 801 Alcibiade
1870 746 1911 800 I.
1955 763 2004 818 p.
2032 747 2140 799 129

155 838 217 891 A.
269 836 480 890 ὃτοῦτο
531 833 736 894 ἀναθεὶς
787 836 859 895 εἰς
912 837 999 888 τὸν
1037 833 1088 886 ἐν
1136 834 1295 886 Πυθοῖ
1330 832 1475 896 νεών,
1530 834 1639 887 imo
1679 851 1804 889 vero
1852 836 1940 890 τὸν
1984 834 2146 889 Πυθοῖ

155 924 303 980 νεώντ
359 920 500 994 quod
539 920 794 992 vulgatur
846 927 958 975 tam
999 919 1296 976 absurdum
1333 928 1415 975 est
1453 937 1516 974 ac
1575 922 1621 975 si
1661 923 1783 993 quis
1836 924 1888 976 ἐν
1930 923 2138 986 Ἀθήνη-

155 1034 267 1077 σιν,
318 1013 371 1067 ἐν
415 1012 649 1076 Θήβησιν
674 1052 689 1075 ,
730 1012 781 1064 ἐν
821 1016 1098 1077 Μεγαροῖ,
1158 1012 1210 1064 ἐν
1249 1010 1582 1076 Ὀλυμπίαισι
1618 1010 1740 1063 sim.
1795 1009 1954 1065 vellet
1997 1009 2138 1065 dice·

155 1118 231 1157 re.
308 1100 486 1154 Etiam
542 1099 757 1170 turpius
814 1097 1023 1153 scribae
1075 1100 1126 1153 ἐν
1175 1097 1242 1153 de
1295 1114 1391 1152 suo
1450 1097 1776 1153 addiderunt
1821 1098 1874 1152 in
1928 1098 2136 1170 Equitt.

155 1206 230 1243 VS.
275 1191 436 1243 1271.
496 1188 686 1241 Πυθῶνι
722 1188 772 1241 ἕν
809 1188 926 1258 δία,
969 1186 1061 1242 uhi
1094 1185 1310 1242 tandem
1352 1186 1617 1258 Bergkius
1650 1188 1841 1240 Πυθῶνι
1881 1186 1967 1257 δία
2006 1186 2140 1242 bene

153 1277 402 1333 correxit.

227 1365 484 1420 Veterum
523 1363 737 1418 dicendi
779 1362 1110 1418 consuetudo
1151 1363 1383 1418 violatur
1422 1364 1478 1418 in
1529 1363 1730 1419 Hellen.
1775 1363 1889 1418 VII.
1933 1382 2001 1418 ιν.
2046 1368 2135 1419 26.

154 1456 208 1509 in
250 1452 426 1508 verbis
463 1455 554 1508 σὺν
594 1454 735 1521 αὐτῷ
771 1454 841 1521 τῷ
881 1452 1048 1521 χωρίῳ
1087 1454 1345 1520 αἱροῦσιν,
1386 1452 1647 1507 omittunt
1685 1454 1829 1507 enim
1872 1453 2039 1508 Attici
2080 1455 2138 1508 in

151 1542 347 1597 talibus
399 1542 527 1606 σύν,
585 1541 726 1613 quod
767 1539 975 1596 scribae
1031 1547 1216 1595 contra
1267 1540 1560 1595 inferciunt
1615 1541 1843 1596 subinde
1903 1541 1968 1596 de
2020 1558 2134 1596 suo,
2185 1530 2187 1532 i

149 1630 320 1685 Lubet
373 1631 428 1684 in
487 1638 809 1685 transcursu
861 1636 1020 1701 turpe
1075 1629 1329 1684 mendum
1390 1647 1418 1685 e
1450 1629 1846 1702 Xenophontis
1905 1630 2139 1685 Anabasi

150 1719 418 1781 eximere,
471 1718 566 1772 ubi
624 1718 824 1789 legitur
861 1717 923 1770 V.
966 1736 1035 1772 lv.
1081 1720 1171 1771 26.
1227 1718 1250 1772 ὃ
1297 1718 1349 1772 δὲ
1388 1718 1645 1785 βασιλεὺς
1701 1721 1868 1773 αὐτῶν
1915 1721 1939 1771 0‘
1978 1721 2028 1773 ἕν
2067 1728 2134 1788 τῇ

150 1806 332 1872 μόσυνι
371 1809 442 1874 τῷ
479 1808 562 1861 ἐπ’
603 1805 755 1873 ἄκρου
803 1805 1164 1874 ᾠκοδομημένῳ
1217 1808 1306 1861 οὐκ
1360 1807 1535 1870 ἤθελεν
1588 1805 1811 1870 ἐξελθεῖν
1863 1809 1973 1862 οὐδὲ
2018 1809 2041 1862 ὅ
2083 1809 2135 1863 ἐν

149 1897 220 1963 τῷ
257 1894 490 1962 πρότερον
528 1896 771 1962 αἱρεθέντι
823 1895 990 1962 χωρίῳ
1029 1897 1155 1948 ἀλλ’
1196 1898 1356 1949 αὐτοῦ
1397 1896 1487 1950 σὺν
1527 1902 1632 1955 τοῖς
1686 1896 1920 1960 μοσύνοις
1972 1919 2136 1953 κατε-

149 1984 429 2045 καύθησαν.
510 1983 703 2036 Forma
748 1984 770 2036 ὁ
807 1983 1019 2048 μόσυνος
1064 1999 1159 2054 pro
1199 1984 1221 2036 ὅ
1261 1983 1423 2049 μόσυν
1466 1985 1519 2037 in
1562 1983 1947 2039 Graeculorum
1990 2004 2134 2042 cere-

148 2073 260 2126 bris
301 2078 425 2126 nata
469 2079 549 2125 est
590 2078 644 2126 et
685 2071 820 2125 nihil
874 2077 1047 2143 potest
1103 2087 1219 2126 esse
1273 2072 1521 2126 inutilius
1577 2089 1738 2143 quam
1792 2081 1875 2127 est
1930 2075 1983 2128 in
2034 2075 2133 2131 hoc

146 2161 261 2215 loco
320 2159 632 2214 adverbium
690 2162 867 2214 αὐτοῦ.
965 2160 1177 2213 Partem
1230 2161 1342 2214 veri
1400 2159 1530 2213 vidit
1582 2160 1980 2226 Buttmannus,
2041 2166 2134 2236 qui

145 2252 305 2304 αὑτοῦ
366 2250 456 2302 σὺν
515 2254 620 2302 τοῖν
677 2248 909 2313 μοσύνοιν
976 2248 1294 2319 corrigebat.
1394 2247 1648 2303 Perficies
1702 2249 2131 2307 emendationem

146 2336 427 2393 scribendo
472 2338 599 2391 ἀλλ’
656 2339 880 2391 αὐτοῖν
936 2342 1041 2390 τοῖν
1081 2338 1313 2402 μοσύνοιν
1353 2339 1770 2400 κατεκαύθησαν.
1852 2339 2132 2411 Propriam

146 2426 324 2482 sedem
365 2426 525 2480 habet
567 2425 664 2480 hoc
716 2424 928 2480 dicendi
976 2442 1146 2495 genus
1188 2425 1278 2480 ubi
1315 2425 1492 2498 aliqua
1548 2425 1727 2481 clades
1781 2435 1874 2482 aut
1925 2435 2133 2500 strages

144 2522 239 2569 aut
280 2516 544 2587 pernicies
581 2521 1036 2570 commemoratur
1069 2512 1133 2568 de
1170 2515 1270 2579 iis,
1312 2531 1448 2586 quae
1485 2515 1646 2569 simul
1680 2516 1934 2587 periisse,
1976 2526 2133 2590 capta

145 2605 240 2660 a'ut
289 2604 534 2659 absumta
595 2620 712 2658 esse
759 2602 1041 2658 dicantur:
1098 2606 1126 2666 ἦ
1168 2607 1290 2663 ναῦς
1350 2606 1526 2664 αὐτοῖς
1578 2605 1790 2670 ἀνδράσι
1843 2606 2128 2674 διεφθάρη,

142 2694 283 2762 αὐτῷ
334 2694 403 2761 τῷ
443 2690 583 2764 ἵππῳ
633 2693 911 2756 ἀπώλετο,
951 2693 1091 2760 αὐτῷ
1130 2693 1198 2760 τῷ
1242 2689 1437 2760 ἅρματι
1492 2693 1783 2757 κατεπόθη,
1839 2701 1892 2748 et
1933 2698 1988 2748 in
2030 2695 2129 2750 Ra-

143 2782 228 2837 nis
267 2785 407 2837 560:

444 2867 495 2925 ἓν
535 2867 680 2931 οὗτος
718 2873 894 2931 αὐτοῖς
935 2876 1041 2930 τοῖς
1082 2868 1326 2937 ταλάροις
1367 2871 1657 2933 κατήσθιεν.

142 2976 245 3015 non
281 2959 436 3015 facile
471 2958 677 3013 videbis
718 2974 1044 3031 quemquam
1082 2958 1367 3023 Veterum,
1409 2959 1501 3029 qui
1544 2958 1740 3013 talibus
1779 2958 1939 3014 addat
1977 2977 2125 3032 prae-

139 3048 456 3120 positionem
498 3046 765 3103 inutilem.

144 3179 148 3184 »
216 3134 427 3191 Fesellit
468 3153 598 3190 usus
646 3136 902 3191 Veterum
946 3134 1225 3190 Aelianum
1282 3136 1336 3189 in
1390 3135 1526 3192 Hist.
1582 3136 1813 3192 Animal.
1851 3137 1987 3192 XIV.
2036 3143 2122 3191 11.

143 3224 233 3295 qui
282 3242 450 3296 quum
493 3224 714 3279 dixisset
754 3232 1036 3292 προαπερεῖ
1070 3226 1223 3292 αὐτῷ,
1262 3223 1402 3293 ἵππῳ
1459 3225 1668 3299 (vitiose
1720 3224 1873 3279 codd.
1928 3246 2122 3293 προσα·

141 3312 359 3384 παίρειν)
402 3312 503 3367 sibi
546 3313 819 3384 eleganter
860 3313 1147 3367 admodum
1188 3313 1386 3368 dixisse
1429 3312 1726 3367 videbatur.

220 3400 278 3454 In
331 3400 529 3456 Hellen.
563 3401 676 3456 Vll.
720 3419 767 3455 V.
818 3407 901 3457 15.
953 3403 1425 3465 ἐδειπνοποιήσαντο
1465 3402 1561 3468 μὲν
1602 3404 1652 3455 ἑν
1692 3404 1874 3469 Ἰσθμῷ
1919 3400 2120 3454 tralati-

143 3487 389 3542 ciovitio
423 3490 683 3562 scriptum
721 3498 799 3546 cst
836 3508 931 3563 pro
970 3493 1065 3557 μὲν
1100 3494 1310 3559 Ἰσθμοῖ.
1394 3492 1451 3546 ln
1496 3497 1773 3563 poetarum
1815 3489 1941 3543 locis
1976 3487 2122 3543 fraus

1697 3584 1737 3613 25
