2436 4068
1331 200 1355 228 μ

1330 199 1435 248 068

377 344 591 410 δύναμιν
616 385 628 405 ,
670 349 722 398 et
763 341 997 396 Platonis
1039 341 1094 393 in
1139 339 1376 395 Phaedro
1426 359 1474 412 p.
1511 344 1617 395 252
1663 341 1719 393 Α.
1767 339 1854 393 uhi
1898 341 2049 411 plura
2090 343 2358 416 Interpre-

375 441 455 488 tes
495 433 929 505 {congesserunn
987 429 1042 481 in
1093 427 1175 481 his
1215 436 1267 482 et
1308 428 1486 483 locum
1540 430 1716 501 ipsum
1759 444 1823 481 ex
1877 428 2140 495 Hierone,
2194 451 2354 503 quem
2428 442 2436 507 ζ

379 521 647 581 volebam,
701 519 795 572 IX.
854 522 939 571 10.
1009 516 1232 576 πολλοὺς
1301 515 1364 571 ἂν
1421 518 1714 588 κοιὶζτοῦτο
1775 516 2092 583 ἐξορμήσειεν
2159 520 2353 588 ἔργον
2416 564 2418 566 -

375 608 724 663 ποιεῖσθοιι
785 606 842 659 τὸ
904 611 1111 658 σκοπεῖν
1162 625 1210 658 τι
1252 604 1466 669 οέγοιθόν.
1549 607 1723 673 Quum
1782 612 1923 682 apud
1977 611 2191 683 Lysiam
2235 626 2353 681 per·
2415 625 2423 682 ζ

377 698 620 767 spicuum
665 694 734 747 sit
774 692 977 763 aliquid
1032 693 1234 762 requiri
1277 693 1416 763 quod
1469 696 1866 762 προθυμεῖσθαι,
1918 697 2221 765 σπουδάζειν
2259 703 2355 751 aut
2415 706 2424 750 ξ

377 783 551 839 simile
587 781 715 854 quid
756 780 1051 851 significet,
1097 780 1437 851 aptissimum
1480 789 1560 835 est
1605 791 1658 837 et
1693 787 1895 856 optime
1935 787 2178 840 Atticum
2212 784 2355 853 ἔργον

374 876 652 927 ποιοῦνται.
733 870 1012 922 Praeterea
1051 874 1109 934 μ’
1151 867 1457 923 addendum
1498 887 1614 924 esse
1655 882 1895 944 apparet.
2431 927 2433 930 .

452 960 618 1014 Venio
662 974 804 1011 nunc
846 956 914 1010 ad
952 956 1319 1028 Xenophontis
1368 957 1644 1023 libellum,
1699 978 1803 1031 quo
1844 979 1948 1016 non
1990 969 2071 1016 est
2112 961 2249 1016 alius
2289 960 2355 1014 ab

375 1067 435 1105 eo
485 1046 711 1101 nitidius
767 1045 1155 1116 venustiusque
1209 1044 1444 1116 scriptus
1491 1051 1542 1098 et
1584 1048 1757 1117 magis
1812 1047 2075 1119 expolitus
2113 1057 2167 1104 et
2205 1049 2358 1104 lima·
2419 1047 2431 1112 J

375 1144 501 1201 ωε,
553 1137 639 1189 τὸν
690 1132 1027 1198 οἰκονομικόν,
1082 1150 1145 1186 ex
1186 1150 1290 1204 quo
1337 1131 1530 1186 menda
1570 1134 1830 1204 quaedam
1873 1144 1924 1190 et
1966 1137 2131 1200 vitia,
2186 1138 2231 1191 si
2269 1154 2356 1208 po·
2420 1131 2428 1190 't

379 1233 530 1288 ter0,
567 1223 740 1278 elnam
767 1263 780 1284 ,
839 1220 1034 1292 quibus
1074 1229 1166 1275 aut
1209 1222 1474 1275 sententia
1530 1221 1797 1277 dictorum
1847 1225 2104 1296 impedita
2145 1232 2225 1280 est
2265 1230 2360 1279 aut
2413 1258 2419 1269 ι

376 1314 617 1368 Atticum
659 1309 872 1364 dicendi
913 1325 1083 1379 genus
1134 1311 1444 1380 sequiorum
1486 1310 1728 1364 socordia
1769 1311 2118 1366 maculatum.
2411 1306 2419 1366 s

454 1398 674 1456 Offendo
715 1399 770 1451 in
829 1415 942 1469 cap.
981 1397 1022 1452 I.
1069 1400 1097 1468 §
1139 1402 1190 1451 4.
1248 1399 1302 1462 νὴ
1346 1398 1452 1451 Διόι
1493 1399 1579 1452 κοιὶ
1636 1399 1797 1453 πολύν
1838 1420 1904 1464 γε
1953 1404 2130 1467 μισθὸν
2168 1402 2362 1470 φέροιτ’
2410 1411 2433 1473 'js

376 1488 473 1552 ἄν,
521 1487 610 1542 uhi
646 1486 786 1556 φέροι
828 1484 891 1539 ἄν
934 1485 1331 1556 corrigendum.
1417 1486 1552 1540 Usus
1603 1487 1750 1540 verbi
1798 1488 1970 1557 φέρειν
2023 1497 2074 1543 et
2116 1490 2360 1559 φέρεσθαι

376 1580 430 1631 in
476 1575 619 1630 nulla
674 1574 853 1629 Attica
901 1573 1170 1628 locutione
1227 1574 1567 1644 promiscuus
1623 1582 1703 1628 est
1751 1577 2021 1647 certisque
2066 1577 2261 1631 finibus
2307 1583 2360 1631 et
2391 1574 2413 1626 Τ

376 1666 491 1737 lege
544 1670 691 1718 certa
747 1662 1029 1732 utriusque
1089 1660 1291 1715 formae
1343 1679 1472 1716 usus
1531 1664 2018 1718 circumscribitur.
2115 1665 2216 1731 Qui
2269 1665 2362 1718 sti·

373 1753 631 1827 pendium
691 1757 786 1805 aut
843 1748 1144 1803 mercedem
1219 1750 1414 1821 accipit
1489 1751 1600 1804 sive
1655 1751 1866 1822 publice
1925 1754 2036 1806 sive
2107 1751 2431 1826 privatim

375 1843 576 1897 dicitur
634 1843 945 1894 constanter
1003 1837 1068 1892 ab
1121 1838 1372 1893 omnibus
1426 1841 1602 1905 μισθὸν
1662 1839 1871 1908 φέρειν,
1931 1857 2034 1895 non
2099 1841 2359 1910 φέρεσθαι.
2391 1831 2431 1909 3

376 1928 632 2001 Exempla
685 1926 884 1999 passim
942 1932 1070 1980 sunt
1110 1925 1300 1990 obvia,
1361 1942 1485 1980 nam
1530 1928 1772 1981 omnium
1826 1945 1928 1982 usu
1984 1930 2113 1983 trita
2166 1920 2436 1998 Ιο(;ιιιίο,’ᾖ4

378 2024 475 2073 est.
557 2015 850 2087 Antiquius
889 2013 1192 2086 exemplum
1234 2020 1316 2068 est
1357 2014 1495 2087 apud
1541 2015 1906 2086 Theognidem
1954 2034 2030 2072 vs.
2067 2021 2194 2073 454.

681 2103 906 2163 πολλοὺς
948 2101 1012 2156 ἂν
1053 2103 1261 2167 μισθοὺς
1303 2103 1389 2156 κοιὶ
1435 2103 1708 2170 μεγοέλους
1749 2103 1945 2174 ἔφερον.

378 2202 432 2251 et
483 2209 640 2264 saepe
699 2191 840 2263 apud
896 2190 1175 2255 comicos,
1235 2206 1391 2262 saepe
1444 2192 1585 2264 apud
1646 2193 1942 2247 Historicos
1999 2199 2052 2247 et
2114 2191 2363 2248 Oratores
2411 2189 2430 2227 ¹³

377 2284 555 2350 μισθὸν
594 2279 766 2350 φέρειν
808 2279 1080 2342 recurrit,
1123 2294 1389 2348 nusquam
1431 2282 1606 2345 μισθὸν
1646 2281 1907 2350 φέρεσθαι.
1989 2279 2087 2334 Uhi
2126 2282 2360 2351 pretium

381 2370 638 2426 definitur
700 2367 888 2423 Graeci
950 2366 1240 2436 scriptores
1292 2367 1470 2431 μισθόν
1527 2385 1623 2422 suo
1685 2369 1950 2423 arbitratu
2010 2374 2104 2422 aut
2157 2367 2364 2423 addunt

379 2465 475 2514 aut.
527 2457 819 2511 omittunt:
876 2452 993 2509 ἕπτ’
1028 2455 1240 2520 ὀβολοὺς
1275 2457 1452 2520 μισθὸν
1510 2456 1706 2525 φέρων,
1765 2459 1941 2523 μισ-’θον
1981 2458 2221 2528 φέροντες
2277 2457 2360 2512 δύο

378 2546 628 2616 δροιχμὸις
668 2551 760 2608 τῆς
802 2543 1028 2610 ἡμέροις,
1068 2544 1327 2611 τέττοιροις
1364 2550 1457 2606 τῆς
1499 2545 1692 2612 ἡμέροις
1734 2547 1946 2611 ὀβολοὺς
1986 2546 2183 2615 φέρων,
2223 2546 2359 2614 τριώ·
2398 2554 2430 2615 Jij

377 2637 532 2702 βολον
573 2633 773 2702 φέρων,
813 2638 867 2687 et
906 2632 961 2685 in
998 2631 1229 2686 Anabasi
1278 2632 1506 2698 ἡμιόλιον
1538 2630 1595 2687 οὗ
1642 2634 1875 2702 πρότερον
1917 2634 2125 2704 ἔφερον,
2180 2641 2232 2690 et
2271 2637 2358 2690 δοι-
2399 2620 2429 2708 'j'

378 2725 535 2791 ρεικὸν
574 2720 755 2782 ἕκοιςος
798 2720 963 2775 οἴσετε
1005 2723 1094 2774 τοῦ
1147 2719 1340 2786 μηνός,
1397 2722 1452 2774 in
1501 2720 1698 2791 quibus
1751 2722 1999 2776 omnibus
2051 2724 2223 2792 φέρειν
2282 2739 2360 2777 re·
2392 2710 2427 2790 ζ’,γ

380 2810 604 2883 spondet
634 2810 827 2865 Latino
866 2826 1093 2862 merere:
1135 2808 1379 2877 φέρεσθαι
1421 2809 1597 2874 μισθόν
1632 2810 1677 2863 si
1717 2809 1917 2865 Graece
1957 2811 2254 2875 diceretur,
2295 2805 2420 2885 de

378 2916 439 2953 eo
480 2898 753 2952 diceretur
791 2897 885 2968 qui
923 2902 1196 2967 acceptam
1236 2896 1535 2951 mercedem
1577 2916 1749 2952 secum
1789 2901 2022 2970 auferret
2046 2941 2060 2964 ,
2105 2897 2358 2970 quemad·
2388 2854 2408 2918 3(
2423 2893 2436 2966 21,-

378 2985 596 3040 modum
636 2985 756 3056 quis
805 2985 876 3039 τοὶ
928 2989 1107 3052 πρῶτοι
1151 2984 1430 3053 φέρεσθοιι,
1483 2986 1554 3039 τοι
1593 2987 1803 3053 δεύτεροι
1843 2987 2087 3054 φέρεσθοιι
2137 2994 2191 3041 et
2229 2988 2351 3047 sim.
2430 2995 2433 3015 ²

377 3074 594 3129 dicitur.
685 3071 841 3143 Apud
901 3072 1228 3128 Herodotum
1270 3073 1360 3127 IX.
1405 3077 1490 3128 78.
1552 3074 1676 3128 olim
1726 3073 1984 3128 edebatur
2034 3074 2277 3141 Λάμπων
2329 3075 2352 3128 ὅ
2434 3087 2436 3092 ·

375 3163 548 3218 Πύθεω
590 3159 904 3226 Αἰγινητέων
945 3161 1015 3214 τοὶ
1056 3167 1233 3228 πρῶτοι
1272 3161 1469 3231 φέρων,
1529 3162 1618 3215 uhi
1658 3161 1822 3230 φέρων
1867 3167 2053 3215 contra
2093 3162 2350 3216 librorum
2386 3203 2387 3206 ,

378 3251 617 3305 omnium
663 3247 821 3301 fidem
874 3247 1253 3318 interpolatum
1299 3256 1351 3303 et
1400 3249 1539 3303 male
1579 3249 1839 3303 Graecum
1892 3265 2008 3303 esse
2062 3268 2157 3323 pro
2203 3250 2350 3320 φερό·
2434 3307 2436 3310 ,

373 3360 522 3405 μενος
566 3335 964 3405 Wesselingius
1005 3342 1058 3389 et
1102 3336 1517 3391 Valckenaerius
1557 3336 2093 3402 demonstraverunt,
2137 3338 2228 3393 sed
2269 3337 2345 3392 fu·
2434 3339 2436 3347 '

376 3429 456 3499 git
512 3426 629 3479 illos
676 3422 820 3478 aliud
861 3422 960 3475 loci
997 3423 1219 3485 vitium;
1278 3441 1464 3496 nempe
1504 3425 1852 3495 participium
1911 3425 2108 3480 excidit
2161 3434 2214 3480 et
2270 3425 2345 3480 sic

375 3513 658 3585 legendum
699 3518 779 3566 est
808 3510 1120 3577 Αἰγινητέων
1164 3511 1292 3586 (ἐὼν)
1334 3512 1404 3566 τὰ
1444 3514 1638 3579 πρῶτοι.
1696 3512 1893 3567 Notum
1929 3520 2008 3567 est
2044 3531 2148 3585 quo
2188 3528 2346 3568 sensu
2432 3509 2436 3546 Ὺ

374 3604 497 3673 quis
551 3602 763 3657 dicatur
819 3596 945 3655 εἷνοιι
1000 3600 1070 3654 τοὶ
1128 3605 1320 3668 πρῶτοι.
1404 3599 1722 3656 Similiimus
1767 3599 2019 3656 Herodoti
2074 3601 2220 3657 locus
2267 3606 2346 3655 est
