2436 4068
1316 217 1423 267 550

358 371 411 418 et
463 362 675 434 saepius
736 361 859 415 alibi
916 359 1171 414 occurrit.
1255 359 1409 421 Utilis
1467 367 1547 414 est
1600 360 1666 413 ad
1715 363 2133 434 comparandum
2188 364 2334 420 locus

358 451 644 505 Herodiani
685 450 724 503 Ι.
767 467 850 502 xv.
900 452 983 501 14.
1034 449 1076 500 οἱ
1111 445 1315 510 τοξικὴν
1354 450 1688 515 ἀκριβοῦντες
1724 450 1810 504 καὶ
1843 453 2108 509 ἀκοντιςαὶ
2151 452 2330 520 ἀριςοι.

355 540 568 593 Poterat
613 536 793 591 eodem
837 552 999 589 sensu
1033 534 1211 589 dicere
1251 535 1458 598 τοςόται
1494 534 1651 603 ἀριςοι
1674 536 1754 590 vel
1792 536 1949 605 ἀριςοι
1985 542 2076 602 την
2109 540 2328 605 τοξικήν.

354 627 610 680 Dicebant
666 624 884 677 Veteres
924 624 1223 694 promiscue
1263 625 1508 691 ἀκριβοῦν
1558 631 1610 678 et
1649 627 1872 692 ἀκριβῶς
1914 627 2134 692 εἰδέναι,
2178 635 2236 681 ut
2275 630 2330 682 in

351 711 640 787 Cyropaed.
677 711 716 764 I.
759 729 831 764 111.
881 715 978 776 16,
1020 711 1109 764 ubi
1152 710 1306 764 modo
1356 713 1579 779 ἀκριβῶς
1613 709 1729 767 οἶδα
1769 716 1860 777 την
1895 715 2207 777 δικαιοσύνην
2260 715 2330 770 le-

351 803 535 871 gitur,
577 797 731 852 modo
769 801 861 862 την
897 800 1213 862 δικαιοσύνην
1251 801 1465 867 ἀκριβῶ.
1551 799 1870 855 Procedente
1910 808 2151 874 tempore
2190 805 2329 871 ἀκρι·

350 892 476 955 βοῦν
518 889 572 940 in
615 887 1022 941 desuetudinem
1074 887 1219 942 abire
1267 889 1474 958 coepit:
1518 886 1642 941 hinc
1679 888 1819 959 apud
1863 890 2150 944 Isocratem
2205 893 2327 959 πρὸς

349 976 615 1031 Νικοκλέα
668 974 706 1048 S
749 979 838 1030 55.
893 977 946 1029 in
990 975 1239 1030 omnibus
1277 976 1428 1029 libris
1467 983 1582 1030 est:
1630 974 1661 1030 δ’
1686 997 1736 1030 τι
1777 975 1842 1030 ἂν
1880 980 2104 1045 ἀκριβῶς
2143 979 2325 1033 εἰδέναι

350 1066 516 1134 βούλη
548 1097 621 1106 —-
655 1065 896 1134 ἐμπειρία
931 1065 1129 1129 μέτιθι,
1180 1063 1324 1117 solus
1375 1062 1604 1117 Urbinas
1648 1066 1881 1119 servavit
1929 1067 2206 1136 antiquam
2257 1067 2327 1121 le-

349 1155 607 1207 ctionem:
650 1150 680 1206 5'
708 1171 757 1206 τι
792 1151 855 1205 ἂν
893 1153 1248 1219 ἀκριβῶσαι
1288 1153 1559 1220 βουληθῇς.
1641 1151 1787 1206 Idem
1829 1152 2028 1207 sactum
2065 1171 2182 1209 esse
2217 1155 2326 1209 vidi

348 1244 404 1296 iu
451 1241 553 1295 alio
594 1241 892 1311 scriptore,
948 1241 1104 1294 cuius
1143 1241 1329 1295 itidem
1379 1239 1638 1295 habemus
1693 1247 1746 1294 et
1795 1243 2056 1311 pessimos
2110 1243 2328 1298 Codices

349 1337 403 1386 et
444 1346 611 1383 unum
657 1328 994 1399 alterumque
1046 1328 1202 1399 longe
1255 1329 1553 1400 optimum:
1605 1327 1745 1399 apud
1799 1328 2116 1401 Dionysium
2159 1330 2326 1386 Halic.

347 1421 407 1473 A.
447 1418 508 1471 R.
555 1417 642 1471 IV.
685 1421 775 1470 81.
832 1434 880 1487 p.
918 1420 1044 1471 851.
1100 1416 1380 1486 vulgatur:
1442 1417 1536 1485 ὀψὲ
1589 1415 1874 1483 ἀρξάμενος
1936 1418 2142 1484 πονηρὸς
2194 1415 2323 1473 εἶναι

345 1510 524 1562 πάσαν
577 1505 799 1572 ἀκριβῶς
851 1503 1125 1568 διεξήλασε
1178 1507 1270 1567 την
1324 1507 1619 1572 τυραννικὴν
1671 1505 1895 1567 κακίαν,
1956 1503 2047 1558 sed
2103 1507 2325 1578 antiqua

347 1595 616 1666 scriptura
649 1609 714 1646 ex
752 1592 954 1662 optimo
989 1592 1178 1649 Codice
1213 1593 1470 1647 Vaticano
1505 1593 1634 1646 haec
1671 1592 1894 1663 prodiit:
1936 1596 2116 1646 πᾶσαν
2158 1597 2324 1663 ἀκρι-

343 1686 454 1750 βοῖ
489 1685 580 1745 τὴν
620 1682 914 1747 τυραννικὴν
954 1683 1158 1736 κακίαν.
1237 1679 1433 1735 Contra
1473 1682 1602 1735 vitio
1643 1688 1830 1735 natum
1862 1687 1943 1735 est
1980 1682 2226 1749 ἀκριβοῦν
2267 1685 2321 1737 in

345 1770 718 1842 Aristophanis
756 1768 1042 1822 Ecclesiaz.
1086 1773 1226 1823 275:

645 1858 922 1925 περιδεῖσθε
962 1858 1080 1917 τοὺς
1119 1859 1390 1921 πώγωνας.
1433 1857 1558 1918 ἡνίκ’
1599 1855 1662 1909 ἂν
1704 1855 1756 1910 δέ
1797 1877 1862 1921 γε

645 1947 852 2005 τούτους
893 1946 1216 2012 ἀκριβώσητε
1257 1944 1721 2011 περιηρμοσμέναι,

343 2038 464 2108 quis
516 2036 660 2090 enim
703 2050 806 2087 non
860 2035 1042 2087 statim
1095 2032 1399 2103 Hirschigio
1449 2035 1774 2086 assentietur
1813 2038 2047 2087 veterem
2093 2034 2322 2104 scriptu-

339 2142 456 2179 ram
493 2130 953 2178 ΑΚΡΙΒΩΣΗΤΕ
995 2122 1132 2176 male
1166 2121 1359 2176 lectam
1395 2138 1511 2175 esse
1544 2128 1597 2175 et
1630 2122 1684 2174 in
1717 2120 1859 2174 hunc
1890 2120 2106 2175 modum
2144 2139 2320 2176 emen-

338 2213 456 2268 dari
497 2219 773 2284 oportere:

357 2338 363 2344 ·
642 2300 850 2360 τούτους
891 2300 1115 2366 ἀκριβῶς
1156 2296 1246 2362 ἤτε
1286 2295 1735 2364 περιηρμοσμέναι.

354 2417 358 2420 -
413 2387 558 2442 Nihil
609 2387 778 2457 igitur
822 2388 875 2440 in
922 2385 1286 2457 Xenophontis
1325 2385 1440 2438 loco
1481 2384 1746 2455 supererit
1788 2383 2122 2438 difficultatis
2162 2386 2316 2440 resti-

338 2486 454 2533 tuta
498 2476 596 2530 hac
632 2475 892 2529 lectione:
934 2473 1010 2529 ἔτι
1052 2474 1448 2538 Λακεδαιμόνιοι
1489 2474 2115 2540 μέγιςαῖπαραπίπτοιεν
2153 2475 2203 2526 ε’ν
2244 2476 2314 2541 τῷ

336 2567 418 2621 ἀεὶ
458 2563 794 2620 διαλλάττειν
847 2565 963 2623 τοὺς
1005 2561 1294 2630 ναυάρχους
1318 2604 1330 2624 ,
1390 2561 1645 2620 πολλάκις
1686 2563 1799 2614 ἀντ’
1839 2562 2134 2622 ἐπιτηδείων
2175 2582 2317 2626 γενο-

335 2655 496 2721 μένων
550 2654 636 2707 καὶ
695 2652 1038 2718 ἀκριβούντων
1079 2651 1149 2704 τοὶ
1191 2650 1411 2704 ναυτικοὶ
1452 2648 1537 2702 καὶ
1581 2649 1851 2715 ἀνθρώποις
1898 2653 1962 2711 ὡς
2004 2650 2222 2717 χρηςέον
2261 2648 2318 2704 εὖ

335 2742 723 2809 γιγνωσκόντων
783 2741 1017 2807 ἀπείρους
1079 2738 1344 2799 θαλάττης
1406 2738 1700 2801 πέμποντες
1760 2736 1847 2790 καὶ
1908 2740 2149 2802 ἀγνῶτας
2206 2746 2311 2800 τοῖς

335 2834 476 2895 ἐκεῖ,
516 2829 602 2883 καὶ
644 2828 967 2882 κινδυνεύοιέν
1007 2849 1056 2882 τι
1097 2829 1278 2881 παθεῖν
1313 2827 1397 2880 διά
1435 2830 1601 2879 τοῦτο.

411 2920 730 2972 Percurram
772 2933 916 2970 nunc
958 2914 1352 2970 Hellenicorum
1395 2912 1680 2966 editionem
1718 2912 2114 2966 Dindorfianam
2160 2911 2312 2985 (Oxo-

336 3008 576 3061 niensem
615 3006 741 3058 anni
781 3003 964 3076 1855.)
1008 3010 1061 3058 et
1103 3004 1147 3056 si
1183 3002 1310 3074 quid
1351 3001 1547 3071 corrigi
1586 3007 1639 3055 et
1679 3001 1870 3055 melius
1905 3001 2161 3054 constitui
2195 3017 2311 3070 pos-

334 3112 390 3149 se
431 3093 564 3147 mihi
605 3091 874 3145 videbitur
911 3091 1148 3145 breviter
1181 3090 1443 3143 indicabo.

422 3181 683 3235 Solemnis
737 3178 1065 3233 confusionis
1124 3194 1317 3231 novum
1371 3175 1670 3246 exemplum
1730 3176 1966 3229 occurrit
2022 3175 2223 3230 Hellen.
2270 3176 2309 3229 Ι.

334 3289 408 3325 111.
458 3273 540 3324 19.
597 3269 682 3322 τὸν
731 3267 836 3333 γάρ
878 3267 1055 3320 ἐνόντα
1095 3272 1233 3318 σῖτον
1275 3265 1542 3330 Κλέαρχον
1587 3270 1692 3322 τοῖς
1732 3264 2148 3328 Λακεδαιμονίων
2192 3284 2310 3330 ςρα-

332 3360 540 3417 τιώταις
591 3354 877 3417 διδόναι,
933 3354 1232 3422 requiritur
1283 3352 1425 3404 enim
1482 3351 1788 3412 διαδιδόναι,
1846 3351 2001 3403 cuius
2051 3351 2199 3405 verbi
2253 3354 2306 3404 in

330 3447 431 3501 hac
472 3463 529 3499 re
567 3443 795 3515 legitimi
834 3442 1046 3512 saepius
1084 3439 1402 3510 praepositio
1443 3437 1693 3509 absorpta
1733 3446 1830 3491 est.

425 3533 864 3603 Obtemperatum
925 3529 1162 3599 oportuit
1220 3525 1583 3590 SchneiderO,
1644 3527 1737 3596 qui
1794 3525 1993 3580 Hellen.
2039 3527 2078 3581 Ι.
2135 3545 2202 3580 lv.
2254 3531 2303 3580 4.

333 3623 602 3687 ἐβούλοντο
654 3621 748 3685 μὲν
790 3617 997 3685 μάλιςα
1031 3615 1173 3683 παρὰ
1212 3615 1445 3681 βασιλέα
1486 3615 1783 3679 ἀναβῆναι,
1826 3615 1868 3668 εἶ
1902 3616 1953 3668 δὲ
1994 3616 2098 3682 μη,
2137 3614 2307 3668 οἴκαδε
