2436 4068
1000 191 1107 241 625

72 357 124 411 p.
165 340 270 401 82,
325 339 412 389 25.
494 337 956 398 ’Λπειλοῦμαι
1018 331 1135 386 ἀντὶ
1197 334 1286 385 τοῦ
1351 332 1632 384 άπειλῶ.
1716 334 1946 400 Ξενοφῶν
2005 334 2055 387 ἐν

73 425 372 492 Συμποσίῳ.
433 421 641 486 Ἄλεξις
667 441 679 453 ·
1113 415 1115 418 ’

757 508 1072 572 διηπειλεῖτό
1109 529 1215 575 μοι.

73 602 152 658 sic
192 600 336 654 enim
371 598 522 652 locus
561 597 974 651 constituendus
1026 603 1123 651 est.
1205 594 1339 650 Vide
1380 600 1564 649 autem
1607 593 1740 648 mihi
1786 611 1946 667 quam
1989 597 2059 652 le·
2132 661 2137 665 ¹

74 704 164 743 ves
202 694 254 741 et
296 685 478 740 sutiles
517 685 607 739 isti
645 686 754 738 sint
793 685 1217 746 homunciones,
1261 682 1459 753 quibus
1501 681 1659 736 multi
1715 690 1915 738 temere
1964 684 2057 738 ali-

74 773 203 848 quid
245 773 483 828 trihuere
523 772 710 827 solent.
752 774 1103 837 Ἀπειλοῦμαι
1145 770 1325 824 dicere
1370 786 1465 841 pro
1498 773 1699 824 ἀπειλῶ
1739 788 1843 825 non
1887 772 2058 828 multo

73 864 227 937 peius
267 868 350 916 est
390 878 550 931 quam
592 877 686 931 pro
725 860 894 927 χαίρω
934 858 1113 913 dicere
1150 859 1426 926 χαίρομαι.
1509 858 1678 924 Quam
1721 859 1965 915 sollerter
2003 861 2059 914 id

73 968 140 1007 ex
194 950 308 1004 loco
367 947 734 1018 Xenophontis
790 946 1039 1001 elicuerit
1092 945 1259 1000 vides.
1356 944 1645 999 Cumulum
1708 946 1793 1001 his
1852 948 2060 1004 addidit

74 1055 242 1111 quum
292 1054 355 1092 ex
410 1035 628 1091 Alexide
668 1033 886 1089 afferret
941 1032 1257 1098 διηπειλεῖτό
1293 1053 1397 1099 μοι.
1478 1033 1678 1103 Nempe
1732 1035 1892 1089 verba
1933 1054 2059 1093 cum

75 1126 160 1182 διά
199 1125 494 1196 composita
538 1140 673 1194 qnae
715 1131 972 1176 certamen
1014 1130 1067 1177 et
1107 1121 1482 1176 contentionem
1529 1121 1838 1191 significant
1890 1125 2062 1181 solent.

22 1214 29 1225 “
73 1212 240 1271 ferme
282 1212 444 1267 medii
494 1211 722 1265 sormam
763 1211 1005 1265 induere.
1084 1208 1328 1274 Τοξεύω,
1370 1216 1431 1262 ut
1470 1207 1568 1262 hoc
1614 1216 1775 1274 utar,
1820 1219 1871 1265 et
1912 1214 2057 1267 οὶκον-

19 1327 22 1330 ’
69 1301 192 1370 τίζω
234 1300 431 1355 habent
479 1298 843 1365 διατοξεύομαι
884 1306 938 1354 et
977 1298 1393 1365 διακοντιζομαιε
1438 1296 1728 1368 Xenophon
1785 1298 1976 1372 Cyrop.
2013 1301 2054 1357 I.

24 1453 31 1465 .
73 1406 145 1445 lv,
189 1394 240 1444 4.
289 1395 553 1455 κατῆρχεν
594 1419 669 1428 —
709 1388 738 1451 ἢ
780 1386 1228 1452 διατοξευσόμενος
1273 1387 1301 1449 ἢ
1344 1386 1775 1450 διακοντιούμενος
1817 1390 1923 1443 άπὸ
1963 1397 2060 1444 τῶν

72 1475 259 1533 ἵππων.
318 1475 585 1547 Theophr.
627 1475 872 1530 Charact.
913 1478 1002 1530 27.
1045 1475 1167 1542 πρὸς
1218 1475 1305 1529 τὸν
1346 1475 1530 1527 ἑαυτοῦ
1575 1474 1847 1530 ἀκόλουθον
1893 1478 2060 1532 διατο-

73 1564 310 1631 ξεύεσθαι
361 1564 448 1618 καὶ
498 1565 920 1632 διακοντίζεσθαι.
1002 1562 1203 1617 Eodem
1260 1561 1417 1616 modo
1472 1561 1722 1616 dicebant
1777 1563 2061 1635 διαξιφίζο-

70 1673 204 1720 μαι,
243 1652 698 1720 διαδορατίζομαι,
750 1659 806 1707 et
853 1668 958 1707 non
1020 1649 1273 1704 dissimili
1332 1650 1786 1718 διαβαπτίζομαι,
1838 1653 2059 1718 διαπλη-

72 1741 334 1810 κτίζομαι.
415 1740 504 1795 Sic
543 1741 678 1806 βοάν
721 1739 878 1794 habet
918 1740 1229 1806 διαβοᾶσθαι
1267 1755 1363 1810 pro
1402 1739 1830 1807 διακεκραγέναι,
1875 1743 2058 1798 Demo-

72 1828 292 1885 sthenes
332 1846 382 1901 p.
417 1832 557 1891 806,
600 1832 650 1881 2.
692 1828 814 1895 πρὸς
855 1826 1102 1888 ἅπαντας
1144 1826 1225 1882 oze}
1267 1835 1584 1895 προαιρεῖται
1638 1829 2055 1895 διαβοᾶσθαι

71 1918 161 1973 καὶ
199 1917 506 1985 μέμφεσθαι
543 1915 615 1970 τοὶ
653 1916 952 1981 λεγόμενα,
994 1916 1032 1970 i.
1071 1932 1115 1970 e.
1172 1915 1488 1970 clamoribus
1527 1924 1742 1971 certare.
1826 1917 1914 1974 Sic
1954 1935 2056 1977 λοι·

31 2076 34 2078 Ὗ
70 2005 228 2073 δορεῖν
267 2004 426 2058 habet
465 2005 910 2071 διαλοιδορεῖσθαι,
950 2002 1116 2058 δάκνω
1154 2004 1542 2068 διαδάκνεσθαι,
1598 2005 1856 2070 άγγέλλω
1907 2009 2056 2076 διαγ-

68 2094 381 2160 γέλλεσθαι,
420 2093 690 2159 σπουδάζω
727 2092 1202 2160 διασπουδάζομαι,
1243 2093 1436 2147 κελεύω
1475 2093 1862 2160 διακελεύομαι.
1928 2099 2055 2155 Can-

70 2182 225 2236 tando
263 2190 462 2236 certare
494 2181 734 2251 διᾴδομαι
770 2179 1010 2245 dicitur,
1052 2197 1154 2234 non
1193 2182 1376 2252 διᾴδω,
1418 2181 1574 2235 cuius
1612 2181 1758 2236 verbi
1790 2186 2053 2244 aoristum

69 2269 303 2326 servavit
343 2268 684 2342 Phrynichus
726 2269 777 2322 in
820 2268 1048 2324 Bekkeri
1091 2268 1287 2324 Anecd.
1330 2286 1381 2340 p.
1416 2273 1520 2334 37,
1562 2272 1613 2323 5.
1665 2273 2051 2341 Διᾴσαο-θαι

66 2358 127 2415 τὸ
179 2358 625 2424 διαμιλλήσασθαι
677 2358 729 2411 ἕν
770 2357 867 2426 ᾠδῇ
907 2377 1021 2412 τινι.
1105 2355 1194 2411 Sic
1231 2356 1480 2410 Comicus
1534 2358 1713 2412 nescio
1767 2363 1889 2432 quis
1946 2365 2052 2420 δια.

66 2445 545 2515 κυνοφθαλμίζεται
590 2446 763 2501 iocose
812 2446 948 2500 dixit
988 2462 1085 2518 pro
1133 2452 1296 2500 certat
1339 2444 1664 2517 impudentia
1704 2449 1846 2519 apud
1885 2451 2048 2528 Hesy.

41 2532 271 2591 chium.
350 2534 808 2601 Διακολακεύομαι
849 2551 878 2590 e
913 2532 1175 2589 κολακεύω
1228 2532 1550 2605 productum
1595 2533 1752 2589 habet
1794 2537 2052 2598 isocrates

40 2619 122 2697 fin
166 2621 457 2677 Panathen.
500 2640 550 2695 p.
592 2627 717 2679 266.
761 2624 816 2679 B.
873 2625 928 2678 αἱ
969 2623 1188 2690 μέγιςαι
1229 2628 1327 2677 τῶν
1376 2622 1686 2684 Ἑλληνίδων
1726 2625 1923 2682 πόλεων
1962 2633 2052 2686 οὐκ

65 2710 405 2779 αἰσχύνονται
453 2711 1098 2778 διακολακευόμεναι
1152 2711 1272 2778 πρὸς
1307 2709 1394 2764 τὸν
1430 2710 1618 2765 ἐκείνου
1654 2718 1893 2769 πλοῦτον.
1950 2717 2051 2773 Ta-

39 2794 138 2863 ‘',lia
170 2797 274 2853 sibi
313 2799 541 2871 quisque
583 2817 676 2871 pro
717 2817 775 2855 re
817 2807 941 2855 nata
983 2801 1124 2854 inter
1165 2797 1491 2869 loquendum
1536 2806 1630 2854 aut
1670 2801 1722 2855 in
1767 2803 2052 2862 scribendo

0 2917 1 2924 κ
40 2887 132 2947 ‚lex
173 2893 319 2941 certa
353 2886 596 2958 analogia
651 2886 914 2959 lingebat,
955 2886 1134 2960 qualia
1175 2893 1302 2941 sunt
1341 2886 1768 2955 διαπονηρεύομαι
1808 2892 2053 2965 improbi·

0 2971 2 3045 i
67 2979 171 3031 lale
223 2982 451 3039 certare,
505 2977 891 3044 διαριςεύομαι,
947 2974 1436 3045 διασωφρονίζομαι,
1496 2976 1882 3046 διαρετίζομαι,
1945 2984 2051 3037 δια.

0 3049 31 3082 '⁶
69 3063 592 3131 καλοκαγαθίζομαι,
650 3065 1104 3130 διαπιθανεύομαι,
1162 3069 1217 3118 et
1265 3061 1369 3117 alia
1421 3063 1700 3139 quaedam.
1786 3068 1937 3124 Teles
1997 3072 2051 3126 in

70 3147 281 3207 Slobaei
323 3150 505 3209 Floril.
546 3157 611 3213 ὕ,
654 3156 743 3207 67.
826 3153 1076 3218 Διογένης
1117 3152 1233 3206 ἐπεί
1278 3172 1355 3213 τις
1397 3151 1862 3223 ἐτραχήλιζεν
1902 3159 2049 3214 άσθε·

69 3242 160 3300 ’ὣς
206 3237 401 3306 ἔχοντα
453 3242 509 3294 οὐ
567 3240 1115 3309 διετραχηλίζετο
1161 3240 1311 3295 άλλα
1364 3239 1534 3304 δείξας
1588 3244 1729 3309 αὐτῷ
1782 3245 1868 3298 τὸν
1908 3246 2051 3301 κιόνα

70 3347 95 3375 ι
120 3325 406 3393 βέλτιςε,”
444 3327 547 3397 ἔφη
612 3355 631 3377 n
657 3334 834 3384 τοῦτον
878 3330 984 3383 ὤθει
1021 3330 1141 3397 πρὸς
1196 3328 1382 3384 τάδε.”
1462 3331 1814 3397 Διαπικραίνω
1839 3374 1852 3396 ,
1908 3333 2049 3405 quod

67 3412 302 3469 afferunt
340 3413 649 3472 Lexicorum
698 3417 1027 3482 conditores,
1090 3435 1193 3472 non
1236 3423 1318 3472 est
1371 3417 1672 3481 Graccum,
1735 3418 1827 3473 sed
1880 3420 2047 3479 διατι·
2132 3444 2138 3457 1

67 3502 354 3568 κραίνομαι.
434 3503 569 3558 llinc
622 3507 822 3578 optime
876 3505 1103 3576 intelligi
1162 3513 1368 3578 potest,
1429 3522 1528 3559 cur
1583 3505 1818 3579 lledylns
1868 3506 2048 3567 dicere

71 3590 303 3660 potnerit
343 3591 394 3645 in
434 3593 710 3649 notissimo
749 3595 1139 3666 epigrammate
1176 3593 1316 3666 apud
1363 3591 1692 3649 Athenaeum
1738 3610 1785 3666 p.
1811 3598 1936 3652 486.
1981 3597 2048 3654 C:
