2436 4068
1034 223 1103 275 45

375 369 584 435 γνώμην
624 369 803 437 ἀρίςην
843 377 908 439 τῇ
942 370 1151 434 γυναικὶ
1195 370 1269 434 μη
1303 368 1433 434 λέγε
1453 409 1467 433 ,

375 460 557 527 γνώμη
596 458 702 526 γὰρ
735 457 840 527 ἰδία
871 458 931 511 ’τὸ
971 458 1128 512 κακὸν
1166 457 1319 520 ἡδέως
1355 461 1521 511 ποιεῖ.

75 553 138 603 ut
177 544 380 617 aliquid
428 546 571 600 dicat
607 547 818 612 γνώμην
859 546 1080 607 κακίςην
1127 544 1209 599 vel
1244 546 1455 611 γνώμην
1506 542 1727 612 πονηράν
1776 550 2078 618 reponunt,

74 642 129 691 et
154 633 287 688 haec
317 633 670 688 Menandrum
705 632 905 691 dixisse
933 633 1251 704 opinantur!
1317 633 1488 700 Quam
1522 632 1714 688 vellem
1746 632 1849 688 sibi
1877 635 2073 700 etiam,

76 739 182 778 non
217 728 427 776 tantum
465 721 584 775 aliis
619 719 897 783 omnibuS,
940 721 1300 791 praecepisset
1336 720 1477 791 quod
1518 729 1599 777 est
1636 723 1693 778 in
1723 721 1916 794 fragm.
1951 724 2072 776 152.
2148 767 2149 770 ,

375 807 597 864 ἅπαντα
629 806 994 874 μεταμέλειαν
1031 808 1306 876 ἀνθρώποις
1346 809 1491 877 φέρει
1519 851 1532 863 .

379 897 509 963 μόνη
545 897 710 958 σιωπὴ
750 896 1115 962 μεταμέλειαν
1156 898 1211 950 οὐ
1250 895 1414 965 φέρει.

55 985 576 1043 -Praeclarissimum
617 990 701 1039 est
739 990 792 1038 et
831 990 1154 1056 pervenuste
1190 983 1396 1038 dictum
1427 985 1482 1036 in
1514 982 1707 1056 fragm.
1751 988 1878 1041 168.

377 1072 620 1141 μυςηριόν
653 1092 742 1127 σου
781 1075 857 1139 μὴ
896 1073 1148 1142 κατείπῃς
1182 1073 1253 1140 τῷ
1293 1070 1434 1141 φίλῳ

375 1162 463 1216 καὶ
500 1164 555 1215 οὐ
595 1162 871 1230 φοβηθήση
908 1162 1067 1217 αὐτὸν
1106 1160 1286 1228 ἐχθρὸν
1326 1158 1635 1226 γενόμενον.

74 1267 142 1307 ne
175 1266 424 1305 summus
462 1255 618 1322 poeta
656 1255 891 1303 metrum
933 1249 1095 1303 violet
1130 1249 1382 1303 certatim
1421 1247 1711 1303 emendant
1750 1250 1839 1303 κού
1873 1250 1948 1315 μὴ
1980 1253 2076 1319 φο·

74 1340 267 1409 βηθῇς,
307 1354 445 1410 quae
497 1336 710 1391 dicendi
767 1338 904 1392 ratio
957 1337 1235 1393 Graeculis
1287 1354 1392 1391 non
1445 1343 1528 1391 est
1580 1337 1633 1390 in
1688 1353 1790 1391 usu
1839 1343 1892 1391 et
1932 1337 2076 1409 apud

74 1426 303 1483 Graecos
324 1425 594 1497 significat
615 1426 724 1479 noli
744 1433 986 1480 metuere.
1048 1426 1117 1479 At
1143 1425 1274 1498 quid
1297 1423 1488 1479 feceris
1510 1424 1629 1479 istis
1650 1425 1707 1479 in
1728 1423 1920 1497 fragm.
1949 1430 2072 1481 180.

373 1514 431 1569 τὸ
471 1518 561 1569 τοῦ
601 1515 834 1579 μαθητοῦ
878 1519 1072 1582 πρῶτον
1110 1513 1206 1582 ἔχε
1246 1515 1339 1576 τὴν
1375 1514 1564 1578 σιγήν.

75 1603 509 1658 comminiscitur
557 1601 762 1674 aliquid
801 1602 1126 1657 Meinekius':
1172 1602 1402 1664 frustra;
1440 1617 1632 1656 versus
1670 1607 1753 1656 est
1792 1601 2074 1673 politicUS,
2145 1619 2147 1622 ’

74 1707 209 1763 quos
246 1691 340 1763 qui
381 1690 509 1745 olim
553 1690 855 1762 pangebant
895 1690 1090 1745 melius
1126 1691 1436 1762 paruissent
1477 1695 1762 1762 praecepto
1802 1697 2075 1747 veterum:

379 1779 409 1842 ἢ
446 1778 577 1844 λέγε
612 1798 663 1833 τι
704 1787 858 1845 σιγῆς
894 1785 1123 1847 κρεῖσσον
1162 1781 1190 1844 ἢ
1232 1781 1385 1845 σιγὴν
1421 1777 1535 1846 ἔχε.

154 1865 399 1920 Alterum
439 1884 611 1937 genus
658 1875 738 1921 est
780 1884 1064 1929 versuum,
1110 1884 1342 1938 quorum
1382 1864 1673 1920 Menander
1721 1864 1853 1920 falso
1887 1873 2079 1924 auctor

78 1953 352 2018 creditur,
393 1954 548 2026 plane
580 1956 935 2010 contrarium.
1018 1954 1186 2027 Saepe
1221 1954 1425 2010 factum
1460 1960 1543 2008 est
1580 1959 1642 2008 ut
1681 1971 1869 2010 versus
1904 1956 2077 2012 multo

76 2041 369 2097 Menandro
409 2044 740 2115 antiquiores
781 2061 846 2098 ex
885 2043 1146 2115 Euripide
1197 2049 1292 2097 aut
1341 2042 1446 2096 alio
1485 2058 1591 2113 quo
1633 2042 1860 2113 Tragico
1907 2047 2076 2100 sumti

76 2146 202 2185 cum
239 2130 576 2187 Menandreis
611 2131 950 2202 negligenter
989 2130 1465 2186 confunderentur.
1548 2129 1687 2184 Sunt
1720 2130 1832 2186 fere
1864 2139 2076 2188 senten-

73 2218 211 2273 tiose
248 2225 303 2273 et
350 2224 543 2289 argute
595 2218 769 2283 dicta,
823 2236 960 2290 quae
1001 2221 1133 2274 satis
1179 2217 1458 2274 commode
1495 2217 1567 2280 ab¹
1603 2224 1833 2291 utroque
1879 2237 2076 2292 genere

75 2305 363 2361 Poetarum
402 2313 496 2361 aut
531 2307 585 2361 in
623 2306 900 2377 tragoedia
938 2308 1061 2379 poni
1104 2307 1381 2380 potuerint
1413 2313 1509 2362 aut
1543 2307 1600 2360 in
1638 2307 1942 2374 comoedia,
1984 2309 2076 2364 ubi

75 2401 229 2467 pater
266 2410 427 2449 senex
463 2403 558 2450 aut
597 2395 867 2468 quaelibet
907 2413 1132 2468 persona
1178 2396 1390 2450 tristior
1430 2394 1603 2450 multa
1644 2396 1888 2463 γνωμικοὲ
1927 2397 2076 2470 loqui

14 2520 20 2531 -
74 2481 224 2538 solet.
281 2474 458 2550 Quum
500 2483 636 2537 nihil
671 2485 743 2539 sit
774 2483 920 2556 apud
958 2484 1246 2540 Stobaeum
1285 2484 1547 2538 incertius
1587 2500 1749 2555 quam
1789 2492 2074 2542 auctorum

74 2571 294 2626 nomina
338 2572 621 2627 sententiis
659 2578 712 2628 et
749 2573 1020 2644 excerptis
1054 2573 1320 2644 apposita,
1362 2577 1413 2626 et
1463 2571 1698 2644 plurima
1731 2573 1939 2629 incerto
1979 2592 2074 2632 au-

74 2665 222 2716 ctore
259 2665 315 2715 et
343 2657 485 2732 apud
526 2659 669 2715 hunc
707 2667 762 2716 et
783 2662 980 2733 passim
1017 2660 1159 2733 apud
1189 2660 1320 2715 alios
1343 2659 1829 2727 circumferantur,
1869 2661 2075 2718 factum

73 2754 156 2804 est
193 2754 255 2803 ut
296 2748 350 2803 in
407 2748 747 2803 Coniicorum
791 2747 1111 2820 fragmentis
1158 2749 1386 2821 Tragica
1436 2747 1714 2820 complura
1767 2751 1966 2817 insint,
2020 2759 2075 2808 et

74 2842 270 2913 contra·
323 2837 377 2890 in
440 2836 863 2908 Tragoediarum
919 2837 1165 2909 reliquiis
1225 2854 1397 2910 pauca
1457 2835 1722 2908 quaedam
1781 2848 2075 2911 appareant

74 2940 228 2980 socco
288 2941 451 2996 quam
500 2925 765 2980 cothurno
817 2925 1080 2997 digniora.
1163 2926 1336 2980 Possit
1388 2924 1584 2997 aliquis
1636 2925 1712 2980 ita
1764 2927 2075 2986 existimare

76 3028 180 3067 non
218 3029 541 3084 magnopere
581 3021 765 3069 nostra
817 3013 1018 3070 referre
1057 3021 1243 3069 utrum
1285 3013 1416 3085 quid
1456 3013 1522 3068 ab
1559 3013 1820 3085 Euripide
1861 3033 1929 3071 an
1970 3018 2074 3074 Me-

75 3099 281 3155 nandro
320 3099 526 3156 dictum
569 3104 670 3166 sit,
716 3120 841 3158 nam
882 3102 1104 3176 perinde
1150 3101 1441 3157 iucundam
1485 3103 1808 3157 sententiam
1862 3121 1978 3160 esse
2020 3114 2073 3161 et

74 3187 215 3243 vitae
255 3188 469 3254 utilem,
513 3207 686 3261 neque
726 3209 871 3247 nunc
910 3193 1042 3247 satis
1081 3198 1230 3246 certo
1265 3191 1394 3245 sciri
1428 3207 1490 3246 ac
1525 3190 1883 3245 demonstrari
1918 3209 2071 3264 posse

74 3273 140 3330 ad
170 3282 356 3331 utrum
392 3295 563 3349 genus
603 3278 967 3351 fragmentum
1002 3280 1251 3352 quodque
1287 3277 1478 3334 referri
1530 3285 1801 3351 oporteat,
1843 3280 1888 3332 si
1937 3280 2071 3334 nihil

75 3362 291 3419 aliunde
330 3364 395 3419 de
434 3374 654 3422 auctore
695 3376 1051 3441 compertum
1082 3370 1153 3423 sit
1203 3375 1297 3423 aut
1339 3374 1501 3422 testes
1548 3369 1789 3439 corrupti
1843 3384 1957 3421 esse
1995 3369 2071 3421 vi·

75 3445 321 3506 deantur.
382 3453 509 3507 Mihi
552 3462 739 3510 contra
780 3463 833 3511 et
871 3456 1101 3530 perutile
1137 3474 1252 3512 esse
1286 3463 1340 3511 et
1376 3473 1480 3510 non
1523 3455 1810 3510 admodum
1854 3454 2071 3511 difficile

77 3545 173 3592 aut
211 3556 406 3612 anceps
447 3545 722 3614 negotium
762 3545 976 3600 videtur
1012 3563 1149 3617 quae
1192 3546 1314 3617 quis
1356 3545 1413 3598 in'
1447 3543 1711 3599 cothurno
1750 3543 1946 3597 dixerit
1976 3551 2071 3606 aut

78 3627 131 3680 in
172 3645 324 3682 socco
364 3628 682 3688 discernere.
755 3634 827 3690 Ne
863 3633 1035 3690 dicam
1075 3634 1138 3688 de
1175 3635 1426 3697 caeteris,
1467 3631 1678 3687 (licendi
1713 3648 1913 3701 gemm,
1956 3634 2069 3705 ipsa
