2436 4068
1014 182 1122 232 609

78 330 293 392 Θέογνις
330 325 464 395 ἔφη·
520 327 743 379 Ἐσθλῶν
796 325 891 390 μὲν
943 324 1049 391 γάρ
1102 322 1198 377 ἄπ’
1238 324 1401 378 ἐσθλοὶ
1453 323 1683 389 διδάξεαι
1722 327 1830 379 κτὲ.
1887 342 2061 398 neque

79 416 223 470 enim
264 415 360 480 μέν
397 429 497 468 cur
531 412 774 467 additum
800 414 873 466 sit
909 419 1161 483 apparet,
1207 418 1261 466 et
1296 411 1398 481 ἔφη
1439 413 1610 484 inquit
1647 412 1960 483 significans
1997 415 2063 469 ad

79 503 353 558 Socratem
410 517 513 554 non
571 500 636 554 ad
693 499 1057 570 Theognidem
1111 498 1301 554 referri
1357 499 1533 558 debet.
1613 500 1892 556 Excidisse
1933 519 2063 556 non-

77 589 224 646 nulla
261 588 530 642 videntur.

153 677 213 732 ln
259 679 289 746 §
332 679 385 729 6.
427 675 451 728 ὃ
492 675 546 729 δέ
585 695 663 735 τις
708 670 926 748 (εἶπεν),
982 678 1046 736 ὦς
1095 677 1237 729 οὐδὲ
1286 675 1523 730 διδακτὸν
1569 680 1720 731 τοῦτο
1769 677 1876 742 εἴη,
1931 679 2062 750 quid
2145 672 2147 675 ’

78 765 176 822 sibi
214 763 331 818 vult
369 764 516 827 οὐδὲ,
566 763 624 815 in
664 762 843 816 verbis
881 762 990 816 οὐδὲ
1030 762 1299 817 διδακτόνῖ
1356 763 1738 834 Reponendum
1776 774 1858 821 est
1895 769 1949 821 οὐ
1993 768 2061 822 δι-

75 853 281 909 δακτόν.
336 850 628 907 Ostendam
663 866 785 903 mox
817 866 978 920 quam
1014 866 1171 921 saepe
1202 853 1257 905 οὐ
1280 850 1483 905 -οὐδέ
1505 882 1577 891 —-
1598 853 1736 906 οὐδέν
1770 855 1915 909 inter
1950 872 2064 911 sese

73 941 375 997 scribarum
417 938 747 1010 negligentia
787 936 988 991 suerint
1027 944 1351 1010 permutata.

148 1029 208 1083 In
253 1030 283 1098 §
322 1031 357 1083 9
394 1027 600 1081 laborat
646 1026 913 1079 sententia
962 1026 1018 1079 in
1064 1026 1266 1080 verbis:
1322 1028 1352 1091 ἦ
1390 1028 1666 1092 γυναικεία
1714 1029 1872 1096 φύσις
1924 1032 2061 1086 οὐδὲν

72 1118 256 1185 χείρων
294 1124 388 1179 τῆς
423 1120 513 1170 τοῦ
553 1115 728 1181 ἀνδρὸς
768 1111 897 1169 οὖσα
928 1113 1223 1182 τυγχάνει,
1265 1115 1474 1180 γνώμης
1507 1115 1559 1169 δὲ
1595 1115 1684 1170 καὶ
1717 1117 1899 1185 ἰσχύος
1942 1120 2001 1174 δε
2017 1127 2060 1174 ἴ-

71 1225 198 1260 ται.
278 1203 516 1258 Nimium
566 1210 647 1256 est
695 1203 892 1257 δεῖται;
948 1219 1052 1256 non
1107 1203 1250 1257 enim
1304 1201 1554 1257 foeminis
1593 1203 1752 1257 robur
1806 1213 1858 1259 et
1900 1210 2061 1262 consi·

74 1292 203 1347 lium
242 1292 412 1355 deest,
454 1290 550 1345 sed
582 1308 684 1343 non
717 1291 846 1343 satis
877 1289 1089 1345 consilii
1131 1297 1183 1344 et
1223 1289 1435 1344 roboris
1475 1291 1530 1343 in
1573 1291 1824 1346 muliebri
1866 1311 2062 1366 genere

72 1381 248 1436 inesse
288 1387 406 1434 erat
447 1378 756 1434 dicendum.
838 1378 1027 1449 Itaque
1067 1377 1468 1432 emendandum
1507 1385 1588 1432 est
1630 1381 1841 1446 γνώμης
1882 1384 1934 1437 δὲ
1974 1386 2062 1438 καὶ

71 1468 253 1537 ἰσχύος
312 1469 728 1535 προσδεῖται.
825 1464 913 1520 Sic
974 1467 1118 1520 euim
1171 1465 1429 1521 differunt
1480 1467 1624 1521 inter
1675 1485 1732 1523 se
1770 1469 1950 1537 δέομαι
2010 1481 2064 1529 et

69 1557 380 1627 προσδέομαι
419 1556 537 1629 (pro
569 1572 676 1628 quo
713 1571 1120 1626 nonnumquam
1161 1556 1395 1622 ἕνδέομαι
1433 1555 1750 1629 usurpant),
1792 1565 1854 1612 ut
1894 1560 1941 1613 is
1978 1563 2063 1615 cui

71 1645 198 1720 quid
227 1644 389 1718 plane
425 1643 559 1698 desit
597 1643 794 1699 δεῖσθαι’
838 1663 970 1704 τινος
1017 1642 1256 1708 dicatur,
1310 1643 1403 1698 sed
1456 1644 1540 1698 cui
1586 1662 1686 1697 non
1732 1646 1799 1699 sit
1836 1646 2062 1704 alicuius

68 1734 149 1788 rei
205 1733 333 1787 salis
389 1734 714 1801 προσδεῖσθαι
757 1738 806 1786 et
847 1732 1114 1786 ἐνδεῖσθαι.
1207 1731 1526 1786 Rectissime
1577 1732 1746 1803 igitur
1798 1732 2061 1792 foeminae

60 1829 280 1895 propter
302 1821 663 1892 infirmitatem
699 1819 905 1874 consilii
940 1819 1021 1893 (ut
1051 1818 1294 1890 loquitur
1332 1819 1516 1875 Cicero
1550 1837 1646 1892 pro
1687 1821 1908 1877 Murena
1943 1842 2056 1898 cap.

71 1909 185 1965 xit.
209 1909 303 1983 27)
340 1910 550 1975 γνώμης
588 1909 1029 1976 προσδεῖσθαι
1072 1906 1178 1961 (1ίοί
1214 1915 1462 1980 possunt,
1502 1909 1696 1964 δεῖσθαι
1717 1912 1925 1978 γνώμης
1950 1931 2053 1969 non

67 1998 229 2062 item,
270 1998 376 2052 nisi
410 1998 456 2052 si
494 2013 601 2068 qua
635 1996 848 2051 consilii
883 1995 1040 2069 plane
1072 2013 1259 2069 eoepers
1294 2013 1410 2052 esse
1444 1996 1675 2052 dicatur.
1758 1998 2056 2057 Senserunt

64 2084 167 2141 loci
209 2086 402 2140 vitium
446 2087 806 2157 InterpreteS,
860 2084 952 2139 sed
988 2100 1237 2156 perversa
1275 2084 1560 2140 verborum
1611 2087 2055 2159 interpretatione

64 2190 225 2247 quam
261 2175 594 2228 correctione
626 2172 999 2228 difficultatem
1040 2189 1314 2228 removere
1348 2173 1676 2231 maluerunt.
1756 2176 1924 2233 Nemo
1958 2182 2055 2234 mi-

65 2261 278 2319 rabitur
326 2261 450 2329 πρός
504 2261 793 2327 excidisse,
852 2260 994 2333 quod
1047 2261 1249 2333 passim
1303 2261 1418 2316 fieri
1473 2262 1642 2318 solere
1701 2273 1887 2321 notum
1939 2276 2051 2336 est,

63 2353 221 2407 cuius
260 2351 339 2406 rei
376 2357 430 2405 et
469 2366 687 2404 causam
727 2350 916 2422 aperui
952 2350 1006 2404 in
1050 2350 1228 2422 priore
1265 2356 1416 2422 parte
1447 2357 1499 2405 et
1535 2354 1775 2426 exempla
1812 2356 2050 2430 complu-

62 2455 123 2495 ra
160 2438 350 2504 attuli,
397 2438 595 2511 quibus
648 2454 794 2493 nunc
838 2437 944 2493 alia
989 2437 1251 2509 quaedam
1303 2439 1451 2493 iuvat
1506 2439 1718 2496 addere.
1801 2443 1949 2511 Quod
1993 2447 2048 2500 in

61 2527 338 2601 Euripidis
388 2526 656 2582 Alcestide
707 2543 785 2581 vs.
836 2530 943 2582 405
996 2524 1221 2581 affertur
1272 2543 1301 2582 e
1355 2527 1666 2583 Florentino
1714 2531 1773 2585 A.
1825 2539 2048 2589 σπιτνῶν

63 2633 160 2691 pro
198 2617 546 2692 προσπίτνων,
590 2622 775 2669 natum
817 2623 899 2669 est
938 2636 970 2670 σ-
1006 2632 1034 2669 e
1076 2615 1391 2687 compendio
1431 2633 1612 2689 praep.
1652 2619 1772 2687 πρός
1823 2638 1927 2676 non
1963 2622 2047 2677 in-

62 2703 288 2761 tellecto.
371 2703 471 2759 Sed
519 2720 548 2759 e
600 2702 712 2758 solo
760 2702 1115 2759 Demosthene
1166 2703 1419 2758 nonnulla
1474 2722 1802 2776 expromam.
1881 2710 2048 2766 Periit

61 2794 182 2862 πρός
229 2810 279 2867 p.
322 2797 421 2857 95,
463 2797 525 2855 4,
566 2798 619 2846 et
659 2808 708 2863 p.
749 2795 891 2855 655,
936 2798 996 2846 11
1060 2791 1148 2845 ubi
1193 2790 1403 2860 γράψαι
1458 2791 1510 2845 in
1557 2795 1776 2865 optimis
1829 2806 1910 2852 est
1951 2816 2048 2872 pro

61 2881 425 2950 προσγράψαι,
465 2887 517 2936 et
554 2897 602 2952 p.
629 2883 768 2942 752,
806 2883 839 2934 6
884 2878 971 2933 ubi
1008 2879 1226 2947 γράψας
1270 2879 1428 2935 habet
1472 2880 1524 2935 S.
1550 2898 1644 2953 pro
1679 2886 2044 2957 προσγράψας.

64 2969 308 3026 Ridicule
345 2969 477 3024 adeo
518 2986 567 3041 p.
616 2971 788 3031 1066,
832 2971 881 3021 2.
921 2969 1147 3023 παλτιόυ
1187 2974 1270 3023 est
1311 2969 1366 3022 in
1423 2968 1576 3023 libris
1626 2988 1722 3042 pro
1770 2983 2047 3041 Πρω-παλ.

61 3059 187 3114 τΙου.
268 3057 682 3113 Restituendum
726 3064 809 3111 est
844 3057 965 3125 πρός
1008 3075 1058 3129 p.
1099 3061 1239 3118 675,
1286 3060 1381 3111 12:
1435 3058 1661 3125 διήγαγε
1701 3061 1865 3136 (πρὸς)
1908 3068 2048 3131 ἡμᾶς

59 3153 327 3212 πολεμῶν,
367 3154 421 3202 et
464 3164 510 3219 p.
535 3150 671 3210 977,
713 3149 812 3200 25:
852 3147 941 3200 οὐκ
981 3143 1109 3200 εἶναι
1150 3145 1313 3221 (πρὸς)
1357 3146 1495 3207 δίκην
1530 3152 1859 3213 μεταλλικὴν
1900 3173 2050 3220 προσ·-

61 3236 337 3303 φιυκτέον,
403 3244 456 3290 ct
523 3253 570 3307 p.
619 3239 790 3299 1052,
843 3238 948 3289 ⁶26:
1003 3234 1105 3289 οὐδ’
1155 3235 1595 3299 ἀπολογήσασθαί
1643 3256 1728 3303 μοι
1783 3237 2047 3303 ἐξεγένετο

58 3324 169 3377 οὐδὲ
225 3322 388 3396 (πρὸς)
429 3325 681 3381 πολλοςὲν
721 3324 868 3391 μέρος
922 3321 984 3378 ὧν
1026 3323 1404 3390 κατεψεύδοντο
1446 3326 1600 3389 ἡμῶν.
1682 3324 1937 3395 Elapsum
1981 3342 2044 3381 ex

60 3410 310 3465 omnibus
343 3410 494 3465 libris
536 3419 587 3467 et
625 3410 841 3466 aliunde
883 3418 1177 3466 retractum
1219 3411 1420 3466 videbis
1460 3419 1513 3466 et
1544 3429 1594 3483 p.
1641 3414 1813 3475 1402,
1856 3416 1907 3467 9.

137 3496 435 3552 Sulnlnhito
485 3499 536 3552 in
593 3499 780 3572 Symp.
836 3500 899 3555 ΙΙ.
951 3505 1019 3555 10
1071 3500 1122 3552 in
1178 3498 1353 3553 verbis
1400 3499 1715 3564 βουλόμενος
1770 3501 2041 3568 άνθρώποις

59 3588 279 3652 χρῆσθαι
323 3587 407 3639 καὶ
449 3587 669 3652 ὁμιλεῖν,
711 3604 776 3641 au
817 3590 926 3660 ipse
960 3587 1246 3659 xenophon
1283 3587 1387 3641 «luo
1429 3589 1717 3641 novissima
1760 3588 1916 3643 verba
1956 3591 2043 3646 ad-
