2436 4068
1048 195 1155 246 605

97 357 211 396 esse
252 355 455 394 morem
491 355 671 393 crases
716 338 1012 392 resolvere:
1072 337 1364 392 ridiculum
1418 337 1588 407 igitur
1628 345 1706 391 est
1755 339 1808 392 in
1858 339 1923 392 iis
1966 344 2081 393 tan-

99 437 215 483 tum
255 428 387 481 locis
442 443 532 482 eas
575 427 814 496 recipere
862 426 951 479 ubi
996 424 1119 478 libri
1174 431 1448 495 tamqnam
1500 441 1623 479 aves
1658 425 1936 491 addicunt,
1994 427 2083 480 ubi

24 556 26 558 ψ
97 533 200 570 non
223 515 548 576 admittunt,
592 514 811 566 vitiosas
851 513 1107 566 lectiones
1140 513 1326 583 aequis
1348 513 1543 565 animis
1579 512 1720 567 ferre
1751 520 1804 567 et
1840 514 2081 569 auribus.

97 604 408 658 Promiseue
448 601 533 656 edi
579 599 780 653 videbis
822 598 1190 667 τάνδράποδα,
1231 601 1539 664 τάπινίκια,
1592 603 1918 667 τάπιτίμια,
1961 605 2082 670 wip-
2147 671 2150 674 Δ

24 723 35 738 -.
94 691 266 759 γύριον
287 690 498 760 aliaque
530 686 828 759 permulta,
870 695 923 740 et
963 688 1034 740 τὰ
1073 687 1366 754 ἆνδροέποδκ
1390 695 1548 750 cett.,
1594 706 1759 760 quum
1804 691 1934 743 satis
1970 706 2086 744 cer-

21 782 34 822 2'
97 786 214 833 tum
249 778 318 831 sit
352 776 441 830 illa
471 777 650 830 omnia
690 792 793 828 non
831 775 1013 828 minus
1047 781 1360 829 constanter
1398 776 1537 846 apud
1577 777 1795 832 Veteres
1824 777 2087 832 coaluisse

94 882 256 939 qnam
298 863 590 929 θοιμάτιον,
631 864 922 928 docmata-tx,
962 861 1154 930 θάτεραι
1195 870 1249 916 et
1283 863 1408 918 sim.
1492 863 1665 929 Quam
1710 881 1867 935 saepe
1901 882 1965 919 ex
2005 882 2086 920 ve-

95 953 415 1009 tustissimis
470 953 776 1023 scripturae
817 950 965 1005 vitiis
1005 950 1238 1022 pellucet
1277 950 1502 1020 antiqua
1543 951 1813 1006 scribendi
1862 970 2086 1008 consue-

92 1041 254 1097 tudo!
340 1039 436 1094 Ubi
480 1038 791 1094 Athenaeus
834 1037 1205 1109 Xenophontis
1242 1037 1404 1092 verba
1442 1055 1507 1093 ex
1565 1038 1751 1112 Symp.
1791 1041 1830 1094 Ι.
1879 1047 1963 1095 11.
2006 1049 2083 1095 at·

28 1197 38 1211 ‚
95 1128 221 1185 tulit
282 1129 354 1201 (p.
390 1130 519 1182 614.
561 1126 677 1199 C.),
733 1128 787 1180 in
830 1127 1102 1181 Marciano
1136 1125 1430 1199 archetypo
1477 1126 1741 1197 scriptum
1804 1143 1920 1183 esse
1975 1129 2088 1183 vidi

91 1217 274 1273 πάντα
321 1217 407 1270 τὰ
442 1217 801 1279 πιτήδειοι,
845 1221 899 1269 et
944 1214 1023 1268 sic
1065 1214 1380 1284 saepissime
1422 1220 1640 1268 erratur
1681 1215 1737 1267 in
1791 1214 1954 1272 Codd.
1998 1234 2086 1271 ve-

95 1303 451 1368 tustioribuS,
507 1310 566 1357 ut
620 1301 892 1357 scribatur
937 1302 1009 1356 τὰ
1056 1301 1252 1356 πινίκιοε
1303 1309 1356 1356 et
1397 1303 1551 1365 sim„
1602 1303 1656 1356 in
1712 1302 1911 1374 quibus
1947 1307 2083 1359 anti·

93 1408 256 1466 qnam
297 1392 626 1463 scripturam
676 1397 1133 1444 ΤΑΠΙΤΗΔΕΙΑ
1174 1396 1228 1444 et
1279 1398 1659 1444 TAHINIKIA
1701 1407 1871 1462 paene
1911 1393 2082 1447 oculis

92 1481 385 1537 cernimus.
467 1478 606 1546 Quid
647 1485 830 1532 autem
893 1478 1099 1532 scribas
1158 1476 1441 1549 culpamus
1492 1478 1767 1533 indoctum
1823 1492 1996 1550 genus
2035 1489 2090 1535 et

93 1567 228 1624 nihil
290 1568 531 1639 cogitare
594 1565 857 1621 solitum?
938 1565 1073 1620 Vide
1132 1565 1261 1638 quid
1321 1566 1688 1637 designaverit
1752 1568 2087 1643 Hesychius,

93 1657 586 1715 Grammaticorum
656 1653 1099 1717 eruditissimus,
1171 1660 1231 1708 ut
1296 1653 1619 1725 quibusdam
1687 1655 1934 1723 videtur,
1995 1660 2088 1730 qui

91 1761 262 1819 quum
298 1742 601 1805 Πιτωνεέτης
647 1743 808 1810 λόχος
851 1741 975 1813 quis
1016 1749 1158 1796 esset
1196 1742 1579 1814 explicuisset,
1634 1743 1855 1798 subiicit
1907 1748 2085 1800 Πιτί-

92 1852 246 1902 μιαε
284 1833 386 1894 τὰς
427 1830 582 1895 ἀξίας
620 1831 870 1899 τιμωρίας
929 1831 1208 1897 vta-luta
1247 1831 1452 1899 φατίν,
1496 1838 1549 1885 et
1606 1839 1723 1902 post
1762 1849 1930 1903 pauca
1982 1836 2086 1889 nl-

91 1940 351 1992 χειρονε
404 1919 766 1979 ἀνταπόδοσις.
847 1918 1048 1989 Nempe
1100 1918 1305 1990 legerat
1353 1927 1744 1976 ΤΛΠΙΤΙΜΙΛ
1788 1929 1841 1975 et
1884 1930 2085 1977 ΤΑΠΙ·

23 2013 35 2079 ³.
91 2018 301 2067 XEIPA
341 2025 509 2080 eaque
546 2007 719 2080 perite
763 2008 843 2061 sic
895 2006 1098 2060 divisit.
1178 2006 1324 2060 Idem
1369 2023 1562 2078 magna
1612 2009 1878 2079 gravitate
1921 2026 2084 2064 anno-

23 2114 31 2139 ·
91 2099 261 2155 tavit:
319 2094 554 2162 Τοὶμοὶι
610 2096 683 2149 τὰ
731 2094 868 2160 ἐμοὶ,
922 2100 976 2148 et
1026 2094 1130 2149 alia
1181 2101 1431 2148 sexcenta
1485 2094 1645 2151 hahet
1682 2096 1923 2151 eiusdem
1961 2097 2084 2153 sari-

31 2248 35 2253 ,
88 2202 225 2250 nae,
265 2193 327 2240 ut
365 2183 643 2239 Τᾶνδονε
688 2182 760 2236 τὰ
818 2181 968 2238 ἔνδον.
1050 2182 1198 2237 Idem
1254 2181 1439 2237 sedulo
1478 2186 1756 2240 annotavit.
1809 2186 2081 2250 Ταῦτά,

30 2381 40 2415 l

27 2542 41 2652 l

90 2275 138 2330 si
181 2274 305 2346 quis
344 2271 480 2327 sorte
531 2272 802 2333 nesciret,
846 2286 963 2325 esse
1001 2270 1074 2325 τὰ
1113 2268 1241 2335 ἶσοι,
1281 2271 1353 2325 τὰ
1394 2267 1584 2336 δ’,μοιοι
1635 2282 1688 2328 et
1747 2274 1969 2329 Τικύτό
2020 2292 2082 2329 ac

86 2361 338 2419 ταύτόν
388 2377 506 2415 esse
554 2361 614 2414 τὸ
670 2358 819 2413 αὐτό.
900 2358 1129 2414 Frustra
1167 2359 1330 2413 etiam
1374 2359 1502 2414 talia
1556 2361 1872 2428 admonuit,
1935 2380 2083 2417 nam·

28 2458 194 2524 {que
242 2449 440 2522 passim
485 2447 708 2519 antiqua
755 2447 1029 2519 scriptura
1079 2448 1254 2502 ταύτά
1312 2450 1557 2520 concepit
1611 2450 1821 2504 vitium.
1904 2451 2082 2506 Retin-

89 2543 228 2611 gunt
262 2544 515 2592 ΤΑΥΤΑ
554 2534 647 2589 ubi
693 2534 872 2589 eadem
914 2535 1185 2606 significat
1220 2537 1275 2589 in
1316 2537 1388 2590 τὰ
1430 2537 1607 2601 αὐτά,
1647 2545 1836 2592 contra
1876 2555 2081 2594 morem

90 2625 379 2688 Veterum,
420 2630 515 2692 aut
548 2622 846 2695 depravant
885 2624 936 2677 in
969 2629 1177 2688 ταῦτα,
1210 2633 1398 2679 contra
1437 2626 1778 2680 sententiam.
1822 2625 2082 2699 Exempla

27 2670 290 2787 ubique
327 2712 516 2767 obvia:
573 2712 739 2766 etiam
784 2712 839 2765 in
880 2712 1249 2783 Xenophontis
1293 2712 1576 2786 Symposio
1619 2713 1683 2767 11.
1729 2716 1815 2768 24.
1861 2715 1950 2769 ubi
1986 2715 2079 2770 Co-

30 2820 42 2861 ἶ,
89 2800 237 2857 dices
273 2798 644 2872 Xenophontei
686 2798 942 2854 exhibent
975 2801 1116 2855 δοκεῖ
1157 2799 1330 2865 μέντοι
1385 2821 1471 2867 μοι
1512 2800 1600 2855 καὶ
1646 2822 1715 2854 τοι
1753 2806 1851 2857 τῶν
1891 2805 2080 2873 ἄνδρων

31 2939 36 2949 .
88 2890 359 2958 συμπόσια
411 2894 632 2944 ταῦτα
680 2886 915 2956 πάσχειν
959 2886 1094 2957 ἅπερ
1142 2889 1234 2942 καί
1284 2890 1392 2943 κτὲ.
1449 2888 1542 2944 sed
1597 2888 1855 2945 Athenaei
1906 2893 2080 2948 Codex

91 2977 385 3054 (laudantis
438 2976 571 3031 haec
628 2993 677 3048 p.
711 2980 838 3031 504.
880 2976 939 3050 C)
1000 2977 1072 3030 τὰ
1129 2978 1229 3031 τῶν
1264 2977 1451 3045 ὥνδρῶν
1503 2978 1731 3044 σώματα
1767 2980 1851 3034 τὰ
1903 2981 2076 3036 αὐτοὶ

90 3066 357 3136 πάσχειντ
419 3082 545 3121 cum
598 3064 997 3136 Xenophonteis
1058 3066 1372 3137 conspirant
1425 3065 1550 3120 libri
1611 3065 1822 3122 Stobaei
1892 3067 2077 3123 Floril.

92 3149 232 3211 XIX.
277 3158 363 3211 18.
446 3154 640 3209 Veram
680 3154 1007 3225 scripturam
1050 3153 1261 3224 primus
1297 3154 1568 3210 revocavit
1610 3153 1914 3226 Stephanus
1954 3159 2079 3211 ταῦ·

90 3242 164 3297 τὰ
193 3242 446 3311 πάσχειν.
529 3241 789 3313 Sequitur
827 3258 892 3297 ex
931 3241 1015 3295 his
1060 3241 1230 3296 nostri
1278 3241 1477 3314 ubique
1519 3242 1731 3297 arbitrii
1782 3259 1898 3298 esse
1949 3260 2076 3298 con-

92 3330 319 3385 stituere
361 3337 544 3386 utrum
585 3334 762 3384 ταῦτα
802 3346 869 3384 an
910 3328 1089 3384 ταῦτα’,
1117 3328 1463 3385 scribendum
1508 3331 1607 3391 sit,
1651 3338 1703 3385 et
1740 3347 1924 3385 verum
1963 3331 2075 3386 ubi·

94 3432 200 3488 que
238 3433 355 3472 esse
393 3434 497 3471 non
544 3417 686 3491 quod
727 3417 936 3473 scribae
976 3417 1112 3472 l'orte
1154 3417 1432 3479 dederint,
1490 3418 1580 3472 sed
1627 3418 1765 3489 quod
1812 3420 2078 3491 cuiusque

92 3503 196 3559 loci
234 3506 501 3559 sententia
541 3507 802 3578 requirat.
883 3505 1038 3561 Iuvat
1076 3504 1176 3560 hoc
1214 3507 1331 3561 iure
1372 3507 1451 3560 uti
1481 3506 1534 3559 in
1578 3506 1899 3575 quibusdam
1950 3505 2075 3562 Ora·

93 3599 273 3647 torum
310 3592 611 3647 Atticorum
648 3593 798 3653 locis.
881 3594 940 3648 ln
972 3593 1346 3650 Demosthenis
1377 3592 1525 3649 Orat.
1571 3591 1683 3648 XV.
1732 3598 1784 3652 7.
1842 3597 1943 3660 ἐγὼ
1972 3597 2077 3663 γὰρ

1580 3685 1621 3717 43
1650 3681 1670 3704 ⁴
