2436 4068
1080 227 1150 278 49

187 374 353 430 Venio
400 389 547 427 nunc
595 371 662 427 ad
702 370 1055 443 Tragicorum
1098 370 1382 443 reliquias»,
1443 387 1580 443 quae
1631 373 1968 431 Menandreis
2010 394 2098 432 ne-

15 446 21 451 ·
108 462 365 533 gligentia
411 460 681 516 admixtae
723 467 868 515 sunt.
947 460 1120 514 Huius
1168 459 1382 530 generis
1430 460 1668 531 primum
1708 478 1824 518 esse
1856 463 2098 535 *arbitror

111 548 473 621 fragmentum
517 548 659 621 apud
700 548 846 603 Stob.
888 546 1069 601 Floril.
1110 547 1390 603 LXXXIX.
1437 553 1485 602 1.

334 639 452 697 τοὺς
492 635 547 691 εὖ
587 635 874 701 γεγονότας
911 635 1000 689 καὶ
1042 635 1420 701 τεθραμμένους
1459 642 1631 699 καλῶς

330 727 427 779 κᾶν
466 731 571 784 τοῖς
611 729 788 782 κακοῖς
821 724 902 776 δεῖ
935 721 1090 787 λόγον
1130 721 1271 790 ἔχειν
1308 726 1602 794 εὐφημίας.

106 811 198 867 ubi
237 811 403 867 codex
447 812 684 883 optimus
730 810 902 864 PariS.
947 809 1010 865 A.
1051 806 1107 864 εὖ
1148 816 1393 874 γεγῶτας
1433 814 1696 879 servavit,
1750 818 1812 868 ut
1845 811 2094 869 dubitari

105 916 209 955 non
252 900 419 972 possit
456 900 590 971 quin
627 898 757 953 haec
793 897 1059 968 Tragicus
1090 896 1312 962 dixerit,
1353 900 1496 969 quod
1535 903 1699 957 etiam
1729 903 1775 957 si
1808 902 2096 968 γεγονότας

104 988 362 1044 retinebis
384 987 517 1042 satis
542 1002 804 1058 apparere
832 985 1082 1039 arbitror.
1138 985 1237 1039 Est
1267 986 1412 1040 enim
1438 974 1549 1041 hoc.
1565 988 1772 1044 dictum
1806 990 2099 1056 eiusmodi,

103 1076 284 1149 qualia
322 1093 479 1149 saepe
512 1074 719 1129 Chorus
760 1074 815 1128 in
854 1072 1150 1145 Tragoedia
1183 1079 1302 1144 post
1339 1073 1636 1146 longiorem
1673 1081 1812 1145 ρἥ-ιν
1848 1078 2096 1134 interfari

106 1164 275 1229 solet,
329 1170 390 1218 ut
438 1169 592 1234 regat
635 1163 803 1216 iratos
849 1169 903 1218 et
944 1167 1227 1233 componat
1271 1161 1527 1233 sedetque
1570 1165 1780 1220 animos
1823 1171 2096 1221 tumentes

106 1258 298 1325 arguto
337 1258 391 1307 et
431 1251 759 1305 sententioso
797 1250 972 1312 dicto,
1015 1248 1184 1304 veluti

404 1343 544 1407 φεῦ,
582 1344 718 1407 φεῦ,
758 1341 817 1394 τὸ
850 1343 1050 1408 σῶφρον
1089 1340 1153 1399 ὥς
1195 1338 1492 1405 οὶπανταχῆ
1527 1339 1689 1394 καλόν

405 1427 494 1482 καὶ
534 1426 688 1492 δόξαν
720 1428 904 1490 ἐσθλὴν
944 1428 996 1480 ἐν
1034 1427 1236 1494 βροτοῖς
1276 1426 1583 1495 κομίζεται.

108 1515 192 1571 vel

404 1607 542 1672 Φεῦ,
579 1607 722 1673 φεῦ,
759 1604 1016 1671 βροτοῖο-ιν
1051 1605 1116 1664 ὡς
1155 1603 1228 1659 τοὶ
1265 1603 1446 1671 χρηςοὶ
1484 1602 1790 1672 πράγματα

401 1696 606 1760 xpus-&v
644 1692 895 1761 ἀφορμὰς
935 1692 1156 1746 ε’νδίδωοθ
1195 1690 1279 1745 ἀεὶ
1319 1692 1519 1756 λόγων.

100 1785 156 1836 et
194 1767 394 1834 similia
439 1780 611 1835 multa
662 1780 881 1851 passim.
961 1779 1145 1851 Neque
1184 1781 1359 1852 magis
1407 1779 1633 1835 dubium
1683 1786 1801 1846 est,
1854 1781 1984 1852 quin
2028 1798 2094 1836 ex

96 1867 278 1940 aliqua
327 1867 600 1940 tragoedia
640 1868 809 1922 sumti
859 1868 972 1922 sint
1020 1866 1304 1932 versiculi,
1345 1884 1578 1938 quorum
1626 1869 1775 1941 prior
1827 1867 2092 1940 flagitiose

98 1962 388 2029 corruptus
425 1962 507 2011 est
548 1957 602 2011 in
646 1955 792 2010 Stob.
833 1954 1017 2010 Floril.
1059 1954 1298 2009 XXXVI.
1342 1958 1428 2009 12.

400 2043 618 2112 αἰσχρόν
656 2046 713 2109 γ’
754 2041 878 2098 ὅταν
912 2063 991 2103 τις
1031 2042 1116 2096 ἐπὶ
1156 2043 1370 2111 γλώσ-σῃ
1404 2044 1557 2111 muel-5

399 2134 614 2201 γλώσσῃ
646 2131 905 2198 ματαίους
945 2128 1244 2199 ἕξακοντίσῃ
1281 2129 1487 2194 λόγους.

35 2275 42 2279 ,
97 2221 257 2275 nauci
291 2236 396 2274 non
431 2226 560 2274 sunt
593 2217 850 2274 vocabula
882 2218 966 2271 ἐπὶ
999 2219 1214 2287 γλώσ-σῃ
1241 2217 1420 2286 φυείς,
1459 2218 1656 2289 quibus
1688 2219 1840 2286 olim,
1885 2226 1945 2275 ut
1981 2221 2089 2293 opis

96 2325 223 2373 nor,
252 2307 548 2364 Graeculus
566 2306 815 2362 lacunam
846 2306 1056 2376 antiqui
1078 2305 1201 2359 libri
1225 2305 1415 2360 stolide
1441 2306 1695 2378 explevit,
1725 2308 1866 2380 quod
1889 2310 2090 2381 passim

97 2398 151 2452 in
190 2395 415 2452 Stobaco
446 2394 650 2450 factum
684 2411 801 2450 esse
829 2394 885 2447 in
915 2410 1061 2467 seqq.
1095 2393 1604 2451 demonstrabimus
1661 2395 1939 2452 Sententia
1974 2414 2093 2469 pos-

96 2484 271 2540 tulare
303 2483 544 2539 videtur:
584 2481 800 2552 αἰσχρόν
821 2485 878 2548 γ’
913 2480 1038 2537 ὅταν
1069 2505 1147 2544 τις
1168 2482 1358 2549 ἀξίωμ’
1386 2481 1521 2551 ἔχων
1556 2483 1732 2550 μέγα,
1761 2491 1855 2539 aut
1885 2485 2090 2556 aliquid

12 2630 14 2634 ,
95 2571 421 2629 huiusmodi.
502 2572 562 2626 ln
602 2571 819 2643 vulgata
865 2571 1137 2643 scriptura
1185 2572 1566 2644 turpissimum
1608 2579 1691 2627 est
1725 2574 1906 2643 φυείς,
1948 2574 2090 2646 quod

94 2661 275 2717 nescio
312 2658 578 2733 quomodo
627 2659 772 2714 docti
811 2658 1058 2714 homines
1098 2660 1371 2731 potuerint
1412 2676 1760 2731 concoquere.
1842 2661 1961 2717 Seri
2001 2661 2086 2717 de·

11 2758 19 2817 j.
94 2748 533 2806 mnm‘Graeculi
586 2765 682 2820 pro
732 2747 889 2817 ἔφυν,
927 2752 1118 2817 φῦναι,
1172 2747 1279 2816 φύς
1319 2754 1613 2820 coeperunt
1658 2749 1848 2817 ἐφύην,
1891 2756 2088 2819 φυῆναι

93 2845 148 2895 et
165 2838 318 2909 φυείς
340 2836 547 2899 dicere,
581 2842 636 2891 et
666 2837 962 2906 φυήσομαι,
1002 2837 1377 2904 οἷναφυήσομαι
1413 2853 1510 2908 pro
1542 2838 1912 2907 οἷναφύσομαι,
1954 2855 2096 2910 quas

4 2945 16 2991 ς
91 2925 274 2983 sordes
316 2923 508 2980 deinde
547 2923 833 2980 Veteribus
881 2922 1215 2979 affricabant.
1295 2924 1499 2980 Eadem
1551 2925 1826 2981 barbaries
1867 2934 2090 2999 apparet

4 3151 16 3180 t

4 3193 20 3239 l

0 3255 14 3313 't

0 3320 24 3420 Ξ»

0 3445 13 3498 ἑ

0 3507 16 3851 ἓ

5 2997 17 3060 ἶ
92 3017 148 3071 in
182 3016 359 3079 δυῆναι
393 3029 489 3086 pro
521 3014 684 3068 δῦναι.
764 3011 946 3083 Neque
978 3012 1159 3067 minus
1194 3013 1524 3085 suspiciosae
1555 3013 1691 3068 mihi
1726 3021 1854 3069 sunt
1884 3014 2088 3070 formae

8 3126 19 3140 ⁸
90 3109 232 3174 φυῇ,
271 3108 512 3173 φυῶμεν,
551 3106 746 3171 φυῶσιν
776 3099 919 3173 apud
948 3100 1224 3157 Platonem
1260 3118 1416 3175 saepe
1444 3109 1815 3169 occurrenteS,
1856 3121 1955 3159 nec
1991 3103 2086 3158 du-

7 3242 14 3253 ,
89 3190 203 3247 bito
242 3190 375 3262 quin
414 3190 526 3259 φύῃ
556 3196 612 3245 et
628 3190 845 3259 φύωμεν
867 3196 921 3244 et
939 3190 1108 3259 φύωσι
1146 3189 1491 3245 scribendum
1530 3190 1727 3263 ubique
1764 3193 1862 3257 sit,
1903 3209 2086 3263 quem-

92 3278 382 3335 admodum
429 3284 577 3333 recte
625 3278 884 3333 scribitur
927 3295 991 3334 ex
1037 3278 1147 3334 ἔδυν
1191 3284 1244 3333 et
1290 3280 1432 3334 δῦναι
1489 3286 1677 3334 natum
1730 3282 1821 3350 δύῃ
1866 3281 1918 3333 in
1963 3280 2086 3334 Cra-

91 3366 205 3443 tylo
253 3384 304 3439 p.
340 3370 468 3421 416.
517 3367 574 3421 Β.
625 3367 834 3422 ἐπειδὰν
873 3367 896 3421 ὃ
934 3367 1070 3432 ἥλιος
1109 3367 1222 3435 δύῃ,
1279 3384 1416 3438 quae
1467 3367 1638 3423 forma
1683 3369 1738 3422 in
1788 3368 2086 3422 Homericis

90 3454 422 3512 carminibus
460 3471 618 3529 saepe
655 3454 874 3527 legitur.
957 3456 1016 3510 In
1059 3455 1312 3528 optativis
1350 3457 1573 3528 antiqua
1613 3456 1886 3512 Graecitas
1927 3453 2084 3511 habe-

95 3542 185 3599 bat
227 3543 426 3601 formas
464 3545 583 3607 δύην
626 3543 805 3619 (δοίην)
854 3550 908 3599 et
946 3545 1084 3614 φύην
1132 3544 1359 3618 (φυίκγ);
1416 3544 1578 3600 huius
1631 3545 1851 3598 unicum
1908 3560 2083 3598 exem·
