2436 4068
989 178 1096 228 5¹79

351 324 406 376 οὐ
447 320 552 388 γὰρ
593 321 780 385 γένοιτ’
821 318 886 373 ἂν
925 317 997 380 εἷς
1038 341 1104 385 γε
1146 328 1250 381 τοῖς
1293 328 1501 381 πολλοῖς
1543 320 1679 384 ἴσος,

54 412 144 467 ubi
199 410 503 466 rectissime
560 408 867 463 Brunckius
921 407 1056 462 vidit
1109 408 1491 479 corrigendum
1545 426 1663 464 esse
1703 406 1776 470 εἷς
1829 411 1894 473 γε’
1952 427 2030 469 τις

47 507 259 561 πολλοῖς
299 498 435 562 ἴσος,
478 496 573 552 sed
613 514 771 552 nemo
811 513 939 551 vera
994 498 1236 551 monenti
1277 497 1626 569 obtemperat.
1706 497 2031 567 Corruptum

51 595 135 644 est
171 608 223 641 τι
264 586 320 640 in
358 605 435 640 τοι
478 583 621 656 apud
673 584 944 639 Iulianum
986 586 1040 638 in
1079 582 1227 639 Orat.
1269 585 1361 640 111.
1403 602 1454 657 p.
1493 589 1598 642 124
1639 585 1698 640 B.
1757 584 1906 640 ἀλλὰ
1947 582 2034 641 καὶ

50 674 402 743 ςρατευομένῳ
451 692 537 739 μοι
578 668 630 725 ἔν
684 672 750 737 γε’
806 692 883 726 τοι
936 672 1054 745 (τῶν
1106 672 1354 746 βιβλίων)
1412 673 1618 734 πάντας
1669 672 1891 737 ἕπεται,
1943 670 2037 726 ubi

50 762 201 818 vides
237 759 288 815 ἕν
323 761 391 827 γέ
429 781 481 815 τι
517 758 932 814 emendandum.
1015 759 1203 830 Itaque
1231 761 1335 814 ‘sic
1378 767 1433 815 et
1466 760 1640 834 Cyrus
1679 760 1823 834 apud
1863 760 2040 815 Xeno·

52 849 307 923 phontem
343 849 577 904 dixerat:
632 846 714 901 ἀεὶ
753 844 805 902 ἕν
843 848 910 913 γε’
950 869 1000 902 τι
1052 848 1488 916 φιλοτιμούμενος
1512 890 1528 912 ,
1581 847 2035 920 quemadmodum

55 940 110 993 in
150 936 527 1010 Aristophanis
565 935 721 990 Pluto
768 951 846 988 νε.
885 939 1012 990 415.
1055 935 1289 1006 legitur:

277 1028 353 1091 μή
394 1046 478 1080 νυν
517 1023 772 1091 διάτριβ’,
810 1026 937 1078 ἀλλ’
978 1022 1099 1078 ἄνυε
1138 1021 1380 1090 πράττων
1419 1021 1470 1078 ἕν
1509 1024 1575 1089 γέ
1613 1045 1684 1082 τι.

55 1121 109 1169 et
150 1113 295 1186 apud
346 1112 659 1177 Oratorem,
715 1112 807 1183 qui
846 1115 967 1167 κατ’
1018 1112 1418 1179 Ἀριςογείτονος
1475 1111 1612 1167 dixit
1659 1113 1803 1169 inter
1854 1112 2043 1166 D'emoz

54 1201 329 1258 sthenicas
369 1201 515 1257 Orat.
552 1199 721 1256 XXV.
757 1205 848 1255 51.
887 1201 1080 1256 τούτων
1119 1198 1304 1262 ἕκαςος
1344 1199 1395 1254 ἕν
1427 1201 1493 1266 γε’
1530 1222 1581 1256 τι
1619 1199 1862 1268 πράττων
1898 1200 2042 1253 κατὰ

53 1292 148 1355 τὴν
184 1292 383 1359 ἀγορὰν
421 1289 787 1358 περιέρχεται,
838 1296 892 1343 et
933 1288 1075 1360 apud
1115 1289 1462 1344 Aristotelem
1509 1288 1688 1346 Ethic.
1727 1287 1796 1343 ad
1834 1287 2042 1344 Nicom.

56 1377 99 1434 I.
141 1395 251 1434 vul.
289 1378 499 1439 τούτους
541 1378 756 1443 εὔλογον
795 1408 870 1418 -
906 1374 970 1431 ἕν
1009 1378 1088 1442 γε’
1129 1397 1194 1431 τι
1233 1377 1262 1440 ἢ
1302 1377 1374 1432 τοὶ
1413 1385 1616 1436 πλεῖς-α
1654 1377 1953 1445 κατορθοῦν,
1989 1382 2045 1430 et

57 1483 215 1539 saepe
253 1465 397 1539 apud
437 1466 586 1524 alios.
666 1465 868 1522 Praeiit
907 1464 1158 1520 omuibus
1198 1465 1464 1520 Homerus
1511 1467 1565 1520 in
1609 1465 1800 1539 Odyss
1843 1462 1906 1520 Ο.
1951 1467 2041 1518 82.

590 1554 734 1608 δώσει
775 1553 827 1607 δέ
868 1573 918 1608 τι
959 1550 1010 1608 ἕν
1049 1573 1117 1618 γε
1156 1553 1420 1622 φέρεσθαι.

129 1641 192 1698 In
237 1658 354 1715 cap.
394 1641 453 1704 V
498 1645 528 1713 S
569 1647 622 1697 5.
673 1642 982 1712 παρέχουσα
1022 1642 1064 1696 δ’
1105 1644 1432 1710 αφθονώτατ’
1484 1642 1669 1709 ἀγαθοὶ
1710 1641 1920 1699 duabus
1955 1626 2045 1696 lit-

58 1730 253 1788 terulis
283 1731 532 1803 repetitis
570 1729 919 1786 scribendum
955 1738 1038 1785 est
1093 1733 1443 1800 ἀφθονώτατα
1480 1731 1731 1798 τάγαθά,
1772 1731 1902 1803 quia
1943 1735 2045 1785 ter-

57 1836 119 1875 ra
168 1819 373 1875 dicitur
423 1818 735 1889 ἀφθόνως
784 1821 1068 1884 τάγαθὰ
1123 1820 1344 1884 διδόναι,
1384 1821 1614 1886 ἀνιέναι,
1652 1821 1835 1890 φύειν,
1889 1818 2046 1886 παρέ·

54 1929 172 1978 χειν
214 1908 342 1982 (non
373 1907 613 1980 ἀγαθά),
655 1923 828 1979 neque
864 1909 1049 1973 ἁγαθοὶ
1069 1907 1291 1978 ἄφθονα.
1351 1909 1524 1965 Causa
1553 1908 1755 1964 erroris
1788 1908 1841 1962 in
1865 1907 2047 1978 aprico

61 2005 163 2053 est.

132 2086 197 2141 In
237 2088 267 2157 S
316 2088 400 2139 12.
457 2086 486 2147 ἧ
526 2092 598 2149 γῆ
638 2084 858 2139 θέλουσα
899 2115 974 2126 --
1011 2086 1327 2148 δικαιοσύνην
1366 2085 1635 2147 διδάσκει,
1679 2083 1822 2156 quod
1875 2084 1931 2138 in
1984 2084 2048 2138 ti-

57 2174 173 2231 bris
204 2173 478 2247 plerisque
536 2172 789 2227 omnihus
829 2180 911 2227 est
957 2175 985 2236 ἡ
1032 2181 1105 2240 γῆ·
1145 2174 1329 2229 θέουσα
1370 2182 1559 2230 natum
1599 2180 1688 2230 est·
1722 2189 1787 2228 ex
1823 2172 2048 2243 antiqua

0 2300 1 2323 ι
61 2269 334 2341 scriptura
374 2251 678 2331 e‘C‘O'rcA,
720 2265 774 2321 id
815 2273 899 2321 est
936 2268 1043 2327 θεὸς
1077 2263 1239 2330 οὖσα,
1280 2285 1384 2339 qua
1421 2266 1557 2322 nihil
1595 2267 1794 2322 verius.
1875 2267 2046 2321 Festi-

61 2356 281 2413 vissime
317 2355 489 2427 igitur
527 2346 703 2411 utitur
741 2353 903 2410 verbo
942 2355 1270 2424 θεραπεύειν;
1313 2358 1341 2420 ἦ
1390 2363 1462 2422 γῆ
1517 2356 1664 2417 θεὸς
1711 2353 1877 2411 οὖσα
1927 2355 2048 2416 τοὺς

58 2443 217 2515 ἄριςα
255 2444 766 2511 θεραπεύοντας
821 2446 985 2509 αὐτὴν
1026 2453 1224 2504 πλεῖςα
1262 2446 1450 2511 ἀγαθοὶ
1498 2448 1770 2501 ἆντιποιεῖ.
1850 2445 1926 2500 De
1966 2461 2049 2499 er·-

60 2535 277 2592 roribus
314 2551 380 2590 ex
416 2536 731 2608 compendio
767 2521 856 2593 ’Θ-(ἶ
896 2538 1038 2592 natis
1075 2553 1179 2592 non
1216 2539 1417 2592 omisso
1452 2537 1551 2592 hoo
1605 2538 1721 2608 ipso
1758 2536 1876 2591 loco
1909 2536 2044 2591 satis

63 2626 121 2680 in
161 2625 341 2696 priore
381 2631 533 2696 parte
562 2623 822 2681 diximus,

138 2712 345 2767 Vitiosa
391 2712 565 2767 forma
614 2712 815 2785 legitur
863 2715 915 2768 in
972 2716 1001 2785 §
1045 2718 1131 2769 19.
1186 2713 1668 2783 ἐξαρεσκευομένους
1719 2720 1826 2775 τοῖς
1877 2714 2005 2776 θεοῖς
2028 2756 2044 2776 ,

63 2801 188 2874 quis
240 2802 384 2856 enim
440 2799 615 2855 facilis
670 2801 853 2857 credet
909 2802 1130 2875 perinde
1187 2820 1304 2858 esse
1356 2811 1542 2857 utrum
1593 2802 1937 2871 ἐξαρέσκομαι
1980 2817 2047 2856 an

65 2886 467 2958 ἆξαρεσκεύομαι
507 2888 762 2945 dicatur?
836 2893 1087 2960 ’Ἃρεσκος
1127 2891 1331 2947 dicitur
1365 2899 1418 2946 et
1456 2893 1801 2959 αἱρεσκεύομαι
1843 2898 1896 2946 et
1936 2890 2048 2958 οέρέ-

63 2997 272 3043 σκευμα
311 2984 365 3032 et
401 2978 647 3045 αρεσκεία
688 2977 754 3034 de
795 2980 862 3034 iis
904 2982 996 3051 qui
1039 2980 1207 3035 nimio
1245 2988 1299 3035 et
1353 2981 1535 3052 inepto
1585 2979 1827 3052 placendi
1869 2978 2051 3034 studio

66 3062 418 3120 blandiuntur
470 3066 634 3121 alicui
690 3074 745 3121 et
797 3075 1163 3124 assentantur.
1264 3067 1414 3137 Quod
1476 3069 1523 3123 si
1579 3069 1700 3141 quis
1756 3084 1851 3140 spe
1907 3066 2045 3123 lueri

67 3149 200 3209 facit
246 3155 543 3211 κολακεύειν
596 3154 839 3220 dicitur,
897 3157 982 3211 sin
1037 3156 1194 3211 aliter
1247 3155 1459 3226 ἄρεσκος
1514 3157 1672 3212 homo
1729 3155 2045 3228 appellatur.

70 3238 175 3295 Sed
218 3257 372 3299 nemo
413 3242 702 3298 mirabitur
747 3251 1038 3316 utrumque
1078 3262 1486 3318 nonnumquam
1535 3245 1775 3301 eiusdem
1816 3243 2051 3298 hominis

12 3335 14 3342 ’
69 3343 202 3384 esse.
280 3326 426 3385 Scite
458 3332 602 3386 enim
644 3331 783 3386 dixit
822 3332 1227 3389 Anaxandrides
1264 3333 1456 3389 Athen.
1501 3351 1549 3407 p.
1594 3337 1701 3390 255
1745 3333 1805 3387 A.

295 3418 356 3471 τὸ
392 3420 499 3486 γὰρ
538 3421 835 3476 κολακεύειν
874 3426 959 3475 νῦν
998 3422 1307 3490 ἀρέσκειν
1346 3422 1483 3489 ὄνομ’
1524 3421 1659 3490 ἔχει.

16 3535 21 3579 5
71 3502 387 3560 Lexicorum
427 3506 731 3563 conditores
769 3508 1057 3564 Clementis
1102 3510 1447 3567 Alexandrini
1486 3511 1660 3566 locum
1704 3509 1936 3565 afferunt
1985 3526 2049 3564 ex

20 3648 21 3653 ,
74 3590 297 3663 Paedag.
336 3593 426 3648 ΙΙΙ.
471 3612 507 3649 ι.
572 3612 619 3666 p.
660 3600 765 3650 ¹:214
810 3597 888 3660 A,
949 3598 1034 3653 ubi
1092 3602 1161 3659 εἰς
1215 3602 1458 3667 μοιχείας
1513 3600 1600 3654 καὶ
1656 3599 1908 3664 λαγνείας
1962 3599 2048 3653 καὶ
