2436 4068
1299 199 1403 248 54⁰2.

375 347 471 401 ὑπὸ
520 346 735 406 Κόνωνος
782 349 969 411 τειχῶν
1022 341 1411 404 άναςαθέντων,
1452 338 1488 394 ἑὲ
1529 339 1667 413 (lege
1706 338 1751 412 ὃ)
1808 341 2021 406 γέγονεν
2069 337 2232 396 ἔτεσιν
2287 340 2343 405 ἓξ

373 442 466 497 τῆς
509 433 808 501 Σωκράτους
867 438 1115 493 τελευτῆς
1160 428 1359 497 ὕςερον,
1421 427 1615 498 quihus
1655 428 1808 482 docte
1862 429 2041 483 addit:
2100 430 2186 482 καὶ
2241 428 2344 487 ἔςιν

373 519 528 582 οὕτως
570 521 707 589 ἔχον.
788 518 990 573 Deinde
1031 518 1302 572 Platonem
1348 515 1512 570 refert
1555 518 1584 585 §
1628 519 1716 569 41.
1759 533 1853 586 pro
1895 517 2111 570 Socrate
2165 518 2218 569 in
2265 517 2344 569 iu-

372 608 514 662 dicio
569 608 808 679 coepisse
862 606 1071 660 dicere:
1130 605 1405 664 Νεώτατος
1446 604 1545 667 ἰὸν,
1596 600 1631 656 ὦ
1687 600 1859 670 ἄνδρες
1914 605 2194 666 Ἀθηναῖοι,
2229 610 2346 658 τῶν

370 697 454 749 ἐπὶ
510 698 568 751 τὸ
624 698 781 762 βῆμα
836 693 1145 759 άναβάντων
1185 725 1290 756 -,
1354 690 1558 744 iudices
1612 697 1792 745 autem
1847 693 2028 745 statim
2088 692 2347 763 κατάβα,

371 782 595 848 κατάβα
648 783 1005 846 occlamasse,
1066 797 1171 852 quo
1222 779 1310 833 ille
1371 779 1599 849 strepitu
1655 778 2001 848 perturbatus
2058 779 2345 836 obmutuit.
2408 805 2411 808 ·

369 869 546 924 Bonus
586 870 768 925 Iustus
809 870 1168 930 'PiberienSiS‚
1210 868 1297 921 cui
1328 866 1489 920 huius
1530 865 1607 920 rei
1650 867 1892 920 notitiam
1925 866 2021 920 soli
2063 866 2347 932 debemuS‚

373 956 576 1028 aliquid
610 974 673 1011 ex
710 956 1085 1028 Aristophanis
1123 956 1310 1026 Vespis
1347 971 1426 1009 vs,
1455 957 1580 1008 979.
1623 952 1908 1024 profecisse
1938 954 2166 1008 videtur.
2210 956 2349 1022 Quid

373 1043 581 1099 diceres
622 1046 667 1098 si
704 1045 831 1116 quid
875 1045 939 1099 de
978 1044 1212 1099 Socratis
1253 1042 1452 1095 iudicio
1493 1058 1597 1094 non
1640 1041 1802 1094 alium
1840 1049 2033 1096 testem
2075 1050 2127 1096 61
2169 1050 2349 1097 aucto·

372 1148 486 1186 rem
544 1132 763 1187 haberet
818 1150 977 1204 quam
1020 1132 1260 1186 Flavium
1316 1128 1638 1200 Iosephum?
1694 1135 1745 1182 61
1793 1146 1908 1183 esse
1949 1130 2158 1184 Iustum
2199 1131 2349 1185 Tibe-

371 1220 604 1275 riensem
662 1221 774 1292 ipso
813 1221 1032 1292 Iosepho
1072 1221 1128 1273 in
1168 1219 1260 1272 tali
1314 1235 1372 1272 re
1411 1224 1603 1271 testem
1642 1215 1967 1281 futiliorem‚
2008 1220 2099 1288 qui
2143 1226 2347 1274 utrum-

372 1324 476 1378 que
514 1309 659 1362 novit
700 1308 845 1363 nullo
884 1309 1095 1380 negotio
1134 1306 1440 1361 crediturus
1478 1312 1576 1359 est.

448 1396 584 1449 Tum
627 1395 941 1450 damnatum
996 1395 1269 1450 Socratem
1325 1393 1514 1448 scribit
1566 1393 1846 1454 διακοσίαις
1884 1393 2194 1458 ὄγδοήκοντα
2247 1402 2345 1465 μιᾷ

374 1483 575 1538 πλείοσι
618 1487 813 1552 ψήφοις
852 1491 949 1538 τῶν
1004 1486 1332 1537 ἀπολυουσῶν
1392 1485 1421 1552 §
1467 1485 1554 1535 41.
1636 1481 1822 1550 Itaque
1861 1480 2174 1535 iudicarunt
2213 1482 2350 1536 iudi-

376 1588 464 1624 ces
513 1572 659 1626 mille
709 1580 761 1626 61
819 1589 989 1635 unm,
1045 1587 1274 1641 quorum
1329 1574 1431 1624 641
1492 1567 1949 1633 condemnarunt,
2010 1569 2351 1626 absolverunt

376 1661 514 1723 560,
556 1668 650 1714 aut
690 1659 970 1731 quingenti
1013 1666 1066 1713 et
1108 1674 1276 1721 unuS,
1318 1664 1379 1711 ut
1419 1662 1637 1710 centum
1677 1663 1730 1710 et
1767 1655 1948 1710 decem
1990 1656 2351 1724 absolverint,

376 1746 606 1801 trecenti
666 1748 957 1817 nonaginta
1002 1753 1055 1800 et
1106 1761 1248 1798 unus
1300 1744 1692 1798 damnaverint.
1775 1743 1945 1810 Quam
1998 1745 2131 1798 nihil
2187 1747 2351 1801 sitin

375 1831 461 1887 his
502 1836 615 1888 veri
669 1834 1058 1890 demonstrabit
1111 1832 1346 1886 Platonis
1397 1832 1545 1885 locus
1588 1832 1640 1883 in
1698 1830 1951 1901 Apologia
2004 1849 2052 1903 p.
2093 1837 2163 1887 56
2205 1835 2264 1888 A.
2308 1837 2349 1889 εἰ

374 1928 542 1988 τρεῖς
598 1923 750 1988 μόναι
809 1923 1095 1988 μετέπεσον
1141 1926 1239 1975 τῶν
1279 1923 1469 1988 ψήφων
1509 1918 1865 1986 άπεπεφεύγη
1915 1918 2014 1982 άν,
2072 1920 2159 1974 ubi
2211 1922 2350 1990 τριά-

377 2030 533 2064 κοντα
576 2028 671 2081 pro
704 2018 837 2078 τρεῖς
889 2012 943 2063 in
987 2007 1298 2063 melioribus
1339 2008 1491 2060 libris
1526 2015 1606 2061 est
1633 2049 1644 2071 ,
1690 2006 1783 2061 sed
1831 2024 2128 2079 perperam.
2211 2009 2350 2064 Tum

373 2099 551 2169 pergit
605 2097 735 2153 falsa
794 2098 974 2152 omnia
1032 2113 1268 2150 narrare.
1363 2095 1607 2149 Socrates
1659 2097 1812 2150 πέντε
1867 2097 1954 2151 καὶ
2009 2096 2191 2150 εἴκοσιν
2246 2097 2349 2167 ἔφη
2434 2151 2436 2156 .

374 2184 622 2253 δραχμάς
655 2187 938 2241 άποτίσειν.
980 2183 1574 2251 Εὐβουλίδης-φησὶν
1615 2185 1796 2238 ἑκατὸν
1837 2168 2174 2249 ὁμόλογῆσαι.
2215 2185 2349 2256 Apo·
2411 2205 2423 2211 ·

369 2271 509 2344 logia
552 2275 786 2328 Platonis
826 2292 876 2346 p.
902 2277 970 2327 58
1011 2274 1062 2325 B.
1105 2271 1314 2326 docebit
1355 2271 1483 2342 quid
1525 2287 1709 2324 verum
1751 2272 1837 2324 sit.
1901 2271 2146 2326 Socrates
2195 2276 2343 2343 542.

372 2366 493 2425 μετ’
540 2366 593 2417 οὐ
650 2362 853 2423 πολλάς
908 2359 1099 2427 ἡμέρας
1163 2360 1272 2414 ἔπιε
1340 2361 1397 2412 τὸ
1453 2360 1679 2423 κώνειον,
1740 2358 1829 2412 ubi
1885 2358 2024 2429 quod
2083 2370 2350 2431 reponunt

371 2449 538 2514 μετὰ.
571 2451 776 2510 πολλὰς
829 2449 1019 2517 ἡμέρας
1074 2448 1271 2503 Graece
1313 2464 1415 2500 non
1469 2446 1671 2500 dicitur
1713 2454 1766 2500 et
1818 2454 1897 2501 est
1948 2447 2168 2517 Diogeni
2219 2465 2351 2503 suus
2431 2489 2436 2492 -

373 2551 523 2591 error
561 2537 963 2608 relinquendus.
1043 2535 1254 2590 Nullius
1302 2535 1461 2606 pretii
1515 2541 1640 2588 sunt
1679 2542 1730 2588 et
1771 2534 1924 2605 plane
1977 2538 2352 2592 commenticia
2432 2558 2436 2585 ,ι

373 2642 509 2695 quae
553 2628 582 2695 ᾗ
618 2630 706 2680 45.
750 2625 939 2680 scribit
979 2623 1043 2678 de
1077 2623 1485 2678 Atheniensium
1521 2622 1586 2675 oh
1626 2629 1876 2676 necatum
1919 2621 2190 2677 Socratem
2229 2642 2349 2696 poe·

373 2713 634 2768 nitentia:
677 2712 936 2784 quidquid
980 2718 1400 2772 commemorat,
1461 2709 1671 2764 clausas
1708 2715 1820 2763 tota
1878 2709 2006 2763 urbe
2057 2710 2350 2781 palaestras
2423 2711 2436 2779 {³

374 2808 426 2853 ct
466 2803 746 2874 gymnasia
788 2802 998 2864 omnia,
1040 2806 1278 2854 caeteros
1321 2805 1660 2852 accusatores
1691 2797 1876 2861 exili0,
1918 2797 2166 2852 Meletum
2210 2817 2351 2854 mor-

371 2894 424 2941 16
462 2889 793 2955 mulcatum,
845 2888 1051 2944 Socrati
1095 2894 1331 2941 statuam
1366 2904 1430 2940 ex
1466 2902 1587 2940 aere
1639 2886 1867 2956 positam
1910 2886 2131 2958 Lysippi
2174 2903 2307 2958 opus
2332 2929 2345 2950 ‚

374 2977 552 3030 omnia
613 2977 742 3030 haec
798 2976 1083 3031 falsissima
1138 2983 1264 3029 sunt
1323 2983 1374 3028 et
1433 2973 1496 3028 de
1552 2972 1718 3026 nihilo
1763 2972 1915 3027 ficta.
1997 2973 2070 3026 De
2128 2975 2348 3047 Lysippi
2420 2979 2429 3027 i

374 3070 548 3118 aetate
588 3080 692 3116 non
733 3064 947 3118 videtur
987 3064 1145 3118 homo
1186 3063 1466 3132 cogitasse.
1548 3060 1832 3114 Cumulum
1871 3059 1956 3113 his
1994 3060 2142 3114 addit
2185 3065 2213 3131 ᾗ
2257 3067 2345 3118 44.
2412 3063 2426 3138 ssf

373 3151 686 3222 Euripidem
737 3152 974 3206 reserens
1022 3149 1438 3205 Atheniensibus
1478 3165 1662 3202 necem
1710 3149 1944 3203 Socratis
1979 3148 2344 3219 exprobrasse.

374 3239 478 3294 Sed
529 3239 727 3293 malum
784 3238 984 3293 sactum
1043 3239 1182 3309 quod
1223 3237 1508 3307 Euripides
1561 3237 1716 3289 annis
1766 3252 1857 3289 sex
1909 3242 2032 3290 ante
2073 3236 2344 3292 Socratem

374 3327 513 3382 diem
567 3327 698 3380 obiit
756 3343 931 3380 suum.
1013 3326 1212 3396 Lepida
1268 3325 1427 3379 etiam
1473 3324 1739 3394 imprimis
1779 3329 1860 3376 est
1902 3330 1954 3377 et
2010 3331 2168 3378 acuta
2220 3326 2346 3379 Dio·

375 3417 527 3486 genis
572 3414 963 3468 animadversio
1015 3417 1042 3484 ᾗ
1083 3417 1169 3467 45.
1224 3414 1360 3466 δοκεῖ
1393 3412 1445 3465 δέ
1496 3432 1579 3476 μοι
1628 3412 1713 3464 καὶ
1757 3412 1867 3478 περὶ
1923 3418 2019 3465 τῶν
2053 3416 2280 3480 φυσικῶν
2321 3415 2344 3467 ὂ

377 3503 653 3571 Σωκράτης
690 3503 1006 3570 διειλέχθαι,
1046 3499 1167 3555 ὅπου
1207 3521 1272 3565 γε
1311 3499 1395 3553 καὶ
1431 3500 1540 3566 περὶ
1576 3499 1802 3566 προνοίας
1844 3500 1960 3554 τινα
2001 3501 2341 3566 διαλέγεται,

379 3591 513 3646 καθά
555 3596 683 3660 φησι
723 3592 808 3646 καὶ
845 3595 1087 3660 Ξενοφῶν.
1157 3587 1521 3660 Xenophontis
1561 3586 1707 3641 locus
1741 3595 1817 3642 est
1857 3587 2140 3644 Memorah.
2179 3590 2217 3644 Ι.
2261 3605 2340 3654 ιν,
