2436 4068
1331 193 1438 242 752

408 337 518 393 lum
560 337 749 390 vitium
790 351 852 388 ex
894 333 1185 406 Hesychio:
1228 335 1411 399 οέθρόως
1454 335 1594 388 enim
1640 343 1893 406 corrupta
1947 338 2210 409 scriptura
2249 350 2366 410 est,

406 427 580 485 εὐθέως
621 422 934 483 emendata,
977 429 1031 473 ut
1075 422 1254 474 statim
1300 423 1350 474 in
1395 422 1622 475 vicinia:
1677 426 2072 491 Παραψίδες
2115 428 2141 490 ἢ
2185 451 2364 497 παρο-

405 517 615 581 golam:
656 512 724 564 τα
761 510 983 585 μεγαλα
1023 510 1280 575 τρυβλία·
1327 509 1471 563 vides
1512 511 1653 563 enim
1692 515 1981 579 παραψίδες
2024 514 2176 567 nihili
2216 533 2364 572 voca-

405 602 586 655 bulum
628 616 655 651 a
695 600 868 650 nescio
911 614 1014 666 quo
1057 602 1358 649 correctum
1402 613 1516 650 esse
1558 598 1610 649 in
1659 602 1967 666 παροψίδες,
2012 601 2232 665 deinde,
2287 607 2366 660 uti

405 690 498 751 fit,
543 695 823 755 utramque
863 685 1184 754 scripturam
1240 685 1579 738 coniunctam
1631 703 1761 740 esse.
1845 687 1970 741 Sine
2016 689 2204 742 mendo
2251 691 2366 745 Sui-

403 776 530 830 das:
571 779 1040 840 Παραχρῆμα;
1082 773 1412 837 παραυτίκα,
1457 773 1648 833 εὐθέως.
1730 774 2007 853 Mirarisne
2054 778 2246 841 etiam,
2299 776 2403 832 si-‘

402 864 525 917 cubi
578 868 906 927 παραχρῆμα
966 861 1234 930 legeretur
1293 860 1577 914 Graeculos
1634 878 1790 915 suum
1856 865 1999 923 εὐθύς
2057 865 2134 917 νο1
2189 867 2412 939 εὐθέωςξξ

401 952 654 1006 continuo
709 948 1046 1002 adscribere?
1127 949 1446 1018 Corruptuin
1489 949 1670 1015 ἀθρόως
1712 950 1852 1020 apud
1902 950 2228 1023 Hesycliium
2270 953 2364 1007 ad·

400 1045 580 1093 monet
623 1053 707 1090 me
738 1035 838 1090 loci
877 1037 1100 1090 ridicule
1136 1038 1373 1107 corrupti
1414 1037 1551 1107 apud
1588 1037 1875 1091 Diodorum
1922 1038 2025 1092 Sic.
2057 1040 2144 1093 XI
2179 1045 2268 1095 77.
2311 1045 2360 1097 6.

402 1126 465 1180 de
505 1125 779 1196 Ephialte:
821 1127 874 1178 οὐ
914 1127 1015 1190 μην
1057 1125 1283 1192 αθρόως
1329 1145 1394 1189 γε
1431 1125 1647 1192 διέφυγε
1683 1126 1996 1187 τηλικούτοις
2014 1072 2436 1193 ανομημασινᾶ

399 1214 812 1279 ἐπιβαλόμενος·
854 1230 955 1265 000
1008 1229 1193 1266 vereor
1240 1214 1380 1266 enim
1425 1229 1490 1266 ne
1531 1213 1652 1284 quis
1693 1214 1825 1266 mihi
1867 1213 2181 1284 obloquatur
2219 1234 2398 1288 repo-¹

400 1302 580 1355 nenti:
623 1304 675 1354 οὐ
711 1322 812 1366 μην
849 1302 1056 1368 αθῷός
1099 1322 1163 1365 γε
1201 1301 1448 1368 διέφυγε,
1490 1318 1594 1370 quo
1644 1301 1893 1354 vocabulo
1929 1319 2021 1372 pro
2061 1303 2273 1370 οὲζήμιος
2314 1312 2397 1361 et

397 1390 486 1445 alii
545 1390 738 1460 passim
813 1397 1040 1442 utuntur
1100 1396 1151 1442 et
1211 1390 1322 1458 ipse
1383 1388 1642 1442 Diodorus
1686 1389 1820 1442 XIV.
1867 1393 1953 1443 76.
2013 1393 2207 1458 αθῷος
2268 1398 2364 1448 τῶν
2419 1442 2425 1450 ,

395 1477 748 1544 ἀσεβημάτων
773 1519 787 1539 ,
831 1484 880 1530 et
922 1477 1107 1530 XVIII.
1154 1481 1240 1530 59.
1281 1479 1484 1544 οὶθῷον
1524 1477 1814 1545 ἀφεικότας
1855 1485 1946 1540 τῆς
1989 1482 2266 1548 τιμωρίας,
2311 1489 2398 1536 et*

399 1569 516 1622 XX.
560 1570 650 1621 21.
695 1567 897 1632 ὁρῶντες
938 1565 1182 1633 ἀθῴους
1225 1565 1549 1630 γεγονότας,
1590 1572 1643 1619 et
1679 1565 1822 1619 alibi.
1903 1566 2055 1621 Nunc
2089 1568 2155 1622 ad
2193 1571 2387 1624 Xeno·

394 1655 645 1727 phontem
682 1659 939 1707 revertor.

470 1743 526 1796 In
570 1759 682 1812 cap.
723 1741 810 1795 IX.
856 1745 904 1794 2.
947 1738 1130 1794 ἕπεται
1168 1750 1230 1809 τῇ
1268 1742 1423 1810 αρετῇ
1461 1741 1704 1808 σώζεσθαι
1744 1775 1816 1783 -
1856 1746 2061 1807 μᾶλλον
2102 1744 2129 1807 ἢ
2170 1752 2235 1813 τῇ
2269 1766 2387 1800 κα·

394 1832 513 1902 κία,
567 1846 756 1884 revoca
799 1831 1159 1882 necessarium
1215 1830 1502 1883 articulum
1551 1829 1647 1903 (τὸ)
1703 1830 1980 1897 σώζεσθαι,
2034 1839 2086 1886 et
2132 1835 2183 1885 in
2238 1836 2392 1903 §4.

393 1919 628 1974 rescribe
686 1917 929 1987 οέγοροὲζει
991 1918 1041 1971 δὲ
1103 1919 1153 1970 ἐν
1212 1918 1425 1985 ταύτῷ
1485 1919 1507 1971 ὃ
1563 1920 1717 1979 κακὸς
1774 1920 1988 1987 τοὶγαθῷ
2045 1937 2140 1991 pro
2182 1922 2231 1974 ἐν
2291 1924 2359 1990 τῷ
2427 1986 2436 2000 ⁸

2427 2006 2436 2026 f

391 2011 548 2077 αὐτῷ.
2386 2059 2388 2062 .

468 2098 661 2150 Mirum
717 2102 798 2149 est
846 2096 1155 2149 etiamnunc
1210 2093 1548 2148 circumferri
1604 2094 1947 2149 manifestum
1994 2097 2246 2151 mendum
2306 2098 2402 2181 inf:
2391 2084 2436 2127 '²¹'

393 2186 456 2240 Χ.
502 2191 548 2238 1.
606 2184 688 2237 ε’πι
741 2205 845 2250 γαρ
885 2186 954 2251 τῷ
994 2183 1211 2250 τέρματι
1269 2188 1357 2236 τοῦ
1410 2183 1527 2248 βίου
1586 2185 1675 2245 τὴν
1736 2185 1893 2250 κρίσιν
1948 2192 2039 2247 τῆς
2095 2187 2393 2252 γεροντίας

393 2273 707 2342 προσθείς
763 2274 869 2326 κτὲ.
915 2288 1143 2341 namque
1191 2272 1383 2338 προθείς
1426 2270 1589 2324 scribi
1629 2279 1870 2341 oportere
1912 2272 2084 2343 palam
2123 2283 2239 2337 est,
2282 2275 2357 2328 id-

393 2379 495 2434 que
543 2361 667 2414 olim
713 2359 1063 2414 Leunclavius
1110 2361 1291 2430 reponi
1346 2359 1538 2422 iussit,
1593 2358 1682 2412 sed
1727 2376 1879 2413 nemo
1921 2367 2064 2414 lecte
2121 2358 2415 2416 monenti*

391 2451 738 2520 obtemperat.
819 2447 950 2514 Quis
993 2449 1162 2501 nescit
1201 2447 1294 2511 πρό
1334 2453 1385 2500 et
1426 2447 1546 2514 πρός
1588 2448 1640 2499 10
1691 2448 1865 2501 veihis
1903 2450 2208 2519 compositis
2247 2468 2359 2521 per-

392 2546 551 2611 petuo
605 2540 743 2590 inter
789 2553 844 2589 se
899 2535 1233 2606 permutari?
1314 2535 1499 2606 Itaque
1552 2542 1672 2588 utra
1726 2537 1795 2588 sit
1841 2537 2035 2607 ubique
2091 2539 2358 2608 scriptura

390 2629 566 2681 verior
601 2643 660 2678 ex
691 2627 950 2694 cuiusque
987 2624 1087 2677 loci
1125 2624 1385 2678 sententia
1423 2632 1473 2678 et
1514 2641 1611 2677 usu
1651 2623 1929 2694 loquendi,
1975 2641 2076 2678 non
2114 2642 2177 2678 ex
2207 2626 2358 2680 libris

392 2713 822 2768 constituendum
867 2721 960 2766 est.
1043 2712 1180 2778 Quid
1234 2721 1411 2766 autem
1467 2714 1668 2765 certius
1724 2721 1804 2766 est
1845 2730 2002 2783 quam
2046 2716 2200 2780 κρίσιν
2243 2735 2356 2781 προ·
2417 2731 2419 2734 ’

390 2803 614 2863 τιθέναι,
668 2802 908 2867 προύτέθη
963 2802 1156 2868 κρίσις,
1210 2802 1414 2868 κρίσεως
1473 2802 1790 2867 προτεθείσης
1828 2803 1882 2875 in
1927 2802 2018 2854 tali
2071 2818 2130 2855 re
2170 2810 2220 2856 et
2272 2803 2357 2857 de·
2392 2822 2418 2850 -ι

390 2892 514 2946 bere
551 2890 652 2942 (lici
697 2897 747 2942 et
789 2889 992 2943 solere?
1077 2889 1241 2943 Vetus
1275 2889 1373 2942 hoc
1409 2889 1660 2957 mendum
1704 2888 2037 2959 Xenophonti
2080 2890 2358 2946 inolevisse

389 2985 608 3050 apparet
659 2993 722 3030 ex
778 2976 919 3029 Stoh.
978 2976 1155 3030 Floril.
1196 2983 1299 3042 40,
1341 2982 1447 3041 44,
1500 2977 1591 3031 ubi
1646 2978 1893 3031 Nicolaus
1953 2978 2355 3052 (Dainascenus)
2405 2969 2424 3048 ,ζ

389 3067 499 3135 περὶ
542 3068 656 3119 ἐθῶν
704 3080 765 3117 ex
808 3064 906 3117 hoc
948 3066 1059 3134 ipso
1102 3066 1464 3137 Xenophontis
1512 3065 1686 3120 libello
1736 3066 1988 3119 nonnulla
2043 3067 2096 3118 in
2141 3066 2354 3122 brevius

388 3161 661 3210 contracta
714 3152 1013 3222 excerpsit,
1069 3154 1122 3205 in
1178 3154 1372 3223 quibus
1413 3161 1465 3207 et
1520 3154 1649 3207 haec
1705 3161 1862 3208 sunt:
1923 3155 2134 3221 αἰσχρὸν
2176 3157 2218 3208 δ’
2277 3155 2352 3213 ἐς)
2401 3140 2420 3207 ;ἶ’

385 3247 559 3300 δειλῶν
604 3241 831 3315 (corrige
870 3239 1036 3312 δειλῷ)
1079 3242 1319 3302 σύσκηνον
1354 3243 1382 3304 ἢ
1424 3244 1800 3307 συγγυμναςην
1837 3243 1864 3304 ἢ
1905 3244 2057 3309 φίλον
2096 3243 2348 3306 γενέσθαι.
2392 3267 2436 3290 v

389 3332 529 3406 (vide
570 3331 658 3383 IX.
703 3327 774 3401 4.)
832 3329 988 3395 κρίσις
1030 3330 1080 3382 δὲ
1121 3337 1238 3389 ταῖς
1279 3331 1558 3396 γεροντίαις
1600 3329 1683 3382 ἐπὶ
1734 3331 1802 3396 τῷ
1844 3329 2062 3395 τέρματι
2102 3334 2190 3383 τοῦ
2233 3332 2346 3396 βίου
2392 3314 2425 3408 if

387 3419 791 3488 προστίθεται
851 3425 955 3477 τοῖς
1014 3438 1072 3470 τε
1117 3415 1172 3470 εὖ
1227 3418 1254 3480 ἢ
1309 3423 1474 3477 κακῶς
1534 3417 1763 3484 ζήσασιν.
1861 3417 2019 3471 Vides
2074 3417 2346 3475 Nicolaum
2396 3423 2398 3429 '

385 3505 746 3578 Xenophontis
780 3505 953 3559 locum
991 3506 1210 3558 minime
1252 3505 1574 3560 intellexisse
1611 3514 1661 3559 et
1698 3507 1875 3560 nescio
1912 3524 2045 3578 quas
2082 3507 2344 3573 γεροντίας
2427 3546 2429 3551 «

387 3597 712 3659 somniasse,
755 3593 948 3664 quibus
990 3594 1127 3647 vitae
1162 3594 1395 3648 rationes
1444 3594 1737 3649 reddendas
1783 3594 1960 3650 fuisse.
2042 3594 2346 3666 Lycurgum
2427 3601 2430 3646 ἕ

2407 2211 2423 2263 1’
