2436 4068
1279 184 1384 234 522

363 340 585 389 tenetur
622 330 921 409 manifesta.
1001 328 1300 382 cantharus
1341 328 1580 381 comicus
1636 328 1775 398 apud
1815 329 2007 385 Athen.
2063 347 2112 401 p.
2153 334 2237 383 11.
2280 329 2333 382 C.

669 422 841 474 οὐκοῦν
881 416 1254 484 ἀκρατισώμεθ’
1293 417 1470 469 αὐτοῦ.
1510 424 1565 468 Β.
1606 415 1876 481 μηδαμῶς.

670 507 719 559 ἕν
758 505 942 572 Ἰσθμῷ
982 503 1086 571 γαρ
1126 504 1449 570 άριςήσομεν.

366 597 490 667 quis
530 593 796 648 dubitabit
830 593 960 663 quin
1002 607 1188 645 verum
1230 591 1300 644 sit
1338 593 1378 664 {1
1394 591 1593 655 σθμοῖ
1627 590 1731 656 γάρ
1771 591 2116 658 άριςήσομενῖ

445 683 503 737 In
546 680 748 736 Hellen.
782 679 895 733 VII.
939 696 987 732 V.
1033 682 1119 732 18.
1177 680 1410 744 ἡγήσατο
1464 678 1842 749 interpolatum
1896 695 2010 732 esse
2047 677 2217 732 videri
2254 696 2340 733 su-

369 786 466 840 pra
518 767 915 823 admonuimus
1011 766 1411 822 Graeculizvnon
1469 767 1600 820 satis
1655 765 2024 836 intelligebant
2078 765 2340 837 quomodo

368 864 588 928 repente
627 855 958 910 constructio
998 861 1334 919 mutaretur,
1387 855 1569 925 itaque
1614 855 2100 909 comminiscuntur
2138 852 2342 924 aliquid

365 943 510 1016 quod
564 945 766 1016 requiri
807 942 1052 997 videatur
1106 942 1172 997 ad
1212 943 1507 996 orationem
1549 941 1893 998 fulciendam.
1973 942 2017 996 A
2056 942 2339 1014 participio

366 1032 678 1101 λογιζομένῳ
730 1030 960 1103 pendere
1015 1037 1067 1085 et
1118 1030 1193 1086 ὅτι
1245 1030 1555 1085 ἀναλύσοιτο
1615 1036 1668 1084 et
1724 1032 1888 1094 καλὴν
1945 1032 2037 1093 τὴν
2094 1030 2340 1091 τελευτὴν

364 1119 569 1175 ἔσεσθαι
627 1126 679 1174 et
736 1135 797 1173 ea
837 1136 932 1190 per
968 1118 1066 1185 μέν
1102 1149 1179 1160 -
1215 1119 1268 1173 δέ
1317 1119 1460 1174 inter
1498 1134 1555 1173 se
1604 1118 1847 1172 connecti
1898 1134 2000 1171 non
2047 1133 2339 1188 concoque-

363 1207 509 1264 bant.

442 1296 596 1351 Ferri
640 1296 808 1367 igitur
855 1302 1064 1366 poterat
1100 1293 1239 1366 quod
1287 1294 1466 1349 editur
1498 1293 1586 1348 IV.
1630 1311 1704 1348 ιιι.
1752 1299 1799 1347 1.
1853 1292 2115 1359 άγγέλλει
2154 1290 2229 1347 ἔτι
2270 1313 2339 1346 νι-

369 1385 493 1452 κῷεν
526 1416 602 1424 —
633 1383 720 1438 καὶ
763 1384 931 1436 αὐτῶν
970 1383 1066 1447 μὲν
1109 1382 1433 1437 τεθνάναι
1474 1383 1631 1446 ὀκτὼ,
1671 1387 1768 1436 τῶν
1808 1381 1860 1435 δὲ
1902 1380 2160 1446 πολεμίων
2196 1400 2342 1446 παμ-

368 1474 618 1536 πληθεῖς,
671 1469 763 1525 sed
810 1476 1010 1540 quanto
1050 1470 1363 1524 concinnior
1402 1470 1550 1524 locus
1589 1469 1693 1524 erit
1732 1472 1775 1522 si
1823 1486 1917 1541 pro
1967 1469 2204 1523 τεθνάναι
2259 1484 2341 1522 re·

368 1576 629 1634 ponemus
682 1559 939 1621 τεθναῖεν,
992 1573 1129 1628 quae
1182 1557 1351 1611 forma
1410 1558 1584 1612 rarior
1638 1565 1692 1611 et
1747 1556 1873 1611 solis
1924 1555 2341 1612 Atheniensibus

367 1646 764 1719 antiquioribus
804 1645 1018 1716 propria
1060 1643 1313 1698 facillimo
1361 1645 1573 1716 negotio
1612 1646 1666 1698 in
1716 1646 2050 1700 notissimam
2101 1644 2338 1700 τεθνάναι

368 1736 541 1807 potuit
578 1734 874 1806 depravari.
954 1733 1208 1804 Compara
1250 1732 1424 1787 locum
1461 1733 1692 1788 similem
1728 1733 1815 1788 1V.
1858 1752 1931 1788 111.
1977 1739 2062 1789 10.
2104 1735 2338 1799 ἠγγέλθη

367 1823 443 1878 ὅτι
483 1823 751 1889 ἡττημένοι
786 1818 884 1876 εἶεν
906 1853 979 1861 -
1001 1821 1086 1875 καὶ
1124 1822 1145 1874 ὂ
1174 1821 1476 1887 Πείσανδρος
1506 1822 1740 1886 τεθναίη,
1780 1828 1834 1876 et
1865 1821 2204 1876 simillimum
2224 1822 2340 1876 VII.

368 1929 402 1965 1.
446 1915 536 1967 5⁶2..
590 1911 828 1978 ἔπεμψεν
884 1910 1055 1964 οἴκαδε
1113 1912 1453 1974 ἀγγελοῦντα
1492 1907 1567 1964 ὅτι
1621 1912 2041 1977 Λακεδαιμονίων
2091 1912 2185 1976 μὲν
2230 1911 2341 1966 οὐδὲ

369 1996 440 2061 εἷς
479 1999 717 2063 τεθναίη,
755 2003 853 2052 τῶν
889 1999 939 2052 δὲ
980 1998 1238 2062 πολεμίων
1276 2000 1631 2063 παμπληθεῖς.

445 2087 581 2143 lbid.
617 2086 731 2142 VII.
773 2104 820 2140 v.
865 2089 952 2140 26.
1013 2085 1171 2146 οὐδεὶς
1212 2083 1326 2158 ,[ἧν]
1365 2083 1469 2147 δ’ςις
1518 2089 1606 2142 οὐκ
1647 2085 1805 2154 ᾤετο,
1862 2087 2122 2141 usitatum
2163 2093 2246 2141 est
2287 2087 2341 2141 in

369 2175 568 2230 talibus
607 2175 663 2240 ἦν
701 2175 966 2228 omittere.

449 2263 601 2332 Quod
642 2264 696 2316 in
741 2261 843 2316 fine
884 2261 1060 2331 operis
1100 2259 1299 2331 legitur
1336 2260 1447 2326 ἐμοὶ
1487 2261 1581 2326 μὲν
1618 2262 1677 2323 δη
1718 2261 1875 2330 μέχρι
1916 2261 2097 2317 τούτου
2146 2261 2347 2329 γραφέ-

374 2354 471 2406 σθω
522 2369 625 2405 υοη
672 2367 787 2405 esse
828 2356 975 2402 recte
1015 2355 1068 2401 et
1109 2355 1360 2402 accurate
1399 2349 1692 2419 cogitatum
1742 2357 1795 2404 et
1831 2350 2036 2405 dictum
2080 2350 2347 2420 perspexit

376 2438 725 2494 Leonclavius
766 2437 1045 2491 verissime
1084 2436 1368 2505 γεγράφθω
1411 2437 1719 2506 corrigenS,
1773 2440 1861 2492 cui
1901 2438 2103 2493 dudum
2146 2437 2346 2491 obtem-

379 2533 626 2598 peratum
663 2525 922 2598 oportuit.
983 2524 1114 2592 Quis
1152 2523 1287 2578 serat
1325 2523 1588 2578 dicentem
1631 2525 1716 2579 καὶ
1746 2526 1922 2580 ταῦτά
1960 2548 2044 2593 μοι
2078 2527 2234 2581 ἱκανά
2266 2538 2350 2580 λε-

377 2615 544 2680 γέσθω
599 2630 696 2685 pro
743 2615 980 2681 εἰρήσθω,
1035 2619 1128 2666 aut
1176 2611 1349 2666 simile
1399 2612 1528 2684 quid
1569 2613 1622 2666 in
1663 2631 1722 2668 re
1762 2631 1981 2686 prorsus
2019 2614 2259 2669 absoluta
2299 2621 2352 2668 et

382 2702 448 2756 ad
490 2701 649 2756 finem
692 2700 983 2772 perducta?
1066 2700 1382 2754 Rectissime
1416 2701 1677 2771 scriptum
1715 2709 1796 2756 est
1836 2703 1889 2756 in
1931 2703 2061 2758 Hell.
2095 2703 2156 2758 V.
2200 2720 2255 2757 11.
2296 2707 2349 2757 6.

383 2790 470 2844 καὶ
520 2794 670 2844 τοῦτο
723 2789 818 2854 μὲν
858 2790 1061 2857 εἰρήσθω
1098 2788 1246 2853 μέγα
1278 2790 1545 2855 τεκμήριον
1584 2791 1925 2859 πειθαρχίας,
1966 2797 2018 2845 et
2055 2807 2349 2863 numquam

383 2893 556 2950 neque
597 2876 888 2949 Xenophon
941 2893 1112 2948 neque
1170 2875 1421 2930 Veterum
1464 2877 1746 2948 quisquam
1792 2880 1846 2932 in
1900 2877 2095 2932 talibus
2144 2896 2351 2936 errave·

380 2967 471 3020 rit.

459 3053 704 3106 Poteram
763 3069 906 3106 nunc
960 3059 1013 3106 et
1067 3053 1180 3123 ipse
1233 3051 1502 3106 Hellenica
1542 3051 1809 3124 deponens
1860 3053 1926 3108 de
1977 3055 2227 3111 manibus
2276 3058 2349 3112 ita

384 3140 563 3195 dicere
601 3139 712 3204 ἐμοὶ
747 3141 842 3202 μὲν
883 3142 940 3202 δὴ
979 3140 1137 3207 μέχρι
1176 3141 1356 3194 τούτου
1393 3140 1711 3210 γεγράφθω,
1766 3139 1858 3195 sed
1898 3158 2003 3196 una
2043 3159 2128 3197 res
2173 3162 2355 3216 super-

381 3235 463 3283 est
503 3243 639 3300 quae
673 3227 979 3299 properanti
1021 3244 1242 3282 manum
1296 3228 1501 3282 iniicit:
1557 3228 1737 3298 itaque
1772 3234 1894 3282 utar
1934 3228 2032 3285 hac
2073 3233 2354 3289 occasione

385 3323 448 3373 ut
482 3315 547 3371 de
587 3331 648 3371 ea
687 3330 745 3369 re
782 3331 951 3386 pauca
993 3314 1189 3371 dicam.
1272 3314 1488 3381 Quoties
1527 3321 1581 3368 et
1619 3314 1888 3370 Hellenica
1929 3325 1981 3371 et
2016 3319 2222 3391 reliqua
2254 3321 2353 3377 Xe-

383 3404 670 3477 nophontis
710 3401 911 3473 scripta
951 3401 1126 3472 relego
1172 3402 1366 3473 passim
1411 3401 1833 3458 animadvertere
1875 3405 2014 3461 soleo
2067 3424 2227 3478 quam
2270 3426 2353 3463 ve-

383 3492 660 3549 liementer
694 3489 964 3561 corruptis
997 3490 1365 3562 Xenophontis
1405 3488 1685 3545 Codicibus
1720 3497 1953 3546 utamur.
2035 3494 2354 3567 Saepissime
