2436 4068
1048 156 1148 207 801

108 302 416 360 Aristoteles
455 320 487 357 a
535 298 860 357 Schneidero
899 297 1146 353 laudatus
1185 297 1400 352 Rhetor.
1440 298 1534 354 ΙΙΙ.
1580 315 1626 352 v.
1671 302 1736 353 4:
1778 300 1932 369 τύχοι
1974 302 2079 368 γὰρ

106 391 172 446 ἄν
211 413 289 452 τις
330 392 381 446 ἐν
419 397 523 452 τοῖς
562 391 865 456 apramon-
916 385 1072 454 άρτιά
1113 389 1140 451 ἢ
1182 386 1402 454 περισσά
1447 387 1598 440 εἰπὼν
1634 390 1838 453 μάλλον
1874 390 1902 452 ἢ
1942 387 2079 443 πόσοι

107 479 241 547 ἔχει.
318 477 519 532 Eadem
571 493 730 548 opera
778 476 1044 546 corrigam
1091 473 1390 529 Aristotelis
1443 473 1608 528 alium
1663 474 1840 530 locum
1892 475 1958 531 ab
1998 493 2081 531 eo-

107 566 229 621 dem
279 564 606 621 Schneidero
654 563 948 618 indicatum
1001 564 1065 617 de
1119 563 1429 617 divinatione
1487 564 1802 618 somniorum
1855 580 1970 636 cap.
2014 567 2081 617 2:

106 654 192 709 διά
226 654 278 708 δὲ
318 655 377 709 τὸ
418 653 595 708 πολλοὶ
634 652 721 706 καὶ
759 651 1075 705 παντοδαπά
1132 651 1374 704 κινεῖσθαι
1424 651 1862 719 ἐπιτυγχάνουσιν
1914 650 2080 720 ὥσπερ

107 741 220 796 ἔνιοι
253 740 408 809 ἄρτιοι
446 740 733 808 μερίζοντες
772 738 1084 806 ἁρπάζουσιν
1107 756 1119 767 ·
1160 736 1325 806 ὥσπερ
1364 737 1469 804 γάρ
1502 738 1758 804 λέγεται,
1797 739 1862 795 ἂν
1902 740 2082 795 πολλοὶ

106 829 280 898 βάλῃς
335 827 521 883 ἄλλοτ’
571 829 779 882 &morou
832 828 1022 892 βαλεῖς
1066 826 1153 880 καὶ
1210 826 1293 879 ἐπὶ
1343 825 1535 881 τούτων
1585 832 1734 883 τοῦτο
1782 829 2079 894 συμβαίνει.

106 918 270 972 Recte
310 914 703 972 Schneiderus:
761 913 927 982 ὥσπερ
969 913 1081 968 ἔνιοι
1128 912 1453 982 άρτιάζοντες
1507 922 1773 986 expuncto
1825 916 2078 985 άρπάζου-

106 1025 202 1059 σιν.
301 1003 425 1058 Vidi
478 1019 879 1074 nonnumquam
938 1001 1197 1070 ἁρπάζειν
1252 1008 1306 1055 et
1360 1000 1609 1069 ἁρπάζειν
1667 1002 1884 1058 confusa
1937 1022 1985 1058 v.
2034 1022 2080 1060 c.

104 1091 247 1164 apud
286 1092 507 1147 Dionem
548 1089 822 1164 Chrysost.
854 1089 1044 1146 XXVI.
1088 1107 1138 1161 p.
1177 1092 1303 1144 526.
1357 1089 1419 1142 R.
1464 1093 1591 1144 351.
1629 1090 1880 1162 Emper.:
1921 1091 2080 1147 libra-

104 1181 174 1235 rii
212 1178 347 1234 nihil
380 1179 678 1250 cogitantes
711 1184 1097 1233 APTIAZEIN
1129 1183 1182 1231 et
1213 1184 1574 1232 APIIAZEIN
1606 1176 1936 1249 distinguere
1974 1196 2080 1233 non

104 1274 346 1341 possunt.
427 1266 528 1322 Sed
588 1265 718 1322 latet
775 1272 1049 1338 praeterea
1101 1264 1243 1336 apud
1289 1264 1631 1321 Aristotelem
1685 1267 1865 1322 nescio
1923 1268 2079 1323 cuius

103 1356 382 1412 senarius:

407 1441 471 1496 ἂν
511 1442 689 1497 πολλὰ
722 1441 934 1514 βάλλῃς
972 1439 1158 1496 ἄλλοτ’
1196 1442 1403 1496 άλλοῖον
1438 1442 1649 1509 βαλεῖς.

104 1550 167 1587 ex
203 1531 383 1603 aliquo
425 1537 580 1603 poeta
619 1530 830 1585 Comico
875 1536 1103 1585 sumtus.

179 1624 411 1695 Reperta
451 1620 619 1692 igitur
659 1617 800 1691 apud
855 1616 1259 1689 Xenophontem
1311 1634 1438 1673 vera
1491 1618 1761 1690 scriptura
1812 1616 1966 1673 ὁπότε
2008 1638 2076 1684 γε

102 1712 190 1767 καὶ
236 1711 279 1766 οἱ
331 1709 519 1769 παῖδες
574 1704 699 1761 ὅταν
751 1705 970 1774 πάίζωσι
1026 1706 1307 1761 ποσίνδά
1358 1706 1603 1762 δύνανται
1654 1708 1931 1770 (ἑποιτᾶν,
1970 1724 2075 1762 non

102 1798 296 1855 inutile
333 1798 438 1853 erit
470 1793 897 1851 animadvertere
928 1793 1191 1866 quomodo
1230 1793 1420 1848 vitiosa
1453 1794 1713 1849 librorum
1752 1794 1912 1849 lectio
1950 1801 2078 1850 nata

102 1888 191 1942 sit.
270 1885 471 1957 Nempe
509 1900 573 1938 ex
621 1869 898 1938 ΠΟΣΪΔΑ
938 1882 1147 1953 stipites
1190 1881 1425 1953 primum
1465 1882 1582 1937 ποσὶ
1618 1881 1918 1948 dederunt,
1959 1889 2076 1938 tum

101 1973 242 2047 quod
286 1978 565 2047 supererat
605 1988 772 2043 quum
818 1971 861 2025 δ’
901 1969 938 2025 ἅ
978 1986 1094 2025 esse
1132 1976 1384 2041 putarent
1422 1970 1768 2043 expleverunt.
1817 1970 1883 2026 de
1930 1988 2080 2026 more

101 2063 288 2118 elisam
328 2061 564 2117 vocalem
617 2067 670 2114 et
724 2060 802 2114 sic
858 2056 981 2114 ὅταν
1037 2057 1257 2126 wizam
1314 2058 1455 2113 ποσὶ
1509 2059 1569 2113 δὲ
1622 2056 1659 2114 ά
1711 2059 2079 2132 Xenophontis

99 2151 265 2206 libros
300 2151 585 2223 inquinare
636 2147 846 2219 coepit,
901 2145 1042 2218 quod
1084 2145 1428 2200 memorabile
1467 2147 1770 2218 exemplum
1817 2153 1900 2202 est
1938 2147 2080 2203 unde

100 2239 277 2295 discas
311 2237 475 2293 simul
517 2253 679 2309 quam
732 2234 996 2290 absurdae
1046 2233 1348 2289 scribarum
1399 2233 1843 2291 hallucinationes
1883 2252 1980 2290 nos
2021 2236 2078 2290 in

99 2327 356 2383 Veterum
394 2324 549 2380 libris
582 2322 928 2378 ludificentur
967 2329 1019 2377 et
1053 2339 1215 2395 quam
1254 2329 1402 2378 certa
1434 2322 1805 2378 emendatione
1844 2322 1899 2377 id
1935 2322 2076 2395 quod

102 2432 288 2471 verum
330 2415 401 2469 sit
438 2428 715 2484 emergere
754 2410 1038 2483 aliquando
1080 2412 1266 2483 possit.

174 2505 274 2558 Καὶ
326 2506 502 2557 ταῦτα
541 2501 635 2567 μὲν
680 2501 763 2575 (ut
813 2498 1177 2571 Xenophontis
1217 2497 1391 2553 verbis
1431 2497 1497 2553 de
1547 2498 1623 2553 Re
1676 2498 1929 2570 Equestri
1957 2498 2071 2554 XII.

103 2597 190 2648 14.
231 2589 566 2663 concludam)
608 2589 694 2645 καὶ
732 2589 1087 2654 ὑπομνήματά
1121 2588 1207 2642 καὶ
1253 2588 1550 2655 μαθήματά
1590 2586 1677 2642 καὶ
1718 2587 2073 2654 μελετήμάτά

98 2680 384 2750 γεγράφθω
436 2681 573 2745 ἡμῖν.
