2436 4068
1293 232 1398 286 614

346 379 447 434 viri
502 378 643 434 (loeti
686 386 954 450 expuncto
994 379 1164 433 altero
1215 378 1446 433 articulo
1487 380 1509 431 ὁ
1553 382 1723 447 πατὴρ
1764 382 2168 447 ἐπιμελούμενος
2219 382 2329 437 κτὲ.
2411 431 2416 449 2

345 467 688 524 scribendum
729 483 844 520 esse
879 475 1225 521 censuerunt.
1309 467 1457 534 Quod
1491 466 1904 523 Schneideruso‘
1943 471 2114 537 πατὴρ
2154 472 2179 522 ὁ
2211 471 2333 535 ἐμός

344 556 573 610 coniecit
621 554 750 608 ferri
793 571 894 606 non
939 562 1112 625 potest
1156 555 1221 609 ob
1256 572 1548 626 pronomen
1592 576 1662 622 με
1710 555 1993 611 additum:
2039 558 2092 610 in
2136 557 2333 611 talibus
2411 574 2422 632 ³}

344 645 612 710 ὁπατήρ,
670 644 944 709 ἡμήτηρ,
985 643 1008 695 ὃ
1051 643 1153 704 υἱός
1208 652 1260 697 et
1321 643 1519 696 similia
1580 644 1759 697 omnia
1814 644 2122 714 significant
2187 662 2331 698 meus

343 738 532 801 pater,
573 749 686 783 mea
727 737 936 792 mater,
976 748 1123 783 meus
1166 731 1308 784 lilius
1334 773 1346 792 ,
1387 738 1521 792 eet.;
1567 738 1625 784 ut
1665 732 1718 784 in
1763 730 2047 788 Oeconom.
2084 732 2198 787 VII.
2244 737 2331 786 14.
2418 723 2420 726 ’

343 819 465 883 ἐμὸν
505 819 549 872 δ’
589 817 782 886 ἔφησεν
825 820 853 880 ἡ
893 819 1062 886 μήτηρ
1102 818 1244 886 ἔργον
1294 816 1424 872 εἶναι
1477 824 1768 887 σωφρονεῖν.
1848 821 1956 874 Ναὶ
2010 821 2093 886 μα
2147 821 2257 884 Δί’,
2298 819 2332 874 ὦ
2398 809 2418 841 *⁷

343 907 531 972 γύναι,
572 906 660 960 καὶ
701 906 806 971 γαρ
848 906 958 969 ἐμοὶ
1002 908 1027 958 ὁ
1068 909 1257 973 πατήρ.
1340 906 1518 960 Alexis
1558 907 1816 961 Athenaei
1862 925 1909 978 p.
1947 911 2074 962 244.
2117 908 2178 963 E.

504 993 764 1061 Στράτιε,
805 998 983 1063 φιλεῖς
1023 994 1183 1056 δήπου
1222 1015 1325 1060 με;
1369 1025 1444 1037 --
1482 999 1690 1061 μᾶλλον
1730 1001 1847 1050 τοῦ
1889 996 2179 1063 πατρός,

486 1083 509 1134 ὃ
549 1082 644 1146 μὲν
682 1082 789 1149 γὰρ
829 1083 884 1136 οὐ
925 1082 1103 1150 τρέφει
1143 1103 1243 1147 με,
1287 1083 1350 1135 σὺ
1389 1083 1440 1135 δὲ
1479 1091 1652 1144 καλῶς
1692 1083 1918 1152 τρέφεις.

343 1170 378 1222 i.
414 1185 459 1224 e.
495 1169 622 1242 plus
663 1186 1041 1240 quam-meum
1070 1178 1312 1240 patrem:
1355 1170 1529 1224 obiter
1568 1179 1812 1225 correcto
1853 1178 2082 1225 accentu
2122 1177 2176 1226 et
2209 1169 2333 1226 sub-

341 1257 452 1311 lata
506 1257 871 1326 interrogandi
917 1265 1039 1310 nota
1082 1256 1289 1310 scribe:
1333 1258 1589 1324 Στρατίε,
1629 1263 1806 1327 φιλεῖς
1847 1260 2007 1322 δήπου
2059 1279 2145 1323 με.
2229 1257 2333 1312 Sed

342 1345 708 1415 exemplorum
755 1345 951 1414 ubique
991 1351 1071 1398 est
1112 1343 1336 1398 affatim.
1419 1345 1615 1399 Utilius
1652 1353 1734 1400 est
1767 1364 1832 1401 ex
1868 1363 1930 1401 ea
1966 1347 2335 1400 observatione

340 1432 582 1486 locorum
622 1431 978 1501 quorumdam
1034 1431 1206 1485 labem
1251 1431 1652 1502 deprehendere
1693 1442 1746 1489 et
1787 1451 1996 1489 sanare.
2081 1434 2142 1487 In
2183 1433 2333 1488 Nieo·

341 1519 521 1574 machi
562 1518 863 1589 fragmento
903 1518 1044 1590 apud
1091 1519 1423 1573 Athenaeum
1482 1537 1531 1591 p.
1575 1525 1646 1576 58
1690 1523 1747 1575 A.
1791 1522 1876 1577 edi
1922 1521 2103 1576 video:

649 1607 884 1661 Οὐσίδιον
925 1607 1030 1675 γαρ
1073 1607 1456 1668 καταλιπόντος
1499 1629 1583 1673 μοι
1626 1609 1856 1677 πατρός,

343 1695 484 1768 quod
524 1694 808 1749 manifesto
851 1694 1166 1748 mendosum
1217 1702 1332 1750 est:
1391 1698 1692 1766 requiritur
1733 1699 1875 1751 enim
1917 1699 1941 1751 o‘
1981 1699 2153 1764 πατὴρ
2194 1698 2331 1753 οὖα-ι’·
2392 1695 2394 1697 ’

341 1785 443 1840 διόν
482 1804 567 1851 μοι
606 1783 910 1838 κατέλιπεν.
989 1783 1048 1836 In
1085 1783 1240 1837 libris
1286 1790 1369 1838 est
1417 1786 1800 1845 καταλιπόντος
1840 1807 1925 1851 μοι
1965 1790 2053 1840 τοῦ
2097 1785 2327 1854 πατρός,
2415 1833 2431 1859 3,

345 1873 486 1928 unde
525 1872 723 1926 dixisse
763 1871 1039 1925 Gomieum
1083 1871 1348 1925 arbitror:

647 1960 860 2015 οὖα-ἴδιόν
897 1981 983 2026 μοι
1025 1959 1410 2021 καταλιπόντος
1450 1965 1539 2015 τοῦ
1580 1961 1794 2029 πατρός.
2412 2027 2413 2030 ¹

343 2052 541 2120 Aperta
606 2047 756 2101 fraus
811 2055 891 2102 est
950 2050 1005 2102 in
1074 2049 1396 2121 Antiphanis
1469 2048 1772 2120 fragmento
1837 2050 1978 2122 apud
2045 2050 2332 2106 Stohaeum

343 2136 524 2192 Floril.
567 2135 801 2191 LXXIX.
847 2140 897 2189 7.
2406 2135 2423 2142 ”

646 2222 752 2284 ὅςις
793 2225 900 2290 γὰρ
942 2223 1196 2289 ὁμόλογόν
1236 2246 1287 2279 τι
1328 2227 1402 2291 μὴ
1445 2233 1585 2281 ποιεῖ
1619 2227 1811 2293 πατρί,
2383 2284 2405 2303 7,

343 2312 432 2368 sed
469 2319 846 2384 praeterquam
891 2312 1030 2382 quod
1073 2315 1143 2380 τῷ
1187 2315 1347 2380 πατρί
1383 2315 1709 2385 requiritur,
1756 2322 1809 2369 et
1848 2314 2098 2380 ὁμόλογον
2140 2332 2331 2370 corru-
2381 2315 2402 2358 ·'

341 2409 495 2472 ptum
540 2407 622 2454 est
661 2408 712 2454 et
754 2402 828 2465 μὴ
871 2407 1009 2454 ποιεῖ
1047 2401 1164 2473 (pro
1211 2403 1268 2455 οὐ
1312 2401 1507 2474 ποιεῖ),
1565 2409 1627 2456 ut
1682 2403 1926 2473 suspicer
1974 2409 2204 2458 veterem
2261 2404 2332 2458 la·
2376 2408 2423 2485 ²3

343 2506 539 2543 cunam
581 2506 612 2543 a
652 2488 816 2542 sciolo
861 2497 1153 2559 utcumque
1208 2490 1475 2560 expletam
1535 2506 1652 2544 esse
1698 2498 1752 2544 et
1807 2489 1983 2544 locum
2028 2507 2144 2546 esse
2188 2493 2328 2546 insa·
2379 2494 2392 2564 ᾖ

345 2577 595 2631 nabilem.
676 2578 735 2630 In
768 2576 902 2632 'loco
951 2576 1349 2630 Anaxandridis
1402 2577 1542 2648 apud
1594 2577 1739 2631 Stoi).
1783 2578 1966 2633 Floril.
2003 2579 2234 2636 LXXIV.
2286 2589 2328 2634 l.
2371 2566 2421 2630 ‚f

647 2667 900 2728 Χαλεπή,
937 2666 1079 2730 λέγω
1121 2685 1228 2728 σοι,
1269 2665 1356 2718 καὶ
1400 2665 1721 2733 προσάντης,
1761 2663 1797 2720 ὦ
1837 2667 2009 2721 τέκνον
2033 2709 2045 2730 ,

647 2755 754 2814 ὁδός
795 2755 927 2817 ἐςιν,
967 2755 1032 2814 ὡς
1073 2754 1159 2808 τὸν
1200 2754 1384 2821 πατέρ’
1425 2755 1672 2808 ἀπελθεῖν
1711 2754 1884 2810 οἴκαδε

648 2845 770 2908 παρ’
810 2842 984 2908 ἀνδρός
1008 2883 1023 2905 ,
1063 2841 1173 2906 ἥτις
1214 2842 1291 2899 ἕςὶ
1333 2843 1526 2908 κοσμία
1566 2844 1715 2908 γυνή.

344 2928 740 2985 emendandum
775 2937 858 2982 est
895 2929 1039 2996 παρα
1095 2930 1402 2997 τάνδρός,
1455 2949 1487 2984 a
1525 2931 1638 2985 viro
1678 2948 1804 2984 suo:
1849 2931 2078 2985 maritus
2121 2932 2263 2986 enim
2305 2933 2329 2987 ὃ

341 3019 466 3085 ἀνήρ
524 3014 688 3090 (οὶνήρ)
750 3016 983 3079 dicitur,
1040 3023 1094 3071 et
1148 3021 1351 3082 uxori
1407 3021 1568 3084 γυνήε
1625 3020 1831 3085 γυναικὶ
1885 3021 1960 3085 μὴ
2013 3020 2191 3077 πίςενε
2247 3027 2331 3075 est

342 3105 602 3179 foeminae
639 3103 748 3156 noli
793 3105 1035 3167 eredere,
1077 3105 1169 3159 sed
1208 3103 1342 3167 ὅπως
1383 3109 1458 3174 μὴ
1500 3109 1626 3174 ἐρεῖς
1664 3115 1730 3175 τῇ
1782 3107 1995 3171 γυναικί
2028 3125 2149 3161 eave
2182 3107 2327 3163 dieas
2362 3124 2374 3147 ’ν’
2430 3140 2433 3147 ,

341 3194 500 3247 umori
539 3200 690 3254 tuae,
731 3198 785 3245 et
828 3191 1092 3246 latissime
1136 3192 1224 3248 hie
1267 3211 1400 3249 usus
1447 3201 1626 3266 patet,
1679 3211 1839 3266 quem
1892 3195 1969 3249 sie
2014 3196 2146 3249 satis
2192 3195 2376 3277 indi-223:
2429 3185 2433 3245 ἶ

343 3297 491 3335 casse
530 3278 727 3332 videor.
2352 3275 2379 3392 ᾗ
2409 3279 2431 3348 j,

420 3369 481 3421 ln
533 3383 649 3437 cap.
692 3366 781 3420 III.
827 3370 878 3420 6.
934 3364 1079 3421 οἷο-θα
1127 3389 1176 3423 τι
1233 3367 1314 3424 οὖν
1368 3369 1498 3430 ἔθνος
1553 3371 1864 3438 ἠλιθιώτερον
1911 3372 2195 3438 ῥαψῳδῶν;
2253 3388 2333 3426 re·
2361 3358 2414 3417 4⁵

343 3455 567 3528 spondet
622 3454 936 3509 Niceratus:
990 3458 1043 3509 οὐ
1085 3456 1168 3520 μοὶ
1200 3457 1285 3510 τὸν
1331 3458 1455 3523 Δί’,
1506 3458 1679 3513 οὔκουν
1733 3458 1914 3524 ἔμοιγε
1963 3460 2164 3513 δοκεῖ.
2244 3459 2329 3513 In·
2366 3493 2395 3519 ,

343 3544 612 3613 telligisne
652 3559 790 3613 quae
833 3542 1008 3597 dicit?
1070 3543 1183 3596 Non
1226 3546 1430 3616 opinor.
1513 3546 1785 3618 Intelliges
1838 3553 2051 3611 autem,
2107 3546 2198 3600 ubi
2248 3562 2326 3602 re·

343 3631 648 3702 scripseris:
691 3629 865 3684 οὔκουν
908 3631 1085 3698 ἔμοιγε
1125 3632 1317 3698 δοκῶ,
1379 3652 1568 3708 nempe
1616 3635 1830 3699 εἰδέναι,
1893 3652 2028 3705 quae
2084 3641 2209 3689 nota
2247 3642 2333 3688 est.
2425 3667 2428 3677 ,

345 3718 660 3773 assentiendi
699 3716 885 3772 forma.

2403 0 2436 95 ιε

2410 347 2422 401 :⁴

2362 3418 2376 3435 ⁸!
