2436 4068
1261 221 1365 270 504

330 368 424 421 vit.
505 365 767 419 Admonet
811 381 893 418 me
937 362 1066 416 illud
1108 362 1424 416 vocabulum
1468 365 1764 434 turpissimi
1803 367 2025 429 erroris,
2066 368 2156 437 qui
2192 369 2305 438 pul-

330 453 661 507 cherrimum
703 450 1068 521 Xenophontis
1116 449 1292 503 locum
1342 451 1735 514 commaculat,
1787 470 1944 523 quem
1995 454 2121 525 quid
2163 463 2308 510 vetat

332 542 389 594 in
430 547 746 594 transcursu
786 537 1065 591 indicare?
1126 536 1347 606 Legitur
1382 539 1435 591 in
1479 538 1764 592 Hellenicis
1803 540 1892 594 IV.
1936 559 1968 594 1.
2012 545 2041 612 §
2083 546 2172 596 57.
2216 542 2307 596 ubi

329 627 709 682 Pharnabazus
757 626 1001 695 Agesilao
1042 623 1108 678 ad
1155 623 1506 680 defectionem
1547 643 1604 681 se
1644 627 1953 683 sollicitanti
1993 629 2307 684 candidissi-

331 731 420 770 me
472 715 548 768 sie
597 712 915 784 respondet:
970 714 1059 767 ἕαν
1111 713 1367 779 βασιλεὺς
1425 714 1588 769 ἄλλον
1633 715 1729 780 μὲν
1781 719 2039 783 ςρατηγὸν
2088 719 2307 787 πέμπῃ,

329 804 424 869 ἐμὲ
475 803 527 856 δὲ
582 803 794 865 ὑπήκοον
851 801 1038 855 ἐκείνου
1081 800 1287 871 τάττῃ,
1337 802 1662 869 βουλήσομαι
1723 805 1840 877 ὑμῖν
1880 804 1966 858 καὶ
2027 806 2180 874 φίλος
2220 807 2306 861 καὶ

328 891 618 957 σύμμαχος
677 885 842 942 εἶναι·
901 889 992 942 ἐὰν
1030 888 1204 953 μέντοι
1245 910 1328 955 μοι
1368 892 1460 953 τὴν
1515 892 1683 958 ἀρχὴν
1735 891 2034 963 προςαττῃ,
2082 894 2305 948 τοιοῦτόν

330 1000 425 1043 τι,
463 980 526 1039 ὥς
567 975 728 1040 ἔοικε,
767 977 1049 1046 φιλοτιμίαι
1094 976 1234 1041 ἐςὶν,
1287 975 1343 1032 εὖ
1380 979 1483 1046 χρὴ
1536 979 1718 1033 εἰδέναι
1758 977 1834 1034 ὅτι
1873 982 2150 1045 πολεμήσω
2189 984 2309 1047 ὑμῖν

333 1069 398 1127 ὡς
448 1064 512 1120 ἂν
557 1065 782 1131 δύνωμαι
834 1064 1008 1133 ἄριςα.
1086 1063 1198 1118 Non
1249 1071 1496 1136 poterat,
1557 1072 1619 1119 ut
1670 1068 1885 1137 opinor,
1939 1070 2177 1139 apertius
2230 1085 2311 1123 re·

333 1153 614 1226 spondere.
695 1152 912 1207 Dixerat
954 1161 1135 1206 autem
1175 1153 1285 1207 sic:
1327 1153 1417 1207 ἐὰν
1467 1153 1640 1220 μέντοι
1682 1155 1820 1219 ἐμοὶ
1860 1157 1952 1218 τὴν
1989 1158 2157 1223 ἀρχὴν
2194 1176 2309 1224 προ·

334 1240 541 1310 ςοὶττῃ,
593 1237 648 1294 εὖ
694 1241 797 1308 χρὴ
833 1241 1014 1295 εἰδέναι
1055 1242 1161 1295 κτὲ.
1244 1240 1347 1307 Qui
1399 1240 1529 1296 haec
1584 1242 1712 1296 olim
1767 1242 1975 1314 legebat
2015 1243 2154 1314 quod
2210 1244 2311 1298 sihi

337 1330 482 1383 inter
516 1326 800 1398 legendum
838 1335 1056 1383 venerat
1094 1331 1149 1382 in
1190 1337 1421 1384 mentem
1465 1330 1519 1382 in
1560 1329 1686 1383 libri
1735 1331 1822 1384 sui
1869 1347 1962 1385 ora
2006 1333 2313 1386 annotavit:

334 1417 557 1472 τοιοῦτόν
596 1437 678 1481 τι,
717 1419 781 1478 ὡς
823 1415 1014 1480 ἔοικεν,
1058 1420 1086 1480 ἦ
1126 1418 1407 1486 φιλοτιμίαι
1442 1418 1583 1480 ἐςίν,
1629 1417 1788 1489 idque
1830 1418 1999 1472 multo
2042 1421 2214 1490 magis
2247 1419 2313 1473 ad

337 1507 571 1578 priorem
608 1504 737 1558 dicti
778 1510 984 1576 partem
1029 1522 1189 1576 quam
1229 1505 1297 1560 ad
1338 1506 1687 1577 posteriorem
1729 1506 2059 1578 pertinebat,
2100 1515 2160 1561 ut
2206 1525 2315 1562 ma-

336 1591 596 1647 nifestum
652 1598 753 1646 est.
831 1591 1021 1657 Nunc,
1074 1600 1354 1664 postquam
1399 1611 1460 1648 ea
1499 1594 1942 1648 annotatiuncula
2000 1595 2055 1648 in
2107 1601 2314 1649 textum

337 1681 594 1752 irrepsit,
637 1678 1015 1734 Pharnabazus
1055 1681 1244 1735 stolide
1284 1698 1346 1735 ea
1386 1681 1581 1736 dixisse
1617 1682 1864 1746 videtur,
1907 1699 2045 1754 quae
2095 1682 2320 1754 quilibet

339 1769 478 1823 alius
518 1769 826 1824 mortalium
868 1769 923 1821 in
965 1769 1058 1823 tali
1096 1786 1155 1823 re
1201 1770 1380 1841 potius
1419 1786 1579 1840 quam
1630 1771 1744 1842 ipse
1802 1769 1980 1825 dicere
2030 1770 2317 1825 debuisset.

342 1856 401 1912 Si
454 1858 576 1929 quis
625 1856 691 1911 ad
739 1857 871 1911 haec
929 1856 1293 1928 Xenophontis
1340 1857 1540 1912 librum
1585 1858 1779 1912 evolvit
1827 1859 1878 1911 in
1935 1857 2118 1913 eadem
2170 1864 2322 1930 parte

341 1944 600 1999 historiae
637 1951 749 2000 tres
789 1944 921 1999 alios
961 1943 1304 2000 librariorum
1340 1962 1549 2000 errores
1597 1946 1776 2001 videat
1815 1962 1882 2000 an
1918 1962 2129 2000 mecum
2164 1963 2320 2017 agno-

342 2039 460 2087 scat
497 2038 556 2087 et'
600 2032 783 2087 eodem
825 2031 982 2086 modo
1020 2032 1304 2087 emendare
1345 2033 1498 2088 velit:
1553 2034 1693 2105 quod
1732 2035 1784 2088 in
1830 2038 1858 2106 §
1896 2038 1982 2088 35.
2027 2033 2235 2089 editur:
2277 2036 2318 2089 εἰ

342 2123 438 2187 μὲν
478 2120 820 2184 ἀλλάξασθαί
869 2142 928 2175 σε
974 2120 1070 2175 ἔδει
1111 2121 1228 2175 οὶντὶ
1282 2121 1528 2176 δεσπότου
1582 2123 1844 2187 βασιλέως
1887 2125 2025 2188 ἡμᾶς
2064 2122 2320 2184 δεσπότας

341 2211 433 2263 οὐκ
487 2207 551 2263 ἂν
604 2208 777 2275 ἔγωγέ
826 2228 899 2263 σοι
940 2209 1341 2274 συνεβούλευον,
1397 2216 1664 2281 expuncto
1722 2227 1829 2264 uno
1868 2209 2122 2264 vocabulo
2160 2209 2324 2264 facias

347 2304 410 2351 ut
448 2297 650 2352 Graeca
689 2304 743 2351 et
782 2296 1131 2368 Xenophonte
1180 2296 1341 2368 digna
1381 2298 1451 2351 sit
1489 2299 1692 2352 oratio:
1734 2299 1872 2369 lege:
1910 2298 2026 2352 ἀντὶ
2061 2298 2322 2365 βασιλέως

350 2387 491 2451 ἡμᾶς
531 2385 806 2446 δεσπότας.
888 2385 950 2439 In
1004 2389 1032 2457 §
1069 2388 1173 2440 56:
1229 2386 1396 2439 καίτοι
1450 2387 1492 2440 εἰ
1541 2385 1661 2452 ἅμα
1702 2385 1955 2454 ἐλεύθερός
1995 2389 2042 2440 τ’
2082 2386 2186 2448 εἴης
2231 2388 2320 2441 καὶ

345 2472 590 2534 πλούσιος
630 2472 826 2538 γένοιο,
868 2473 1000 2534 τίνος
1049 2474 1113 2528 ἂν
1153 2474 1321 2527 δέοιο
1377 2474 1450 2538 μὴ
1504 2474 1622 2542 οὐχὶ
1683 2475 1912 2541 πάμπαν
1967 2475 2219 2540 εὐδαίμων
2257 2472 2324 2528 εἷ-

346 2579 458 2622 ναι;
497 2559 721 2616 verbum
762 2561 940 2627 δέομαι
982 2561 1278 2616 sententiae
1320 2578 1424 2614 non
1479 2563 1764 2624 convenit,
1810 2579 1982 2634 neque
2026 2579 2150 2616 cum
2204 2562 2323 2616 infi-

351 2649 520 2703 nitivo
553 2666 614 2703 eo
655 2666 817 2704 sensu
863 2650 1212 2720 coniungitur
1237 2691 1250 2713 ,
1294 2648 1385 2703 sed
1434 2652 1553 2716 πρὸς
1588 2651 1646 2704 τὸ
1693 2651 1946 2717 εὐδαίμων
1986 2648 2112 2705 εἶναι
2152 2649 2327 2705 suerat

349 2737 654 2792 dicendum.
749 2737 1004 2810 Suspicor
1062 2736 1187 2791 olim
1250 2738 1303 2790 in
1364 2736 1518 2791 libris
1570 2737 1735 2793 fuisse
1794 2756 1898 2793 non
1954 2747 2174 2793 ΔΕΟΙΟ
2234 2739 2326 2794 sed

348 2833 564 2883 AEOIC
621 2825 1073 2897 scribendumque
1116 2842 1233 2880 esse
1281 2825 1414 2885 τίνος
1452 2825 1515 2880 ἂν
1558 2818 1682 2888 δέοις
1723 2859 1798 2868 -
1837 2825 1994 2889 sivan
2033 2835 2092 2882 ut
2133 2831 2328 2881 πολλοῦ

350 2913 474 2978 δέω,
511 2914 687 2979 ὀλίγον
729 2914 820 2969 δέω
843 2956 856 2978 ,
896 2913 1136 2969 τοσούτου
1168 2913 1258 2968 δέω
1280 2946 1338 2953 -
1373 2910 1502 2968 εἶναι
1543 2913 1788 2968 dicebant
1823 2932 2023 2969 omnes,
2103 2913 2325 2970 Omnem

351 3001 667 3074 scrupulum
706 3003 906 3056 eximet
937 3000 1225 3072 Euripides
1265 3002 1320 3055 in
1363 3001 1660 3057 Troadibus
1698 3020 1770 3057 vs.
1810 3006 1949 3057 792:

727 3090 859 3150 τίνος
899 3090 1129 3155 ἐνδέομεν
1164 3091 1237 3155 μὴ
1273 3092 1327 3143 οὗ
1363 3091 1622 3160 πανσυδίᾳ

842 3183 1026 3244 χωρεῖν
1066 3177 1262 3244 ὀλέθρου
1303 3177 1388 3231 δια
1429 3178 1662 3239 παντός;

351 3265 568 3320 Tertius
605 3280 754 3318 error
802 3272 883 3317 est
923 3265 976 3317 in
1022 3269 1050 3337 §
1088 3269 1192 3319 58:
1246 3264 1369 3330 εἴθ’,
1409 3263 1444 3318 ὦ
1483 3268 1654 3333 λῷςε,
1694 3266 1757 3319 σὺ
1797 3268 2016 3324 τοιοῦτος
2058 3265 2120 3318 ἑὸν
2164 3266 2317 3333 φίλος

352 3357 472 3420 ἡμῖν
521 3353 712 3419 γένοιο,
766 3353 897 3405 satis
942 3359 1019 3406 est
1082 3353 1280 3407 dixisse
1318 3369 1378 3407 ea
1419 3352 1577 3407 verba
1624 3353 1700 3405 sic
1747 3351 2121 3405 constituenda
2173 3370 2318 3407 esse:

351 3443 474 3504 εἴθ’,
517 3440 552 3495 ὦ
592 3443 724 3509 λῷςε
772 3440 865 3503 σύ,
908 3444 1127 3499 τοιοῦτος
1172 3441 1233 3493 ὤν
1284 3442 1390 3493 κτέ.
1434 3439 1879 3511 quemadmodum
1930 3437 1965 3493 ὦ
2005 3441 2181 3507 πονηρὲ
2227 3441 2323 3504 σύ,

349 3530 384 3585 ὦ
425 3531 648 3599 μοχθηρέ
689 3528 750 3583 ου’
775 3570 787 3592 ,
837 3525 872 3581 ὦ
911 3528 1127 3592 βέλτιςε
1167 3528 1267 3591 σύ,
1309 3528 1440 3592 alia,
1483 3528 1729 3582 omnihus
1774 3536 1887 3582 erat
1928 3529 2184 3583 usitatum
2243 3528 2322 3582 di-

351 3638 488 3675 cere.
570 3617 744 3673 Redeo
787 3616 848 3672 ad
908 3614 1259 3687 Euripidem,
1321 3615 1409 3670 sed
1464 3623 1521 3671 ut
1577 3633 1636 3672 cx
1680 3618 1794 3673 eius
1854 3617 1966 3672 loco
2001 3619 2170 3683 γλυκὺ
2230 3619 2322 3681 μὲν
