2436 4068
1050 220 1115 270 91

155 369 472 440 pervulgato
524 365 909 422 Graeculorum
961 379 1143 420 errore
1196 361 1396 433 legitur
1453 361 1508 414 in
1562 358 1838 416 Menandri
1895 363 2070 419 verbis

82 458 222 530 apud
264 457 408 512 Stob.
454 457 508 509 in
550 454 729 509 Floril.
762 453 871 508 XV.
916 457 967 508 ὅ.

385 542 449 597 ἂν
485 543 579 608 μὲν
615 542 855 606 πλέωμεν
892 542 1085 606 ἡμερῶν
1126 559 1223 594 που
1260 535 1519 606 τεττάρων

383 630 716 696 σκεπτόμεθα
755 630 1042 693 τάναγκαῖ’
1083 626 1273 689 {xci-5²74
1311 626 1508 693 ἡμέρας
1530 666 1545 688 ,

85 719 177 788 qui
221 718 509 772 credebant
544 737 642 771 που
683 732 781 787 pro
823 736 939 778 ποι,
983 721 1045 768 ut
1085 712 1208 768 ὅπου
1249 730 1344 785 pro
1376 710 1517 778 ὅποι,
1557 711 1758 783 optime
1790 709 1983 767 hahere
2023 720 2077 767 et

83 806 283 877 passim
338 807 496 859 istam
558 801 806 873 loquendi
862 801 1160 857 socordiam
1215 802 1269 859 in
1311 807 1554 859 veterum
1610 799 1813 871 scripta
1865 800 2075 854 invexe-

80 900 226 947 runt.
306 893 471 946 Recte
503 889 782 945 admonuit
824 889 1167 964 Phrynichus
1207 892 1365 958 p.45.
1405 887 1530 942 Lob.
1565 890 1663 942 ποῦ
1705 886 1864 951 ἄπεις
1906 887 2076 954 οὶμοὶρ·

78 977 255 1046 πῆγμα.
285 980 379 1034 sed
422 995 578 1034 nemo
615 974 885 1035 audiebat.
953 977 1092 1031 Hinc
1130 975 1322 1029 vitiata
1362 981 1442 1028 est
1495 973 1862 1046 Xenophontis
1904 977 2074 1029 oratio

81 1069 134 1122 in
175 1067 466 1141 Cyropaed.
498 1066 783 1120 V1.1..42.
826 1066 1085 1132 ἐμβαλεῖν
1127 1082 1225 1118 που
1258 1070 1353 1125 ,τῆς
1393 1062 1592 1116 ἐκείνων
1626 1064 1800 1129 χώρας
1833 1078 1928 1134 pro
1962 1083 2074 1127 ποι,

80 1155 222 1210 unde
263 1156 317 1209 in
359 1155 560 1211 Hellen.
593 1152 675 1218 V,
722 1159 776 1217 1,
806 1157 870 1210 2.
911 1153 1029 1224 lege
1061 1157 1167 1206 τῶν
1206 1153 1370 1215 νήσων
1411 1169 1493 1204 ποι
1531 1165 1627 1221 pro
1659 1148 1744 1205 ἐπὶ
1780 1156 1879 1204 τῶν
1914 1152 2073 1214 νήσων

72 1261 176 1298 ποι.
259 1243 523 1298 Similiter
562 1242 615 1295 in
657 1241 889 1296 Anabasi
923 1240 1023 1305 VI,
1065 1244 1126 1303 5,
1167 1241 1256 1294 25.
1298 1237 1510 1308 ἔφασαν
1557 1235 1828 1305 οἴχεο-θαι,
1868 1234 1992 1291 ὅπου
2029 1239 2072 1292 δ’

73 1334 162 1386 οὐκ
197 1331 380 1385 εἰδέναι
417 1347 512 1402 pro
551 1327 661 1384 ὅποι
686 1372 699 1394 ,
741 1338 794 1384 et
835 1331 890 1383 in
931 1327 1220 1384 Hellenicis
1249 1325 1334 1389 ΙΙ,
1377 1329 1442 1390 4,
1487 1329 1574 1380 15.
1622 1325 1708 1379 νῦν
1764 1325 2072 1393 παραγεγέ-

73 1440 247 1481 νηνται
288 1415 347 1472 οὗ
383 1421 531 1484 ἡμεῖς
571 1418 653 1472 ἀεὶ
697 1416 969 1486 ηὐχόμεθα
1009 1433 1106 1490 pro
1144 1411 1224 1478 οἷ,
1266 1420 1320 1468 et
1359 1413 1415 1467 in
1455 1412 1891 1473 Memorabilibus
1922 1413 1976 1478 I,
2012 1417 2071 1476 6,

74 1510 127 1562 6.
165 1506 451 1574 βαδίζοντα
489 1505 614 1561 ὅπου
653 1505 717 1560 ἂν
764 1506 1039 1572 βούλωμαι
1088 1520 1185 1577 pro
1223 1499 1333 1557 ὅποι
1357 1543 1373 1564 ,
1425 1499 1567 1572 quod
1616 1517 1722 1555 non
1749 1503 1949 1555 -minus
1987 1508 2072 1555 est

73 1593 326 1647 vitiosum
362 1610 427 1647 ac
466 1595 513 1648 si
551 1594 674 1666 quis
709 1592 898 1649 Latine
936 1591 1096 1648 vellet
1135 1591 1344 1646 dicere:
1387 1589 1698 1663 Crepusculo
1737 1587 1936 1644 solutus
1975 1588 2071 1644 ubi

73 1682 241 1735 visum
283 1690 358 1735 est
397 1696 587 1753 vaqor,
627 1690 681 1737 et
722 1680 1101 1755 passima-idem
1137 1679 1334 1734 vitium
1373 1677 1626 1738 recurrit.
1681 1679 1752 1732 At
1791 1676 1926 1731 nihil
1964 1677 2069 1731 Me·

70 1769 276 1824 nandro
329 1769 568 1842 proderit
620 1771 667 1825 si
718 1783 802 1825 ποι
858 1769 1199 1841 reposueriS‚
1253 1773 1308 1822 et
1366 1766 1563 1834 ἡμερῶν
1613 1764 1875 1833 τεττάρων
1927 1764 2069 1822 male

68 1873 538 1931 suspensum-quo
575 1858 845 1914 reseratur
883 1855 1019 1911 nihil
1059 1855 1293 1910 habebit.
1371 1854 1623 1924 Corrige:
1803 1852 1805 1854 ’

371 1946 434 2000 ἂν
473 1947 568 2012 μὲν
601 1948 843 2012 πλέωμεν
884 1948 1078 2012 ἡμερῶν
1117 1947 1312 1998 πλοῦν
1351 1939 1630 2009 τεττάρων.

67 2023 268 2108 ΠΛΟῨ
310 2038 517 2110 peperit
546 2038 768 2102 vitium,
806 2045 861 2093 et
897 2035 1197 2092 sexcenties
1236 2032 1477 2089 litterula
1514 2035 1638 2089 usic
1678 2034 1874 2107 periit:
1914 2033 2062 2088 doin-

65 2126 131 2181 ‹le
169 2134 442 2182 corrector
468 2146 566 2181 που
598 2125 776 2190 dedit,
809 2124 1118 2180 vocabulum
1147 2122 1286 2176 *bene
1339 2116 1611 2177 Graecum.
1694 2122 1867 2190 Quam
1915 2129 2063 2177 recte

66 2214 281 2269 dicatur
318 2219 471 2269 πλεῖν
510 2213 705 2281 ἡμέρων
738 2213 999 2280 τεττάρων
1039 2214 1202 2266 πλοῦν
1237 2210 1507 2265 neminem
1549 2225 1667 2266 esse
1701 2210 1935 2265 arbitror
1968 2210 2063 2282 qui

66 2303 287 2358 nesciat.
1307 2347 1315 2352 ,
1486 2295 1501 2353 s
1714 2297 1715 2300 ’

138 2390 436 2461 Attigimus
475 2390 582 2445 iam
619 2388 747 2445 alibi
782 2387 1062 2443 Menandri
1102 2386 1263 2443 verba
1297 2384 1441 2458 apud
1475 2383 1669 2441 Athen.
1701 2384 1789 2440 VI.
1833 2375 1963 2440 270.
1997 2385 2056 2440 D.

61 2480 104 2534 ei
143 2480 196 2533 δὲ
229 2478 534 2545 λουσάμενοι
573 2477 1133 2545 λογάρια-δειπνοῦμεν
1458 2510 1462 2515 ·
1495 2511 1499 2514 -

362 2568 551 2634 μικρὰς
590 2567 766 2632 τίθημι
803 2563 1083 2632 συμβολὰς
1124 2563 1454 2631 ακροώμενος.

59 2656 202 2710 κατὰ
241 2656 326 2710 τὸν
367 2657 690 2724 Μένανδρον,
744 2652 1172 2709 et-ostendimus
1210 2666 1276 2706 ex
1330 2649 1544 2704 Polluce
1573 2647 1663 2703 VI.
1706 2651 1794 2704 12.
1846 2650 2057 2718 μακρὰς

58 2743 229 2809 τίθημι
281 2745 391 2798 κτὲ.
445 2759 563 2798 esse
609 2740 1023 2798 emendandum.
1114 2738 1369 2794 Recurrit
1419 2736 1606 2793 eadem
1665 2735 1864 2792 locutio
1916 2738 2060 2810 apud

22 2893 35 2912 d
59 2827 369 2885 Uachonem
408 2830 603 2886 Athen.
637 2829 780 2885 xm.
812 2833 940 2885 580.
975 2829 1040 2884 Ι).
1073 2827 1283 2896 μακρὰς
1319 2826 1370 2882 δὲ
1407 2823 1654 2894 πράττειν
1686 2826 1760 2888 εἰς
1793 2824 1864 2880 τὰ
1894 2826 2058 2882 λοιποὶ

25 2917 38 2969 ·,”
60 2918 356 2984 συμβολάς.
1016 2952 1018 2954 »
1464 2914 1493 2925 ²

135 3005 309 3061 Foeda
349 3005 653 3078 corruptela
688 3004 968 3062 abscondit
1010 3003 1336 3061 sententiam
1376 2998 1656 3057 Menandri
1697 3002 1753 3056 in
1789 2999 1876 3056 his
1915 2999 2057 3073 apud

60 3090 203 3149 stob.
244 3094 424 3150 Floril.
461 3094 550 3149 IV.
595 3096 684 3147 29.

357 3184 491 3238 ἐπὰν
532 3183 583 3236 ἐν
621 3183 839 3248 ἀγαθοῖς
879 3178 1200 3246 εὐνοούμενός
1240 3198 1319 3240 τις
1355 3177 1419 3233 ὥν

360 3272 487 3341 ζητῇ
528 3291 579 3325 τι
618 3277 844 3337 κρεῖττον
879 3267 943 3324 ὦν
983 3268 1096 3339 ἔχει
1134 3267 1283 3337 ζητεῖ
1312 3265 1476 3322 κακοὶ.

61 3359 216 3413 nauci
258 3375 362 3414 non
404 3366 484 3414 est
518 3359 835 3426 εὖνοούμενος
872 3363 928 3413 et
966 3372 1034 3411 ne
1067 3355 1333 3412 Graecum
1375 3350 1612 3426 quidem.
1694 3350 2047 3408 Scribendum

62 3460 249 3503 censeo
288 3449 339 3502 ἐν
380 3450 599 3513 ἀγαθοῖς
637 3446 1058 3514 ὁμολογουμένοις
1102 3465 1181 3506 τις
1221 3444 1312 3509 ὤν,
1366 3440 1821 3514 quemadmodum
1868 3440 2048 3494 Timo-

61 3532 167 3590 clcs
197 3534 332 3591 dixit
363 3536 554 3592 Athen.
587 3537 701 3593 vll.
745 3541 869 3592 300.
906 3535 966 3590 A.
1010 3533 1301 3606 Aegyptios
1341 3530 1555 3586 ridens:

365 3622 486 3680 ὅπου
526 3626 630 3692 γὰρ
673 3628 742 3687 εἷς
779 3626 896 3688 τοὺς
939 3620 1370 3690 ὁμολογουμένους
1412 3619 1548 3679 θεούς

1679 3710 1697 3740 e
1726 3705 1738 3721 .
