2436 4068
1031 227 1098 276 47

70 388 123 435 ct
163 375 349 432 multis
385 371 773 426 demonstravit
813 369 1111 424 Mcinekius
1152 371 1208 424 in
1245 369 1660 437 Quaestionibus
1698 371 2053 430 MenandreiS.

70 468 216 522 Idem
259 470 439 517 tamen
479 459 731 531 opinatus
766 464 848 512 est
890 457 967 530 (in
1004 459 1346 529 Fragmentis
1379 457 1719 514 Comicorum
1756 462 2059 535 Anonymo-

71 571 195 610 rum
237 549 387 622 549.)
440 548 496 601 in
546 546 819 601 comoedia
866 545 1068 616 scripta
1118 545 1288 602 fuisse
1326 545 1458 601 haec
1504 545 1646 618 apud
1687 546 1833 604 Stob.
1877 549 2058 605 Floril.

70 640 250 696 LXIX.
297 645 344 692 1.

373 722 498 779 ὅταν
537 723 643 788 γὰρ
685 720 883 787 ἄλοχον
916 722 988 780 εἷς
1029 720 1211 786 δόμους
1248 722 1359 792 ἄγῃ
1391 722 1540 784 πόσις
1576 723 1686 778 κτέ.

72 815 163 872 ubi
211 819 445 886 quatuor
494 816 622 865 sunt
672 814 819 863 certa
878 806 1080 862 indicia
1126 811 1390 863 sermonis
1438 809 1758 865 artificialis:
1814 810 2064 867 Comicus

73 905 215 961 enim
259 899 500 975 populari
547 898 735 968 lingua
786 895 1011 951 debebat
1066 894 1279 950 dicere:
1332 894 1456 950 ὅταν
1504 899 1610 967 γὰρ
1661 900 1791 968 ἀνὴρ
1829 906 2063 966 γυναῖκα

71 993 274 1060 ἄγηται
308 988 480 1044 οἴκαδε
508 985 591 1041 vel
620 987 692 1046 εἰς
725 986 819 1047 τὴν
856 984 1036 1039 οἰκίαν.
1115 983 1299 1054 Neque
1336 986 1511 1056 magis
1541 985 1900 1043 dubitandum
1931 988 2063 1060 quin

75 1080 266 1152 fragm.
302 1081 410 1133 284
446 1077 516 1130 sit
547 1071 882 1128 reddendum
924 1071 1183 1142 Tragico:

375 1171 503 1225 παῖς
544 1161 688 1217 παιδὶ
731 1161 819 1215 καὶ
853 1159 1062 1226 γυναικὶ
1108 1157 1391 1228 πρόσφορον
1423 1162 1594 1225 γυνή.

377 1256 528 1307 νοσῶν
566 1252 617 1304 τ’
648 1251 772 1318 ἀνὴρ
803 1252 1027 1303 νοσοῦντι
1066 1248 1153 1302 καὶ
1194 1247 1488 1318 δυσπραξίᾳ

379 1338 598 1409 ληφθεὶς
633 1337 822 1406 ἐπῳδός
859 1337 935 1394 ἑςι
970 1337 1040 1404 τῷ
1074 1335 1394 1405 πειρωμένῳ.

76 1430 217 1506 quod
259 1428 480 1484 fuerunt
517 1426 612 1499 qui
651 1423 943 1480 Menandro
975 1423 1296 1479 tribuerent.
1377 1423 1653 1496 Euripidis
1692 1431 1775 1480 est
1819 1427 2068 1482 senarius

77 1523 133 1577 in
175 1519 367 1591 fragm.
407 1521 498 1573 55.

7 1594 15 1599 ⁸
455 1605 520 1664 ὧς
556 1601 894 1670 Πριαμίδῃσιν
934 1602 1166 1671 ἐμφερὴς
1207 1601 1230 1654 ὅ
1262 1599 1514 1666 βουκόλος
1535 1642 1547 1655 .

79 1696 145 1752 de
191 1693 413 1755 Paride,
466 1697 529 1745 ut
562 1689 758 1755 credo,
805 1689 1012 1754 dictuS,
1065 1690 1160 1761 qui
1199 1689 1418 1760 ignotus
1466 1689 1582 1743 suis
1617 1706 1742 1744 cum
1793 1697 2070 1762 pastorum

78 1801 239 1857 grege
267 1779 533 1837 bubulcus
560 1780 615 1832 in
643 1778 835 1834 urbem
865 1794 994 1832 rure
1025 1783 1246 1847 venerat
1273 1779 1325 1831 ἐν
1354 1779 1426 1846 τῷ
1455 1776 1795 1848 Ἀλεξάνδρῳ.
1848 1779 1918 1835 Et
1949 1781 2074 1853 quis

78 1890 184 1928 non
220 1875 476 1943 agnoscat
515 1867 808 1938 Tragicum
841 1867 897 1919 in
938 1864 1131 1935 fragm.
1174 1869 1263 1919 60.

380 1955 711 2024 ἁβροείμονές
747 1976 808 2009 τε
830 1953 934 2034 ,καὶ
975 1952 1430 2019 κατηγλαϊσμένοι
1453 1995 1466 2008 .

79 2054 134 2104 et
176 2047 228 2101 in
270 2044 466 2116 fragm.
511 2047 634 2098 101.

381 2133 433 2194 ὃς
471 2131 604 2185 τόνδ’
641 2129 784 2198 ἔχεις
816 2130 904 2184 τὸν
942 2129 1095 2192 σηκὸν
1134 2125 1281 2190 ἵλεως
1321 2132 1511 2194 γενοῦ.

81 2230 136 2280 et
171 2222 226 2277 in
268 2220 461 2292 fragm.
506 2221 632 2274 167.

378 2310 628 2371 ἀπτῆνα,
667 2305 881 2368 τυτθόν,
925 2304 1042 2375 ἄρτι
1081 2305 1280 2372 γυμνὸν
1313 2303 1580 2374 όςροέκωνῖ

81 2406 135 2455 et
170 2399 222 2453 in
259 2396 452 2468 fragm.
492 2399 623 2451 242.

16 2540 20 2546 ,
383 2482 583 2546 ἀνόητοί
622 2485 679 2549 γ’
724 2484 768 2538 εἰ
808 2483 951 2537 τοῦτ’
991 2479 1141 2546 ἦλθες
1175 2479 1436 2545 ἐπιτάξων
1475 2481 1620 2547 ε’μοί.

15 2564 26 2643 ξ
83 2590 208 2630 nam
240 2571 543 2629 ἐπιτάσσειν
583 2571 936 2644 Tragicorum
972 2576 1085 2636 est,
1125 2570 1325 2627 Comici
1362 2569 1673 2639 προςοὶττειν
1708 2570 1987 2637 dicebant;
2019 2581 2074 2629 et

85 2664 141 2718 in
170 2661 362 2733 fragm.
398 2663 526 2714 264.

384 2747 613 2817 ἐλαφρὸν
652 2754 920 2817 παραινεῖν
957 2749 1029 2816 τῷ
1069 2751 1240 2810 κακῶς
1275 2745 1615 2815 πεπραγότι.

80 2846 136 2895 et
171 2837 362 2910 fragm.
401 2839 529 2892 280.

386 2923 545 2993 χωρὶς
583 2922 690 2992 γὰρ
723 2925 910 2979 οἰκοῦσ’
945 2924 1127 2992 αἱρεταὶ
1165 2929 1265 2978 τῶν
1302 2922 1511 2987 ἡδονῶν.

86 3012 219 3069 nihil
255 3011 447 3067 horum
484 3013 538 3066 in
579 3010 855 3067 comoedia
898 3010 1007 3066 dici
1045 3011 1257 3083 potuit,
1297 3009 1751 3083 quemadmodum
1800 3029 1972 3087 neque
2019 3016 2074 3070 in

35 3174 37 3187 Ι
85 3101 196 3156 vita
227 3099 521 3155 communi.
603 3098 765 3154 Aliud
797 3104 879 3153 est
927 3096 1355 3171 fragmentorum
1404 3117 1614 3171 genus,
1658 3100 1749 3155 ubi
1789 3119 2074 3173 argumen-

86 3195 202 3245 tum
235 3187 504 3243 ludicrum
531 3194 585 3243 et
618 3187 855 3243 facetum
883 3192 992 3250 est,
1030 3204 1435 3259 nonnumquam
1470 3188 1698 3243 scurrile
1722 3196 1775 3243 et
1799 3190 2073 3261 petulum,

87 3275 180 3332 sed
219 3276 392 3331 oratio
425 3275 603 3330 verbis
642 3275 836 3347 priscis
875 3281 930 3330 et
965 3274 1258 3348 splendidis
1299 3281 1577 3342 contexta,
1619 3277 1775 3349 quale
1815 3286 1896 3334 est
1935 3278 2074 3349 frag·

0 3364 11 3375 “
89 3371 332 3420 mentum
375 3369 462 3419 17.

393 3451 544 3506 ἄλλα
578 3449 795 3515 ξενῶνας
830 3448 941 3516 οἶγε
979 3451 1066 3507 καὶ
1101 3454 1245 3521 ῥοῖνον
1282 3449 1463 3517 δόμους
1486 3493 1502 3516 ,

396 3541 579 3608 ςρώννυ
619 3560 678 3595 τε
718 3540 895 3601 κοίτας
937 3540 1022 3594 καὶ
1066 3540 1219 3607 πυρὸς
1259 3537 1455 3608 φλέξον
1494 3538 1674 3605 μένος,

319 3645 333 3656 ·
400 3626 626 3697 κρατῆρά
662 3631 710 3682 τ’
753 3627 891 3697 αἴρου
932 3629 1016 3683 καὶ
1061 3628 1146 3683 τὸν
1187 3627 1351 3692 ἤδιςον
1392 3627 1547 3695 κέρα.

0 2538 9 2786 ὲ

0 2791 14 2995 ἑ
