2436 4068
1030 217 1135 274 455

101 364 198 425 κάς
237 360 432 416 addere
481 362 744 432 potuisse,
803 368 863 416 ut
912 360 1071 415 urbes
1126 362 1469 431 cognomines
1522 360 1895 432 distmgueret.
1975 362 2072 417 Ne-

101 467 203 523 que
242 450 385 504 enim
438 456 555 503 erat
594 466 755 521 opus,
811 466 984 520 neque
1036 450 1114 503 sic
1155 448 1509 504 Athenienses
1542 451 1598 504 in
1641 449 1734 504 tati
1786 467 1845 504 re
1893 449 2070 521 loque-

100 539 330 600 bantur,
386 536 479 591 sed
519 538 712 604 Ἀρκάς
752 539 809 591 ἐκ
847 537 1125 605 Μεθυδρίου
1181 536 1260 590 vel
1298 538 1604 605 Μεθυδριεὺς
1644 538 1701 592 ἐκ
1749 545 1842 601 τῆς
1879 539 2069 605 Ἀρκα-

97 627 208 687 δίας
263 624 544 688 dicebant,
597 633 658 679 ut
695 625 923 691 Μάγνης
962 627 1019 679 ἐκ
1058 631 1150 686 τῆς
1195 626 1380 687 Ἀσίας
1422 632 1516 679 aut
1554 627 1834 693 Μεγαρεὺς
1874 632 1973 680 τῶν
2020 629 2073 681 ἑν

97 714 331 782 Σικελίᾳ.
425 710 650 767 Omnem
704 713 1018 784 scrupulum
1072 712 1261 768 evellet
1315 712 1415 767 tibi
1473 712 1622 768 locus
1677 714 1959 769 Aeschinis
2017 715 2074 768 in

94 800 470 873 Ctesiphontea
518 803 548 870 5
596 804 721 855 158.
776 800 931 873 plane
989 800 1173 856 eodem
1230 799 1387 854 modo
1443 801 1797 873 inter-potatus
1866 804 2072 865 πολλάς

97 890 380 958 πρεσβείας
420 889 774 956 ἐπρέσβευσαν
813 890 886 950 εἷς
931 890 1119 955 Θήβας
1157 890 1201 942 οἱ
1239 887 1428 954 μάλις·’
1466 891 1656 950 οἰκείως
1708 891 1909 953 ἐκείνοις
1963 892 2071 947 δια·

99 979 350 1044 κείμενοι,
405 983 597 1046 πρῶτος
636 978 733 1043 μὲν
791 974 956 1050 [οὗτος
1014 976 1297 1050 ςρατηγός]
1365 977 1731 1044 Θρασύβουλος
1787 980 1810 1032 ὅ
1865 987 2070 1034 Κολλυ-

92 1067 214 1128 τεύς
252 1098 328 1108 -
350 1109 365 1131 ,
399 1065 695 1132 Λεωδάμας
735 1067 759 1119 ὅ
797 1066 1085 1133 Ἀχαρνεὺς
1137 1066 1240 1132 οὐχ
1287 1061 1435 1126 ἦττον
1491 1066 1840 1130 Δημοσθένους
1893 1068 2070 1133 λέγειν

7 1149 34 1202 .'
93 1154 368 1220 δυνάμενος
413 1157 540 1210 ἄλλ’
580 1154 760 1221 ἔμοιγε
799 1155 887 1209 καὶ
942 1153 1087 1217 ἡδίων
1107 1195 1124 1218 ,
1170 1153 1347 1226 [ῥήτωρ
1388 1151 1476 1207 καὶ
1526 1150 1698 1225 οὗτος]
1750 1156 2070 1223 Ἀρχέδημος

38 1279 42 1283 v
94 1243 120 1296 ὁ
152 1241 339 1306 Πήληξ
389 1243 476 1297 καὶ
518 1244 731 1304 δυνατὸς
768 1243 932 1297 εἰπεῖν
981 1241 1068 1296 καὶ
1124 1241 1304 1296 πολλοὶ
1357 1242 1739 1304 κεκινδυνευκὼς
1784 1245 1834 1298 ἐν
1878 1253 1943 1314 τῇ
1984 1265 2071 1300 πο·

14 1346 34 1402 ’Δ
91 1332 270 1401 λιτεία
315 1332 401 1386 διά
461 1332 762 1398 Θηβαίους,
826 1329 1192 1405 [δημαγωγός]
1248 1334 1535 1399 Ἀριςοφῶν
1589 1331 1612 1383 ὁ
1660 1331 1922 1399 Ἀζηνιεύς
1959 1365 2071 1397 —-,

31 1470 36 1475 .
98 1418 304 1492 [ῥήτωρ]
356 1420 665 1488 Πύρρανδρος
710 1421 734 1473 ὅ
784 1420 1136 1489 Ἀναφλύςιος
1188 1420 1297 1474 κτέ.
1377 1417 1542 1473 Nemo
1582 1425 1756 1490 potest
1791 1437 1907 1475 esse
1958 1427 2070 1476 tam

5 1502 17 1513 ”
95 1506 284 1563 tardus
318 1515 373 1563 et
412 1507 612 1563 bardus
661 1514 723 1562 ut
761 1509 864 1562 ista
910 1507 1052 1562 ferre
1089 1507 1292 1578 possit,
1345 1513 1399 1562 et
1450 1513 1628 1560 tamen
1680 1507 1736 1560 in
1771 1510 2088 1578 vetustissi-v

95 1597 199 1652 mis
247 1595 574 1651 membranis
625 1596 826 1651 saeculi
878 1595 951 1650 IX
987 1612 1054 1650 an
1097 1595 1181 1658 X,
1225 1594 1519 1666 multisque
1565 1593 1685 1649 aliis
1739 1604 2067 1668 comparent.

93 1683 221 1740 Siue
274 1684 467 1740 mendo
519 1684 719 1756 legitur
758 1685 847 1739 IV.
891 1702 959 1738 vl.
1002 1687 1094 1739 20.
1174 1684 1512 1751 Ἀρις-ὠνυμος
1565 1685 1873 1752 Μεθυδριεὺς
1926 1684 2071 1753 ἔρχε-

91 1793 219 1837 ται,
270 1781 324 1828 et
362 1773 453 1828 lv,
495 1791 583 1827 vn.
625 1777 677 1828 8.
756 1773 1110 1840 Καλλίμαχος
1147 1771 1469 1839 Παρράσιος,
1523 1779 1575 1826 et
1617 1775 1646 1843 §
1684 1777 1735 1827 9.
1803 1774 2069 1838 Ἀγασίας

4 1861 30 1927 ζ’,
90 1862 142 1916 δὲ
185 1862 532 1931 Στυμφάλιος
571 1862 658 1916 καὶ
698 1862 1035 1929 Ἀριςώνυμος
1085 1860 1429 1928 Μεθυδριεύς,
1469 1867 1522 1914 et
1561 1858 1601 1934 §
1650 1866 1733 1916 11.
1774 1862 2070 1931 Εὐρύλοχον

3 1934 36 1999 ὅ
89 1951 178 2005 τὸν
230 1952 454 2006 Λουσιέα
513 1949 786 2024 (Λουσιοῖ),
840 1958 894 2005 et
948 1948 1061 2003 Vll.
1103 1965 1172 2002 lv.
1231 1951 1317 2002 16.
1371 1950 1592 2009 Σιλανὸς
1647 1950 1945 2014 Μακέςιος,
2001 1950 2069 2005 ad

88 2053 250 2109 quam
290 2040 554 2094 rationem
601 2038 886 2111 expunctis
926 2036 1352 2108 magistellorum
1402 2038 1862 2093 annotatiunculis
1920 2056 2067 2095 revo-

10 2136 47 2202 ᾖ
86 2125 245 2181 candi
284 2135 412 2182 sunt
451 2127 590 2192 loci,
630 2144 763 2199 quos
803 2141 966 2198 supra
1013 2126 1382 2196 apposuimus.

162 2215 345 2287 Ipsum
370 2232 562 2270 nomen
590 2216 885 2281 Ἀγασίας,
926 2229 1255 2285 quamquam
1278 2211 1502 2267 Arcadis
1523 2220 1635 2278 est,
1669 2214 1885 2270 videtur
1907 2216 2064 2289 Spar-

8 2306 44 2349 (
89 2309 339 2359 tanorum
384 2320 532 2359 more
567 2320 629 2358 ex
668 2301 868 2368 άγαθός
910 2317 1027 2355 esse
1075 2299 1364 2355 formatum
1395 2302 1501 2366 sic,
1555 2308 1614 2355 ut
1654 2319 1718 2356 ex
1759 2303 1931 2360 forma
1972 2306 2064 2361 La-

13 2400 54 2434 ἱ
86 2392 271 2447 conica
326 2392 533 2456 άγασός
589 2391 977 2463 produceretur
1032 2390 1298 2455 Ἀγασίας
1356 2397 1410 2443 et
1460 2391 1814 2455 Ἀγασιάδας.
1909 2396 2064 2466 Apud

7 2457 30 2552 ζ
86 2478 376 2536 Diodorum
418 2478 660 2534 Siculum
700 2479 841 2536 v111.
884 2482 972 2532 21.
1027 2486 1482 2533 commemoratur
1515 2479 1838 2544 Ἀγαθιάδας
1879 2483 2063 2550 ε’ραςὴς

44 2569 308 2635 γεγονὼς
348 2573 438 2622 τοῦ
479 2566 781 2630 Φαλάνθου,
835 2567 929 2638 qui
970 2565 1230 2621 coloniam
1269 2567 1563 2621 Tarentum
1605 2567 1840 2623 deduxit.
1921 2571 2061 2628 Vera

22 2654 255 2730 §forma
295 2656 556 2710 Laconica
596 2663 713 2710 erat
764 2653 1132 2720 Ἀγασιάδας,
1187 2671 1347 2726 quam
1397 2655 1443 2709 si
1499 2672 1602 2708 non
1661 2658 1888 2711 retinuit
1947 2661 2060 2732 ipse

47 2735 373 2809 tniodorus,
413 2750 469 2798 at
503 2751 649 2799 certe
688 2742 936 2815 Ephorus
976 2744 1306 2807 retinuerat,
1348 2759 1508 2815 quem
1546 2742 1633 2798 ille
1672 2745 1724 2799 in
1767 2744 1866 2801 hac
1907 2756 2058 2820 parte

23 2860 34 2909 3
82 2828 338 2888 historiae
376 2833 527 2904 sequi
566 2831 716 2887 solet.

155 2919 216 2975 lu
236 2920 325 2975 lv.
350 2937 404 2975 11.
429 2924 480 2975 4.
522 2922 632 2975 ἐπεὶ
673 2921 725 2975 δὲ
761 2919 909 2989 ᾤοντο
941 2921 1165 2989 άφανεῖς
1201 2916 1623 2986 εἶναιάπιόντες,
1666 2922 1868 2978 inserta
1887 2928 2055 2997 parti-

0 3053 1 3060 ,
83 3006 203 3064 cula
246 3008 423 3063 scribe
462 3011 686 3076 άΦανεῖς
722 3009 785 3064 ἂν
825 3006 983 3073 εἶναι,
1025 3008 1078 3063 id
1109 3015 1190 3063 est
1229 3007 1376 3077 ᾤοντο
1415 3010 1591 3065 λαθεῖν
1625 3009 1689 3065 ἄν
1731 3013 1843 3067 sive
1880 3017 2054 3078 λήσειν

80 3095 356 3163 ὢιιόντες,
406 3104 460 3151 et
510 3098 566 3151 in
617 3096 657 3171 §
696 3100 747 3151 8.
809 3095 963 3153 ἄλλοι
1010 3097 1062 3151 δὲ
1101 3128 1175 3137 -
1215 3097 1503 3165 ἐπορεύοντο
1555 3097 1586 3166 ᾖ
1636 3099 1821 3168 ἔτυχον
1880 3100 2052 3161 ἕκαςοι

0 3174 2 3204 '
78 3182 219 3245 ὄντες
263 3186 349 3240 καὶ
403 3186 701 3253 άναβάντες
742 3187 805 3246 ὡς
844 3184 1080 3242 ἐδύναντο
1121 3185 1315 3250 άνίμων
1358 3188 1622 3250 ἀλλήλους
1674 3197 1784 3250 τοῖς
1823 3190 2052 3259 δόρασιν,

0 3244 2 3300 Ι
81 3286 115 3327 a
155 3272 502 3345 Xenophonte
551 3274 630 3329 sic
684 3290 803 3328 esse
849 3274 1111 3345 scriptum
1154 3272 1421 3330 arbitror:
1473 3276 1762 3343 ἐπορεύοντο
1798 3277 1829 3346 ἦ
1866 3279 2052 3348 ἔτυχεν

0 3382 3 3395 ·
82 3356 265 3421 ἕκαςος
305 3363 391 3416 καὶ
443 3362 742 3428 ἀναβάντες
783 3364 890 3417 κτὲ.
947 3362 1024 3416 sic
1065 3368 1118 3416 et
1159 3362 1210 3415 in
1269 3360 1308 3435 g
1350 3365 1435 3417 12.
1497 3363 1612 3435 lege
1670 3367 2051 3432 ἀναβαίνοντας

0 3435 3 3497 f
83 3444 184 3515 ὅπῃ
220 3449 428 3504 ἰδύνατο
479 3448 660 3511 ἔκαε-ος
720 3467 815 3522 pro
867 3451 1121 3506 ἐδύναντο.
1201 3450 1458 3523 Compara
1499 3452 1590 3507 ΙΙΙ.
1631 3471 1663 3506 1.
1708 3458 1761 3508 5.
1823 3456 2050 3512 άνεπαύ-

0 3565 1 3570 =
82 3554 192 3589 οντο
252 3537 303 3590 δὲ
360 3537 483 3591 ὅπου
531 3539 828 3607 ἐτύγχανεν
887 3538 1104 3603 ἕκαςος,
1163 3546 1216 3594 et
1274 3539 1359 3594 VI.
1419 3558 1486 3594 vt.
1550 3545 1636 3596 18.
1702 3541 1933 3607 σώζοισθέ
1989 3565 2048 3598 τε

0 3582 6 3670 i
79 3624 337 3693 ἀσφαλῶς
376 3624 486 3680 ὅποι
526 3627 656 3683 θέλει
697 3626 897 3688 ἕκαςος.
978 3627 1055 3683 Ex
1098 3626 1182 3681 his
1229 3626 1382 3683 facile
1431 3636 1513 3683 est
1552 3629 1837 3687 emendare
1876 3631 2050 3688 locum
