2436 4068
1260 208 1370 259 850

343 357 677 422 παραλοῦμαι
713 383 786 393 --
821 350 1156 419 παραλύομαι
1203 353 1326 404 179.

341 441 660 510 παραμενοίη
698 472 772 480 -
804 447 1095 507 παραμενοῖ
1128 442 1254 493 556.

343 530 621 598 παραμένω
663 534 716 583 et
757 526 1104 595 ἀποδιδράσκω
1146 543 1322 599 oppos.
1365 527 1431 582 de
1471 528 1649 583 servis‘
1680 532 1804 585 690.

343 617 701 685 παραμόνιμος
734 648 809 656 --
846 614 1137 683 παραμονος
1182 619 1308 670 690.

343 704 622 772 παράνομα
661 703 919 773 γράφειν,
959 720 1066 757 non
1108 703 1440 773 συγγράφειν
1481 708 1609 759 575.

346 791 704 859 παρανομίζω,
746 798 805 845 ut
844 791 1154 860 παρακούω,
1193 809 1336 846 secus
1379 792 1680 847 emistimare
1719 796 1846 847 684.
1942 785 1950 803 ¹

346 880 810 948 παραπέπληγμαι
845 912 920 920 -
953 879 1414 946 καταπέπληγμαι
1457 885 1583 935 557.

350 975 702 1036 παρασκοπεῖν
743 973 796 1022 et
832 969 1132 1037 τώφθαλμὼ
1171 968 1541 1038 παραβάλλειν
1582 969 1723 1024 limis
1759 970 1950 1024 intueri
1990 972 2117 1024 695.

352 1060 474 1124 παρ’
514 1057 712 1112 ἀσπίδα
747 1087 822 1096 -
852 1061 974 1125 παρ’
1015 1057 1242 1118 ασπίδας
1285 1061 1410 1111 454.

351 1145 697 1212 παραςιχίδες
741 1144 796 1197 in
836 1143 1068 1199 oraculis
1109 1144 1388 1219 Sibyllinis
1427 1149 1555 1200 274.

349 1231 628 1300 παράσχες
667 1265 741 1272 -
773 1231 1022 1302 παρασχε
1065 1237 1189 1288 222.

352 1321 495 1389 παρα
537 1342 652 1376 τινα
692 1322 1188 1388 ςρατοπεδεύεσθαι,
1231 1339 1336 1376 non
1376 1319 1521 1391 παρα
1558 1341 1654 1376 τινι
1695 1327 1748 1376 et
1785 1321 1904 1376 sim.
1946 1325 2072 1377 408.

353 1410 643 1476 παραχθείς
678 1441 753 1450 -
786 1410 1062 1477 προαχθείς
1104 1413 1230 1465 685.

353 1503 684 1566 παραχρῆμα
724 1497 866 1560 εὐθύς
910 1498 1012 1573 (vel
1051 1498 1248 1572 εὐθέως)
1291 1499 1480 1555 vitiose
1518 1499 1838 1572 copulantur
1879 1499 2004 1554 751.

352 1593 683 1654 παραχρῆμα
718 1593 811 1650 τῆς
851 1587 1025 1648 αἰτίας
1064 1587 1414 1654 γεγενημένης
1454 1594 1508 1643 et
1545 1588 1670 1644 Sim.
1715 1591 1841 1644 552.

352 1673 634 1744 παρεηικοέθῃ
667 1703 742 1716 ——
773 1677 1089 1745 παρεικασθῇ
1130 1680 1256 1731 495.

350 1769 605 1831 παρεῖσαν
640 1793 715 1804 —-
740 1769 1025 1831 παρῆσαν,
1064 1771 1302 1832 παρῆκαν
1341 1768 1469 1820 579.

353 1853 476 1919 παρ’
517 1853 676 1917 ἐμοῦ
720 1851 792 1926 (ἦ)
833 1852 1003 1908 εὔνοια
1039 1885 1115 1894 -
1146 1855 1270 1921 παρ’
1308 1853 1422 1920 ε’μοί
1464 1857 1588 1909 705.

351 1938 668 2008 παρενόμουν
702 1971 778 1981 --
810 1941 1128 2009 παρηνόμουν
1171 1946 1295 1996 157.

353 2027 590 2097 παρέξειν
623 2060 699 2069 -—-
730 2029 979 2097 παράξειν
1021 2033 1147 2086 577.

351 2117 761 2186 παρερχομένους
802 2118 940 2172 male
980 2135 1074 2190 pro
1114 2117 1390 2187 παριόντας
1434 2120 1560 2172 424.

353 2206 617 2275 παρέςατε
651 2238 727 2247 ——
759 2207 1017 2275 παρέςητε
1039 2249 1054 2272 ,
1094 2209 1452 2276 παρειςήκειτε
1492 2210 1618 2261 472.

357 2295 607 2364 παρέχειν
645 2293 796 2358 δόξαν
837 2295 1056 2367 speciem
1090 2296 1340 2365 praebere
1379 2299 1504 2349 451.
2365 2362 2368 2365 v

358 2384 606 2453 παρέχειν
645 2383 716 2444 εἰς
756 2383 948 2451 κρίσιν,
1000 2385 1071 2444 εἷς
1111 2385 1196 2438 τὸν
1231 2384 1424 2451 δῆμον,
1467 2384 1538 2444 εἷς
1574 2383 1666 2445 τὴν
1704 2383 1896 2450 βουλήν
1936 2389 1990 2439 et
2029 2383 2148 2438 sim.
2193 2387 2324 2441 577.
2371 2399 2401 2456 '³ss

359 2473 574 2541 παρέχω
610 2503 684 2513 -
724 2470 829 2539 ἔχω
873 2475 998 2526 597.

356 2561 700 2629 παρήγγελτο
735 2590 809 2600 -
848 2559 1254 2627 παρηγγέλλετο
1294 2567 1346 2615 et
1387 2561 1506 2615 sim.
1550 2562 1675 2614 422.

356 2652 568 2719 παρῄειν
603 2679 678 2689 ——-
711 2655 876 2716 παρῆν
917 2651 1045 2702 221.

360 2740 570 2806 παρῄειν
603 2769 678 2778 -
711 2743 923 2804 παρκεῖν
945 2778 960 2801 ,
1000 2737 1239 2805 ἐπαρκεῖν
1280 2741 1332 2792 8.

359 2827 482 2893 παρ’
527 2827 662 2891 ἡμῶν
702 2832 874 2879 nostro
912 2826 1057 2879 iussu
1097 2829 1224 2880 588.

361 2921 598 2983 παρῇσαν
631 2944 705 2952 —-
737 2919 974 2978 παρῆσαν
1016 2917 1122 2967 545
1145 2955 1160 2978 ,
1199 2917 1330 2971 546.

363 3003 578 3069 παριᾶσι
612 3030 687 3041 -
721 2999 933 3067 παρίασι
978 3004 1100 3054 781.

361 3091 469 3159 παρ
509 3088 707 3145 ἰδόντων
741 3119 814 3128 -
854 3087 1129 3155 παριόντων
1175 3093 1299 3146 144.

364 3178 632 3246 παριέναι,
672 3181 967 3244 παραπλεῖν
1007 3182 1060 3229 et
1099 3177 1218 3230 Sim.
1261 3181 1390 3236 545.

364 3274 600 3336 παριεῖς,
640 3281 743 3319 non
783 3265 968 3332 παρίης
1008 3269 1062 3318 et
1100 3264 1219 3318 Sim.
1263 3269 1389 3320 699.

365 3361 618 3423 παροινεῖν
656 3352 727 3414 εἵς
767 3373 918 3416 τινα,
958 3368 1062 3405 non
1103 3361 1353 3419 παροινεῖν
1391 3375 1508 3410 τινα
1551 3359 1672 3411 171.

364 3442 645 3511 παροκωχή
679 3473 752 3482 —
786 3441 994 3509 παροχή
1036 3441 1159 3496 168.

365 3530 524 3599 παρος
563 3529 628 3584 de
665 3537 905 3601 tempore
942 3535 995 3582 et
1027 3526 1140 3581 loco
1180 3530 1306 3583 248.

365 3618 643 3688 παρουσίας
680 3648 754 3661 -
786 3617 1072 3685 περιουσίας
1113 3620 1238 3672 508.
