2436 4068
1281 222 1384 271 402

352 366 746 425 ὑποπεπωκότες
784 363 1038 433 reposuit.
1119 362 1377 415 Convivae
1418 362 1614 416 hilares
1647 364 1806 419 verba
1847 366 2134 438 Euripidea
2169 381 2319 419 usur-

355 454 549 526 pabant
589 470 617 507 e
657 451 985 506 nobilissimo
1031 449 1364 520 fragmento:

655 542 738 594 τὸν
777 540 820 593 δ’
860 536 927 592 αὖ
965 538 1180 592 θανόντα
1218 538 1306 591 καὶ
1347 537 1506 591 πόνων
1546 539 1873 604 πεπαυμένον

656 628 966 695 χαίροντας,
1005 629 1369 694 εὐφημοῦντας
1411 626 1694 692 ἐκπέμπειν
1734 627 1934 692 δόμων,

356 716 497 790 quod
532 715 779 770 fefellisse
812 714 1059 768 Editores
1099 714 1326 769 videtur.
1406 716 1470 768 In
1510 715 1847 768 Comicorum
1886 714 2176 770 festivitate
2215 733 2326 770 sae-

359 823 422 876 pe
478 803 867 858 ὑποπεπωκέναι
936 803 1204 865 recurrit,
1278 819 1432 873 saepe
1505 802 1835 856 malesanum
1903 804 2324 858 ὑποπεπτωκέναι

355 892 710 947 substitutum
764 892 934 944 risum
977 888 1228 944 movebit.
1308 891 1367 943 In
1422 890 1716 963 Lysistrata
1757 907 1831 943 νε.
1874 893 1999 944 480.
2041 892 2227 962 optimi
2269 891 2327 944 li-

357 980 440 1034 bri
481 981 760 1035 Ravennas
799 985 853 1033 et
905 977 1140 1032 Venetus
1181 979 1488 1049 conspirant
1531 979 1582 1031 in
1624 977 1853 1032 absurda
1893 979 2195 1050 scriptura:

658 1067 906 1132 ἐπαίομεν
945 1064 1253 1133 Βραυρῶνοέδ’
1298 1066 1866 1128 ὑποπεπτωκότες,

434 1156 697 1211 Similiter
731 1155 783 1207 in
823 1154 1116 1227 Lysistrata
1161 1171 1236 1207 VS.
1275 1158 1400 1208 595.
1445 1157 1498 1208 in
1540 1154 1789 1208 omnibus
1829 1161 1941 1209 est:

658 1245 686 1305 ἦ
727 1244 770 1296 δ’
813 1244 1289 1296 ὑποπεπτωκυῖ’
1330 1245 1358 1305 ἡ
1399 1244 1527 1307 γυνὴ
1568 1243 1642 1296 ’πὶ
1685 1247 1773 1296 τοῦ
1812 1243 2032 1308 τέγους,

356 1332 500 1386 solus
552 1332 831 1385 Ravennas
886 1331 1254 1383 ὑποπεπωκυῖα
1294 1333 1321 1394 ἦ
1363 1332 1493 1395 γυνή
1534 1332 1782 1385 servavit.
1861 1330 2108 1385 Caeteros
2143 1345 2325 1383 omnes

354 1407 458 1474 ‘non
515 1419 814 1481 sententia,
855 1434 959 1470 non
1001 1425 1233 1472 metrum
1276 1420 1471 1472 retinet
1509 1420 1796 1490 quominus
1855 1435 2014 1474 suum
2073 1418 2326 1472 πέπτωκα

358 1508 658 1562 inferciant.
739 1506 800 1560 In
840 1504 1041 1559 Eccles.
1085 1510 1208 1561 140.
1263 1506 1501 1560 nonnulli
1540 1506 1819 1561 exhibent:

657 1593 742 1648 καὶ
784 1595 1122 1661 λοιδοροῦνταί
1159 1596 1214 1658 γ’
1253 1592 1419 1661 ὥσπερ
1459 1596 1982 1659 ἐμπεπτωκότες.

431 1685 488 1737 ln
547 1681 916 1753 Aristophanis
975 1681 1274 1752 fragmento
1331 1682 1473 1753 apud
1523 1683 1854 1737 Athenaeum
1910 1686 2110 1754 1).422
2153 1682 2212 1735 F.
2270 1682 2324 1734 in

357 1772 623 1827 Marciano
662 1769 851 1823 Codice
890 1776 942 1823 et
982 1770 1035 1822 in
1077 1769 1396 1841 apographis
1436 1770 1665 1841 legitur:

580 1859 1029 1921 ὑποπεπτώκαμεν
1072 1858 1126 1920 *‚
1167 1854 1373 1925 ὦνδρες,
1417 1859 1502 1913 καὶ
1542 1863 1712 1918 καλῶς
1752 1859 2024 1924 ἧρίςαμεν,

349 1956 404 2002 et
447 1946 586 2020 apud
624 1945 1000 2017 Apollodorum
1042 1944 1344 2023 Carystium
1387 1946 1578 2000 Athen.
1620 1963 1667 2017 p.
1708 1948 1831 2000 280.
1874 1946 1934 2000 E.

582 2034 688 2097 ἐξὸν
729 2035 969 2101 ἱλαροὺς,
1016 2033 1329 2100 παίζονταςρ
1372 2034 1929 2094 ὑποπεπτωκότας.

429 2125 570 2178 Haec
612 2122 791 2175 omnia
824 2120 1128 2191 Leopardus
1165 2121 1466 2175 emendavit
1497 2124 1721 2193 primus
1776 2122 1940 2175 Multo
1979 2122 2138 2176 etiam
2175 2121 2328 2193 plura

356 2213 508 2267 facile
546 2209 759 2264 aliunde
794 2210 1038 2279 conquiri
1079 2216 1321 2279 possent,
1364 2216 1422 2262 ut
1462 2210 1601 2280 apud
1654 2209 1923 2263 Platonem
1978 2210 2030 2262 in
2077 2208 2323 2282 SympoS.

357 2305 464 2355 214
506 2299 559 2352 C.
620 2299 674 2350 in
710 2296 896 2350 multis
930 2296 1080 2349 libris
1121 2303 1200 2349 est
1239 2298 1411 2359 ἐπειδὴ
1454 2298 1897 2356 ε’κπέπτωκας
1957 2313 2051 2367 pro
2094 2297 2327 2351 ἐκπέπω-

359 2410 454 2449 κας
495 2394 548 2441 et
586 2387 640 2439 in
681 2384 958 2455 Eupolidis
1012 2383 1312 2454 fragmento
1355 2385 1494 2455 apud
1549 2385 1739 2438 Athen.
1784 2403 1832 2456 p.
1877 2387 1984 2438 502
2026 2385 2080 2437 B.
2137 2384 2326 2439 Casau-

359 2478 529 2531 bonus
584 2480 730 2528 recte
777 2475 1117 2539 προπεπωκώς
1177 2472 1456 2526 substituit
1515 2489 1609 2543 pro
1664 2473 2088 2540 προσπεπτωκώς.
2174 2472 2329 2544 Apud

359 2562 629 2621 Alexidem
679 2559 936 2616 Athenaei
991 2577 1038 2631 p.
1077 2563 1184 2613 226
1226 2560 1284 2614 F.
1343 2563 1790 2615 καταπεπτώκασ’
1829 2560 2004 2622 εὐθέως
2045 2560 2171 2613 olim
2213 2559 2328 2614 ede-

358 2655 519 2707 batur
558 2667 653 2722 pro
671 2648 1084 2703 καταπεπώκασ·’
1119 2647 1312 2708 εὐθέως.
1354 2648 1733 2720 Aristophanes
1769 2649 1820 2701 in
1863 2649 2087 2702 Bekkeri
2131 2647 2327 2702 Anecd.

362 2747 463 2805 51,
498 2743 589 2794 27.
632 2739 685 2790 iu
724 2737 884 2790 unico
917 2735 1106 2790 Codice
1142 2735 1341 2789 dixisse
1382 2744 1634 2790 narratur
1672 2744 1846 2802 γαλῆν
1887 2736 2330 2797 καταπέπτωκεν,

362 2835 416 2882 et
450 2827 698 2882 Cratinus
734 2823 875 2895 apud
920 2823 1246 2897 Hesychinm
1285 2842 1333 2877 v.
1374 2824 1685 2892 Μοισχοὲλην
1725 2825 1880 2891 αἴρειν
1933 2826 1984 2877 in
2042 2823 2330 2895 archetypo

361 2916 628 2969 Marciano
666 2911 855 2966 Codice
893 2911 1126 2965 traditur
1164 2912 1469 2983 scripsisse:

662 3002 752 3062 τὴν
793 2999 1085 3067 μασχάλην
1123 2999 1342 3067 αἵρωμεν
1383 3000 1924 3065 ἐμπεπτωκότες.

440 3088 594 3161 Apud
650 3088 961 3158 Harpocrat.
1017 3104 1068 3143 v.
1119 3088 1520 3155 Προπεπωκότες
1562 3089 1616 3141 in
1652 3087 1806 3141 libris
1846 3085 2162 3158 quibusdam
2216 3108 2329 3155 προ«

362 3175 693 3236 πεπτωκότες
750 3181 1027 3228 exaratum
1088 3181 1185 3230 est.
1267 3175 1408 3229 Haec
1460 3178 1639 3229 omnia
1698 3183 1751 3229 et
1806 3175 1888 3228 his
1941 3173 2137 3227 similia
2187 3191 2328 3229 nune

363 3264 735 3335 unusquisque
786 3269 846 3315 ut
898 3261 1099 3315 videbit
1149 3263 1335 3317 statim
1374 3263 1677 3317 emendabit
1731 3262 1865 3315 nihil
1909 3270 2137 3335 veterum
2174 3280 2330 3317 mem-

366 3353 647 3406 branarum
703 3350 862 3421 fidem
901 3350 1194 3414 reveritUS,
1233 3367 1392 3421 quam
1446 3352 1490 3403 si
1539 3352 1630 3421 qui
1670 3352 1811 3404 tueri
1848 3350 2042 3404 vellent
2084 3351 2330 3406 omnibus

360 3439 521 3494 etiam
563 3437 835 3493 stultiores
868 3454 1027 3508 quam
1070 3438 1172 3507 ipsi
1212 3437 1417 3491 librarii
1456 3439 1648 3492 merito
1688 3438 2018 3492 viderentur.

435 3526 652 3582 Scribae
689 3524 1135 3597 quemadmodum
1177 3526 1392 3581 πέπωκοι
1435 3528 1490 3580 in
1526 3526 1778 3581 πέπτωκα
1809 3526 2098 3598 depravare
2130 3527 2329 3581 assueti

354 3621 482 3670 sunt
515 3615 590 3672 sic
629 3613 872 3684 Δελφούς
897 3614 949 3667 ἰη
973 3613 1258 3682 ἀδελφούς,
1292 3616 1570 3683 Τυρρηνούς
1609 3617 1663 3668 in
1686 3615 1951 3682 τυράννους
1974 3631 2184 3670 summa
2205 3631 2323 3671 con-
