2436 4068
1251 228 1355 280 592

333 383 661 442 occurrunt,
717 375 880 430 veluti
942 375 995 426 in
1051 373 1379 427 Perictiones
1444 370 1742 440 fragmento
1803 373 1941 443 apud
2017 373 2301 428 Stobaeum

334 466 515 520 Floril.
551 464 804 519 LXXXV.
853 467 937 515 19.
992 463 1318 527 βρωτῆροις
1359 460 1409 512 δὲ
1451 456 1578 512 εἶναι
1614 465 1710 512 τῶν
1740 461 1946 520 τηλόθεν
1981 461 2008 523 ἢ
2046 469 2142 516 τῶν
2179 474 2305 515 πολ-

334 560 424 607 λοῦ
478 551 806 616 πωλεομένων
858 549 886 611 ἢ
939 554 1036 602 τῶν
1083 547 1303 611 ἐνδόξων.
1383 549 1578 614 Βρωτήρ
1632 545 2047 602 Atheniensibus
2106 549 2307 602 dicitur

336 643 510 704 ε’δεςής
555 640 634 712 (ut
676 637 814 708 apud
856 636 1211 707 Antiphanem
1270 634 1460 688 Athen.
1503 652 1554 704 p.
1592 638 1699 688 559
1744 636 1806 687 A.

637 724 920 788 Μισγόλοος
959 724 1063 790 γὰρ
1098 726 1150 777 οὐ
1194 723 1331 777 πάνυ
1365 722 1375 795 Ι
1409 724 1597 776 τούτων
1640 721 1854 794 ἐδεςης.)

411 814 612 869 Ibidem
651 829 810 883 quem
854 810 929 865 illi
969 813 1152 875 θεατήν
1184 811 1452 883 appellant
1490 812 1712 875 θηητῆροο
1754 809 1958 863 dictum
2003 810 2236 864 videbis:
2279 811 2309 871 ἦ

336 903 440 970 γὰρ
476 905 653 956 ταῦτα
685 899 934 967 ζητέουσοι
982 899 1255 965 θηητῆροο
1302 898 1467 966 ζητέει
1502 898 1749 964 οέκροισίης
1792 899 2109 963 γυνοοικηΐης.

339 1028 341 1032 ⁴
412 988 665 1044 Eiusdem
721 986 920 1040 formae
973 986 1290 1040 vocabulum
1342 987 1396 1038 in
1441 984 1706 1056 Odysseae
1746 984 1859 1038 loco
1918 1002 2133 1056 gravem
2193 1000 2312 1038 cor-

338 1076 602 1149 ruptelam
643 1074 775 1128 mihi
816 1091 1033 1145 passum
1075 1092 1191 1129 esse
1239 1074 1470 1128 videtur.
1553 1073 1773 1143 Legitur
1811 1090 1955 1127 nuno
2001 1082 2065 1127 Θ.
2113 1075 2235 1125 16“2.

642 1163 803 1230 οέρχὸς
847 1161 1079 1246 νοιυτξέων
1121 1161 1172 1216 οἵ
1205 1185 1263 1217 τε
1312 1167 1691 1229 πρηκτῆρες
1738 1160 1896 1214 ἔωσιν.

417 1252 548 1320 Quis
596 1258 777 1305 autem
818 1256 1036 1320 exputet
1072 1250 1333 1320 quomodo
1373 1257 1654 1317 πρηκτῆρες
1695 1249 1768 1302 ibi
1810 1248 2114 1319 significare
2149 1248 2317 1319 possit

339 1341 578 1407 ἔμποροι,
627 1345 686 1391 ut
727 1336 989 1409 Hesychio
1046 1337 1293 1402 videtur,
1333 1345 1428 1392 aut
1484 1338 1901 1406 προογμοιτευτωί
1938 1336 2020 1390 vel
2067 1335 2316 1403 πραγμά-

341 1451 439 1484 των
480 1428 704 1493 ἔμπειροι
749 1423 829 1478 vel
863 1427 1042 1489 μισθοῦ
1083 1426 1382 1487 οέποοιτητοιί
1400 1469 1414 1490 ,
1460 1433 1518 1479 ut
1557 1431 1779 1479 narrant
1823 1424 1950 1488 alii,
1991 1423 2185 1495 quibus
2229 1424 2317 1478 At-

341 1518 574 1571 ticorum
610 1512 889 1580 προέκτορες
921 1512 1143 1567 sortasse
1175 1513 1611 1568 obversabantur.
1695 1513 1929 1582 Antiqua
1963 1519 2016 1566 et
2057 1528 2182 1565 vera
2215 1511 2318 1565 lec-

343 1606 419 1658 tio
454 1603 571 1657 erui
604 1606 776 1672 potest
814 1617 877 1653 ex
914 1602 1134 1671 antiquo
1165 1602 1364 1656 scholio
1400 1602 1465 1655 ad
1505 1600 1779 1673 Sophoclis
1815 1601 2114 1668 Antigonen
2147 1603 2318 1653 1034:

344 1689 850 1756 ἀπημπόλημοοιε
903 1688 1212 1755 πέπρωμοιι,
1272 1689 1763 1757 πεπροογμοέτευμοιι
1818 1688 1904 1742 καὶ
1960 1687 2217 1755 “Ὀμηρος·
2270 1683 2330 1740 οἵ

346 1802 417 1835 τε
471 1784 824 1846 πρηκτῆρες
872 1775 1087 1839 ἔωσιν,
1143 1793 1329 1831 verum
1386 1794 1488 1830 non
1543 1776 1643 1830 hoc
1685 1776 1902 1846 scripsit
1953 1775 2183 1828 Criticus
2232 1774 2323 1828 sed

348 1875 635 1936 πρητηρες,
694 1863 832 1935 quod
874 1881 1036 1934 quam
1092 1863 1223 1919 bene
1282 1882 1376 1936 pro
1433 1863 1637 1932 ἔμποροι
1697 1864 1910 1918 dicatur
1962 1869 2016 1916 et
2069 1862 2170 1923 iis,
2232 1861 2325 1933 qui

351 1972 556 2010 merces
610 1969 741 2006 suas
789 1951 1185 2006 divenditarent
1238 1953 1410 2006 sicubi
1460 1954 1612 2006 navis
1663 1951 1986 2023 appulisset,
2051 1949 2205 2005 facile
2244 1957 2326 2004 est

349 2044 416 2099 ad
457 2039 883 2110 intelligendum.
965 2039 1068 2094 Sed
1121 2040 1305 2110 procul
1346 2057 1376 2093 a
1410 2039 1737 2114 Cyropaedia
1787 2038 2027 2110 digressa
2081 2046 2159 2092 est
2209 2055 2325 2092 ora-

349 2134 452 2196 tic,
507 2129 571 2184 ad
631 2144 790 2199 quam
833 2126 1090 2181 redeundi
1134 2134 1343 2198 tempus
1390 2135 1487 2182 est.
1573 2128 1716 2181 Unus
1756 2133 1968 2181 tantum
2011 2133 2092 2180 est
2126 2127 2180 2179 in
2229 2126 2325 2199 Cy-

349 2217 600 2291 ropaedia
635 2215 819 2278 locuS,
861 2214 952 2268 ubi
992 2215 1230 2286 priscum
1274 2214 1522 2285 loquendi
1564 2232 1733 2284 genus
1782 2214 1944 2269 alicui
1981 2220 2167 2285 poetae
2206 2213 2326 2267 sub-

352 2307 551 2363 lectum
609 2321 725 2358 esse
777 2302 1056 2364 videatur,
1099 2303 1185 2356 VI.
1229 2321 1297 2355 lv.
1340 2306 1391 2356 6.
1453 2308 1567 2367 γῆν
1621 2302 2080 2356 ἐπιέσσοοσθοοι
2120 2305 2326 2366 μᾶλλον

355 2397 383 2459 ἢ
419 2395 545 2462 ζῆν,
588 2392 653 2446 de
693 2408 798 2462 qua
832 2407 892 2444 re
927 2390 1357 2444 luculentissima
1392 2398 1474 2444 est
1511 2389 1902 2445 Hemsterbusii
1949 2390 2220 2442 annotatio
2260 2388 2328 2443 ad

355 2481 683 2555 Hesychium
725 2497 772 2533 V.
825 2479 1299 2533 Ἑπιὲσσοισθοοι
1348 2486 1493 2544 γῆνῑ
1546 2483 1817 2547 τοοφῆνοιι,
1874 2479 1981 2530 iam
2036 2494 2067 2531 a
2112 2476 2329 2531 Schnei-

357 2570 483 2624 dero
531 2568 764 2623 laudata.
844 2567 956 2620 Non
1007 2583 1120 2621 esse
1167 2565 1298 2620 haec
1339 2566 1499 2621 verba
1534 2583 1595 2621 ex
1648 2583 1738 2620 ore
1789 2564 1970 2636 populi
2022 2572 2198 2619 sumta
2237 2563 2331 2619 sed

352 2658 422 2712 ab
463 2657 860 2728 aliquoneorum
884 2698 898 2719 ,
941 2655 1138 2726 quibus
1192 2660 1333 2708 esset
1372 2672 1524 2709 mens
1559 2654 1791 2708 divinior
1830 2660 1990 2724 atque
2025 2670 2082 2707 os
2135 2669 2331 2720 magna

358 2751 674 2800 sonaturum
716 2743 890 2815 palam
926 2751 1023 2797 est.
1102 2742 1254 2797 Nunc
1290 2742 1356 2797 ad
1401 2742 1505 2797 alia
1545 2743 1856 2814 sequiorum
1896 2740 2214 2796 emblemata
2252 2741 2329 2793 in-

358 2832 598 2904 daganda
638 2838 894 2886 revertor.

434 2921 495 2974 In
547 2918 837 2993 Cyropaed.
874 2919 965 2972 VI.
1012 2935 1083 2972 111.
1133 2922 1216 2973 18.
1277 2918 1424 2973 locus
1475 2926 1556 2974 est
1596 2936 1628 2972 a
1675 2916 1972 2987 magistello
2022 2917 2201 2987 inepte
2250 2916 2330 2969 in-

359 3007 654 3080 terpolatus
705 3007 826 3060 hic:
886 3007 972 3060 κοοί
1027 3008 1128 3072 μην
1169 3040 1244 3049 -
1281 3007 1460 3068 ὦςοὶν
1507 3007 1868 3076 ἀσφαλές-κτα
1927 3005 2103 3065 εἰδείην
2151 3003 2330 3057 ὁπόσον

359 3100 418 3152 τὸ
459 3094 731 3164 ςροέτευμά
767 3096 871 3149 ἐςιν
911 3095 1141 3149 ἐποίουν·
1198 3093 1565 3157 συνεξέταττον
1616 3095 1721 3162 γὰρ
1769 3094 1937 3159 ποορὼν
1986 3091 2190 3152 αὐτούς.
2270 3091 2329 3145 In

357 3185 481 3239 aliis
514 3192 620 3238 est:
661 3182 747 3235 κοιί
802 3183 904 3245 μὴν
948 3185 1011 3242 ὥς
1064 3182 1353 3251 crambem&
1402 3188 1457 3246 γ’
1509 3182 1573 3238 ἂν
1625 3182 1800 3242 εἰδείην
1843 3181 2066 3244 ἐποίουν,
2119 3180 2332 3233 omissis

359 3272 535 3326 verbis
587 3269 765 3324 ὁπόσον
823 3274 881 3323 τὸ
946 3269 1218 3336 ςροὶτευμοέ
1272 3273 1392 3328 ἐςιν.
1484 3271 1598 3325 Non
1644 3275 1854 3324 tantum
1907 3268 2036 3322 haec
2089 3267 2249 3322 verba
2300 3284 2331 3321 a

361 3360 522 3415 sciolo
563 3357 880 3429 interpolata
925 3363 1081 3421 sunt,
1137 3358 1227 3412 sed
1268 3359 1463 3413 ἐποίουν
1517 3373 1760 3428 quoque,
1800 3361 1854 3410 et
1903 3362 2179 3427 praeterea
2219 3372 2330 3409 cor-

360 3455 507 3503 recto
547 3447 676 3500 vitio
719 3447 770 3498 in
815 3444 1006 3499 ultimo
1044 3445 1297 3500 vocabulo
1341 3448 1419 3501 sic
1452 3446 1600 3499 locus
1640 3451 1720 3498 est
1761 3443 2200 3497 constituendus:
2242 3444 2327 3496 κοοὶ

359 3538 460 3603 μὴν
497 3566 568 3575 ——
595 3533 882 3604 σωφέςοοτοὶ
917 3536 973 3598 γ’
1009 3532 1072 3587 ἂν
1107 3534 1285 3595 εἰδείην
1309 3551 1322 3565 ·
1361 3531 1730 3596 συνεξέταττον
1763 3531 1866 3598 γὰρ
1914 3534 2082 3598 ποιρὼν
2121 3531 2328 3591 αὐτάς.

311 3626 537 3694 »Ποιρὼν
572 3624 726 3686 «κῦτος
763 3639 923 3695 quam
960 3639 1114 3695 saepe
1154 3621 1367 3678 dicatur
1401 3627 1587 3677 notum
1615 3626 1696 3676 cst
1734 3637 1903 3691 ncquc
1940 3620 2123 3676 multis
2160 3636 2329 3675 exem-
