2436 4068
1036 175 1138 231 745

100 324 446 397 sequentibus
502 325 679 396 inepte
732 324 1019 394 repetitum
1073 325 1177 393 ἰδία
1232 339 1490 395 expunge.
1584 321 1871 395 Xenophon
1919 322 2074 396 plane

98 415 427 470 contrarium
469 412 703 467 scribere
744 418 1021 483 potuerat:
1064 412 1334 482 δημοσία
1396 414 1523 485 (non
1563 411 1687 485 ἰδία)
1729 413 2065 478 οἰκοδομεῖται

98 504 394 569 παλαίςρας
446 500 689 565 πολλαὶς,
743 507 803 553 ut
852 498 1009 571 paulo
1061 506 1184 554 ante
1237 500 1430 554 θύουσιν
1482 497 1563 555 οὖν
1622 501 1842 571 δημοσία
1911 503 2069 568 ἱερεῖα

95 590 310 653 πολλα,
372 589 463 644 sed
511 587 702 642 maluit
756 586 1042 641 variandae
1096 589 1352 642 orationis
1408 589 1582 659 gratia
1641 589 1718 643 sic
1775 587 1986 643 dicere:
2044 589 2069 642 ὃ

94 679 250 741 δῆμος
298 680 453 738 αὐτὸς
494 677 634 744 αὑτῷ
669 677 1043 740 οἰκοδομεῖται,
1085 674 1226 746 quod
1272 676 1491 746 perinde
1541 683 1637 730 esi.
1718 676 1778 730 In
1815 692 1907 730 ora
1945 675 2072 730 libri

95 768 394 838 appositum
432 766 535 833 ἰδία
575 762 641 817 ad
681 762 1058 831 corrigendum
1094 761 1302 816 scribae
1343 780 1576 819 errorem
1615 765 1720 822 ἑςὶν
1761 765 1890 819 ἴδια
1925 764 2068 825 ἐνίοις

94 854 149 907 ἰη
190 853 418 908 alienam
456 852 633 907 sedem
686 851 905 922 irrepsit
942 849 1226 922 verbisque
1276 851 1470 906 vicinis
1506 851 1764 906 adhaesit.
1844 853 1923 906 Ex
1969 852 2070 906 hoc

93 940 207 996 loco
263 942 551 997 laudantur
601 957 631 994 a
678 939 890 994 Polluce
921 939 1010 994 IX.
1055 943 1142 994 45.
1195 940 1239 993 οἱ
1293 939 1438 1007 παρα
1490 945 1769 1008 Ξενοφῶντι
1827 941 1877 994 ἐν
1917 942 2068 1004 Ἀθη-

16 1023 17 1032 ¹
51 1062 53 1066 .
93 1032 242 1086 ναίων
281 1029 519 1099 πολιτεία
556 1033 939 1095 λουτρῶνες.

170 1119 351 1173 Insere
387 1116 676 1175 articulum
714 1115 771 1169 in
811 1115 877 1169 ll.
924 1119 1024 1170 17:
1066 1114 1142 1170 ἔτι
1181 1115 1234 1169 δὲ
1277 1113 1418 1188 (τὰς)
1459 1116 1780 1182 συμμαχίας
1821 1117 1908 1171 καὶ
1950 1117 2068 1178 τοὺς

13 1235 17 1250 ,
90 1193 259 1264 ὅρκους
299 1229 373 1238 -
409 1193 618 1258 ἀνάγκη
673 1193 961 1258 ἐμπεδοῦν,
1010 1197 1063 1246 et
1112 1191 1166 1245 in
1213 1193 1242 1261 §
1287 1193 1373 1245 18.
1434 1190 1584 1256 μέγα
1622 1192 1676 1243 in
1718 1191 1833 1246 his:
1874 1194 2000 1247 ἀλλ’
2037 1192 2066 1256 ἢ

11 1312 15 1327 ⁴
91 1285 331 1344 πλούσιος
386 1283 414 1345 ἢ
463 1287 697 1347 γενναῖος
751 1280 779 1343 ἢ
838 1278 1027 1354 (μέγα)
1083 1277 1356 1345 δυνάμενος
1380 1321 1393 1342 ,
1454 1279 1653 1334 Graece
1710 1280 1855 1334 enim
1912 1279 2069 1334 homo

14 1367 15 1370 Ἴ
86 1381 268 1445 polens
307 1387 410 1425 non
452 1370 653 1424 dicitur
689 1368 962 1433 δύνασθαι,
1002 1366 1093 1422 sed
1130 1368 1278 1434 μέγα
1331 1367 1614 1432 δύνασθαι,
1674 1368 1751 1423 sic
1803 1375 1856 1424 et
1894 1369 2069 1438 μεῖζον

90 1462 332 1516 δύνασθαι
373 1458 623 1512 dicebant
661 1463 715 1511 et
752 1455 995 1510 δύνασθαι
1042 1456 1258 1522 μέγιςον
1307 1473 1405 1528 pro
1453 1459 1796 1528 potentiorem
1847 1474 1962 1513 esse
2018 1464 2072 1514 et

85 1549 527 1623 potentissimum.

166 1638 228 1692 In
286 1639 316 1708 §
363 1641 448 1691 18.
502 1641 557 1690 et
613 1634 717 1689 alia
757 1634 949 1688 vitiosa
987 1639 1116 1687 sunt
1169 1640 1223 1688 et
1275 1632 1540 1702 ἑξεύρηκεν
1599 1635 1654 1688 in
1704 1633 1916 1689 verbis:
1977 1634 2066 1689 καὶ

12 1773 13 1782 ,
93 1727 382 1796 προφάσεις
421 1724 607 1792 μυρίας
649 1722 972 1788 ἐξεύρηκε
1026 1726 1115 1776 τοῦ
1155 1723 1229 1787 μη
1277 1730 1437 1778 ποιεῖν
1475 1720 1572 1777 ὅσα
1626 1721 1690 1776 ἂν
1730 1724 1803 1788 μη
1842 1722 2070 1790 βούλων*

12 1860 13 1877 ,
91 1838 202 1874 ται.
281 1816 411 1871 Nam
462 1811 591 1884 quid
632 1811 731 1866 sibi
786 1809 897 1863 vult
939 1810 992 1863 in
1030 1810 1125 1863 tali
1165 1827 1226 1865 re
1266 1810 1605 1882 perfectum?
1687 1811 2072 1882 Reponendum

97 1923 284 1963 censeo
325 1904 634 1970 ἐξευρίσκει,
692 1907 748 1953 ut
789 1899 827 1953 Ι.
871 1903 920 1952 6.
977 1898 1227 1967 ἄνθρωπος
1275 1900 1480 1967 πονηρὸς
1539 1898 1924 1967 ἐξευρίσκει
1977 1901 2071 1954 τοὶ·-

95 1999 254 2062 γαθὸν
294 1995 434 2060 αὑτῷ
473 2013 532 2046 τε
572 1990 659 2044 καὶ
706 1995 810 2050 τοῖς
852 1989 1035 2053 ὁμοίοις
1088 1990 1264 2057 αὑτῷ,
1318 1995 1370 2042 et
1410 1989 1609 2059 passim
1652 1987 1794 2042 alibi.
1875 1988 2073 2043 Notum

10 2074 13 2145 ]
98 2093 176 2141 est
233 2093 279 2139 H
316 2091 367 2137 et
409 2091 515 2141 ΙΣ,
568 2102 596 2142 η
639 2086 691 2132 et
730 2098 817 2142 ισ,
872 2077 1167 2130 sexcenties
1222 2078 1365 2130 inter
1421 2093 1476 2130 se
1526 2077 1837 2147 permutari.
1918 2076 2074 2148 Apud

8 2178 14 2189 '
99 2172 425 2247 Hesychium
467 2170 507 2224 1.
564 2171 774 2239 12125.
835 2164 1263 2222 Γυιοδόνιςον
1317 2164 1516 2233 legitur
1574 2181 1668 2235 pro
1721 2164 2074 2229 γυιοδόνητον,

98 2269 151 2317 et
192 2263 390 2332 p.552.
432 2255 959 2326 ἀφιλονείκιςον
1001 2270 1096 2325 pro
1130 2254 1522 2322 ἀφιλονίκητον,
1563 2259 1615 2306 et
1654 2269 1704 2324 p.
1727 2257 1853 2308 375.
1900 2253 2074 2321 ἐξηρ-

8 2355 10 2360 ’
98 2349 421 2415 τισμένος
497 2362 591 2416 pro
664 2343 1032 2411 ἐξηρτημένος,
1093 2349 1146 2396 et
1213 2346 1430 2413 1›.442.
1501 2341 2091 2411 καταπεφρόνιςο.

100 2457 197 2513 pro
254 2433 722 2502 καταπεφρόνητο,
778 2439 831 2486 et
884 2448 935 2502 p.
976 2434 1100 2485 711.
1158 2429 1683 2496 ἐξουδενημένος
1739 2447 1833 2500 pro
1886 2430 2078 2493 ἐξουδε·

7 2530 10 2543 ’
100 2529 361 2595 νισμένος,
420 2531 474 2579 et
528 2521 724 2575 similia
782 2520 1021 2592 passim,
1083 2518 1224 2573 unde
1286 2519 1390 2573 duo
1446 2525 1656 2573 tantum
1714 2518 1850 2572 addo
1911 2536 1975 2574 ex
2009 2519 2078 2572 ΙΙ.

101 2637 153 2692 p.
177 2621 303 2672 235.
346 2612 784 2686 ε’μβρόντιςος
826 2626 921 2679 pro
960 2607 1334 2675 ἐμβρόντητος,
1372 2615 1424 2662 et
1465 2608 1835 2673 νομήματα
1870 2624 1967 2678 pro
2007 2626 2079 2662 νο-

8 2715 10 2725 '
103 2709 355 2775 μίσματα
395 2701 460 2757 11.
502 2719 553 2773 p.
591 2702 717 2754 686.
799 2696 972 2751 Simili
1018 2695 1257 2750 socordia
1296 2695 1632 2750 confundunt
1673 2695 1818 2749 aliud
1860 2702 2080 2766 agentes

105 2804 150 2851 H
186 2801 240 2850 et
270 2802 345 2848 TI
386 2800 438 2847 et
478 2799 584 2855 ΙΤ,
626 2795 686 2842 ut
726 2785 867 2858 apud
922 2784 1249 2858 Hesychium
1292 2785 1332 2839 l.
1375 2802 1424 2856 p.
1462 2789 1550 2839 50.
1609 2784 1935 2849 ὁμότηθος
1986 2802 2082 2856 pro

105 2885 398 2951 ὄμότιτθος,
439 2886 488 2934 et
533 2894 652 2950 pag.
681 2879 804 2929 755.
842 2874 1263 2939 τηθολαβεῖν
1315 2891 1407 2945 pro
1433 2875 1792 2940 τιτθολαβεῖν,
1834 2882 1885 2928 el
1927 2891 2084 2945 saepe

105 2971 267 3028 simili
312 2967 466 3023 modo
508 2972 776 3038 peccatur.
858 2963 962 3018 Nec
1004 2970 1212 3017 tantum
1257 2971 1460 3017 veteres
1510 2962 1716 3017 scribac
1757 2963 1834 3016 sic
1875 2969 2078 3016 errant.

106 3061 207 3129 Qui
272 3056 555 3133 Hyperidis
615 3054 906 3108 orationem
974 3052 1116 3106 κατα
1180 3051 1526 3117 Δημοσθένους
1587 3051 1871 3105 ediderunt
1935 3048 2082 3103 aliud

107 3156 325 3221 agentes
377 3144 855 3211 καταπεφρόντικεν
911 3157 1005 3212 pro
1040 3141 1500 3208 καταπεφρόνηκεν
1538 3157 1600 3194 ex
1640 3145 1849 3194 vetusto
1891 3137 2082 3193 Codice

108 3237 511 3308 descripserunt
550 3235 600 3287 in
643 3232 754 3286 his:
809 3233 1044 3285 τοσοῦτον
1085 3229 1157 3292 δ’,
1198 3226 1233 3283 ὦ
1274 3228 1446 3296 ἄνδρες
1489 3228 1727 3290 δικαςαί,
1784 3230 1872 3280 τοῦ
1911 3226 2082 3293 προέγ·

108 3346 274 3392 ματος
329 3322 922 3390 καταπεφρόντικεν
963 3317 1317 3382 Δημοσθένης,
1357 3322 1562 3383 μᾶλλον
1604 3318 1688 3379 δὲ,
1742 3316 1783 3368 εἷ
1827 3316 1906 3368 δεῖ
1939 3315 2083 3379 μετὰ

109 3413 392 3481 παρρησίας
449 3411 647 3471 εἰπεῖν,
706 3409 843 3474 ὑμῶν
897 3407 1122 3461 καὶτῶν
1178 3406 1375 3472 νόμων,
1432 3404 1520 3458 ubi
1577 3404 1695 3458 luce
1755 3400 1954 3457 clarius
2001 3408 2084 3457 est

113 3500 571 3569 καταπεφρόνηκεν
610 3496 675 3551 ab
714 3504 922 3551 oratore
963 3494 1166 3551 dictum
1210 3502 1261 3550 ct
1303 3510 1329 3548 a
1374 3492 1594 3547 librario
1634 3492 1897 3563 scriptum
1941 3507 2079 3553 esse}

114 3589 202 3645 sed
246 3589 308 3643 nd
354 3585 750 3658 Xenophontem
795 3590 1047 3641 revertor.

1674 3672 1717 3703 53
