2436 4068
1050 270 1132 308 xxt

88 413 282 484 quibus
321 421 372 467 et
421 414 531 485 ipse
586 412 719 466 nihil
770 411 912 467 aliud
968 429 1222 485 reponam
1263 428 1422 484 quam
1472 412 1609 484 quod
1653 413 2058 485 epigrammatis

88 520 306 566 auctor:

385 614 457 667 σοὶ
498 616 593 679 μὲν
634 618 809 668 ταῦτα
848 613 1070 667 δοκοῦντ’
1110 612 1204 671 ἔςω
1229 656 1242 677 ,
1283 615 1391 681 ἐμοὶ
1434 615 1487 669 δὲ
1527 613 1670 669 τάδε.

160 711 389 767 Omnino
422 731 526 768 non
568 713 774 768 deesset
812 711 947 767 mihi
985 711 1173 784 longae
1214 714 1558 786 praefationis
1609 715 1837 770 materia
1876 716 1922 768 si
1958 715 2063 770 vel-

84 812 188 868 lem
234 812 503 868 nonnullis
542 811 895 885 respondere,
930 812 1126 885 quibus
1159 830 1278 868 mea
1309 815 1558 870 vellicare
1597 822 1650 870 et
1690 831 1910 888 carpere
1951 824 2062 870 stu-

85 913 170 968 dio
210 913 344 978 suit,
385 915 584 986 quique
624 913 760 968 mibi
798 921 1070 986 tamquam
1113 913 1310 969 bellum
1354 915 1681 971 indixerunt.
1740 916 1843 972 Sed
1881 934 1940 972 ea
1978 934 2064 972 res

85 1031 255 1087 neque
301 1014 433 1068 mibi
468 1014 643 1088 placet
684 1031 856 1087 neque
894 1014 1083 1070 utilem
1131 1031 1247 1070 esse
1288 1014 1541 1071 arbitror.
1623 1018 1850 1090 Pergam
1902 1017 2066 1072 libere

84 1115 262 1170 dicere
300 1115 441 1187 quod
477 1117 741 1171 sentiam:
783 1115 1102 1188 obloquatur
1139 1124 1191 1171 et
1224 1116 1512 1189 redarguat
1548 1118 1638 1189 qui
1660 1120 1859 1190 poterit
1889 1126 1941 1173 et
1975 1119 2069 1190 qui

85 1216 239 1271 volet.
319 1216 449 1271 Uter
506 1218 711 1271 veriora
752 1216 950 1272 dixerit
996 1222 1095 1272 τῶν
1134 1218 1413 1273 ἐπαϊόντων
1453 1219 1634 1274 τούτου
1674 1218 1785 1287 πέρι
1827 1220 2065 1290 cognitio

85 1317 453 1390 iudiciumque
499 1325 629 1373 esto.
693 1318 748 1373 Si
790 1319 912 1390 quis
952 1335 1128 1374 meam
1165 1320 1488 1375 sententiam
1530 1319 1741 1375 indocte
1785 1327 1837 1375 et
1873 1320 2066 1393 cupide

82 1419 292 1483 reiicit,
332 1418 460 1472 dum
484 1418 640 1473 modo
670 1419 742 1474 sit
780 1436 935 1483 vera,
979 1421 1140 1475 etiam
1175 1437 1262 1475 me
1301 1427 1509 1475 tacente
1546 1437 1646 1474 non
1686 1420 1913 1476 deerunt
1945 1420 2066 1473 vin-

82 1518 227 1574 dices
265 1520 524 1574 veritatiS.
619 1519 733 1574 Nisi
784 1526 964 1575 autem
1019 1527 1197 1576 essent
1257 1522 1347 1593 qui
1386 1520 1450 1575 de
1490 1520 1574 1575 his
1623 1519 1785 1576 rebus
1825 1520 2067 1576 iudicare

82 1626 337 1692 possent,
379 1620 572 1692 quibus
613 1620 866 1687 tandem,
908 1638 1142 1694 quaese,
1187 1621 1588 1678 scriberemus?
1669 1621 1912 1677 Profecto
1951 1621 2066 1694 plu·
2140 1616 2142 1619 ’

83 1722 281 1777 rimum
324 1721 472 1777 abest
511 1730 574 1778 ut
612 1739 770 1795 aegre
806 1722 973 1778 feram
1015 1741 1130 1779 esse
1180 1725 1271 1797 qui
1330 1723 1464 1778 mihi
1507 1724 1705 1778 acriter
1744 1741 1807 1778 ac
1849 1731 2067 1778 strenue

82 1822 468 1878 contradicant.
561 1823 801 1896 Namque
859 1831 912 1879 et
960 1825 1075 1897 ipse
1133 1823 1504 1879 lubentissime
1562 1823 1810 1879 omnibus
1869 1841 2065 1896 magna

81 1940 204 1978 cum
245 1924 493 1980 libertate
531 1925 672 1980 soleo
713 1923 1082 1979 contradicere
1123 1931 1177 1979 et
1216 1923 1376 1978 falsas
1417 1924 1693 1996 opiniones
1746 1941 2062 1998 erroresque

83 2023 405 2096 redarguere
445 2041 630 2079 eorum
670 2025 992 2097 praesertim
1031 2041 1165 2096 quos
1207 2023 1400 2078 faciam
1460 2025 1699 2078 maximi.
1780 2025 2064 2082 Lubentis-

81 2126 218 2180 sime
256 2142 382 2180 cum
422 2126 685 2180 hleinekio
723 2133 776 2182 et
816 2125 1104 2180 Dindorfiis
1155 2132 1208 2180 et
1249 2126 1515 2198 Bergki0,
1569 2133 1620 2181 et
1662 2127 1708 2180 si
1749 2128 1870 2199 quis
1923 2128 2062 2183 alius

80 2234 163 2282 est
202 2226 287 2281 his
328 2227 559 2293 similis,
601 2227 922 2283 contendere
958 2226 1134 2292 soleo,
1192 2243 1296 2281 non
1338 2225 1519 2282 hercle
1559 2235 1620 2282 ut
1661 2228 1954 2301 quidquam
1997 2229 2067 2286 de

81 2326 295 2383 illorum
345 2329 585 2383 virorum
640 2328 798 2384 laude
842 2327 1058 2383 invidus
1111 2327 1390 2383 detraham
1448 2327 1609 2403 (absit
1662 2345 1694 2384 a
1744 2347 1828 2384 me
1881 2331 2070 2387 istius·-

81 2428 223 2484 modi
261 2431 626 2501 μικροψυχία,
669 2429 1121 2503 quemadmodum
1164 2436 1246 2484 sat
1285 2430 1397 2484 scio
1436 2435 1489 2483 et
1529 2429 1646 2485 illos
1684 2430 1820 2485 mihi
1860 2449 1964 2487 nou
2001 2451 2071 2489 eo-

81 2532 260 2587 animo
308 2549 711 2605 nonnumquam
753 2530 1173 2605 contradicere),
1225 2530 1318 2587 sed
1361 2547 1698 2596 neerroreS,
1749 2549 1881 2605 quos
1925 2533 2070 2591 forte·

82 2633 485 2698 commiserint,
529 2632 719 2688 talium
761 2633 996 2688 virorum
1059 2633 1382 2688 auctoritate
1437 2631 1798 2690 stabiliantur.
1878 2635 2058 2691 Nemi-

82 2751 200 2791 nem
240 2734 453 2790 illorum
492 2752 607 2791 esse
647 2743 795 2791 certo
829 2735 939 2790 scio
981 2735 1072 2807 qui
1111 2751 1212 2788 non
1256 2731 1443 2805 probet
1482 2739 1535 2787 et
1576 2740 1834 2805 sequatur
1874 2735 2059 2793 Socra·

79 2839 150 2895 tis
186 2838 508 2895 sententiam
549 2838 603 2891 in
645 2836 881 2891 Platonis
937 2836 1130 2908 Gorgia
1184 2853 1234 2908 p.
1270 2839 1395 2890 458.
1438 2835 1498 2890 A.
1559 2834 1642 2890 bis
1682 2836 1857 2892 verbis
1897 2856 2059 2912 expo-

78 2942 266 2997 sitam:
321 2941 423 3006 ἐγὼ
461 2940 512 2994 δὲ
565 2939 711 2994 τίνων
749 2939 859 3006 εἶμί
879 2958 892 3003 ;
949 2943 1046 2994 τῶν
1082 2938 1230 3002 ἡδέως
1280 2939 1373 3004 μὲν
1414 2936 1478 2992 ἂν
1523 2939 1880 3007 ἐλεγχθέντων
1921 2942 1970 2997 εἴ
2006 2963 2056 2999 τι

78 3045 152 3109 μὴ
191 3044 376 3105 ἀληθὲς
430 3041 608 3109 λέγω,
661 3042 812 3105 ἡδέως
848 3042 892 3096 δ’
931 3040 995 3096 ἂν
1047 3039 1377 3107 ἐλεγξάντων
1425 3039 1474 3094 εἴ
1520 3039 1600 3102 τίς
1639 3061 1689 3094 τι
1741 3043 1816 3108 μὴ
1868 3044 2057 3108 ἀληθὲς

79 3144 258 3210 λέγοι,
316 3145 405 3199 οὐκ
456 3142 721 3212 ἆηδέςερον
761 3141 959 3210 μέντᾶν
997 3141 1417 3212 ἕλεγχθέντωνῆ
1477 3139 1821 3207 ἐλεγξάντων.
1880 3146 2055 3215 μεῖζον

80 3247 186 3314 γὰρ
218 3245 346 3301 αὐτὸ
379 3246 578 3311 ἀγαθὸν
612 3247 840 3312 ἠγοῦμαι
874 3242 1066 3314 ὅσῳπερ
1105 3243 1279 3313 μεῖζον
1311 3241 1508 3309 ἀγαθόν
1542 3244 1646 3301 ε’ςιν
1681 3245 1838 3299 αὐτὸν
1876 3248 2055 3303 ἀπαλ-

80 3355 308 3414 λαγῆναι
350 3349 565 3415 ψευδοῦς
606 3346 752 3412 δόξης
794 3349 822 3412 ἢ
864 3346 1023 3402 ἄλλον
1064 3344 1399 3410 ἀπαλλάξαι.
1482 3344 1719 3400 Eandem
1774 3363 1870 3418 ego
1911 3366 2055 3404 sem·

83 3466 175 3520 per
214 3457 266 3504 et
307 3448 523 3522 probavi
566 3456 619 3504 et
668 3455 885 3504 secutus
926 3464 1076 3503 sum:
1133 3449 1312 3520 itaque
1353 3445 1730 3501 dissentientes
1771 3454 1822 3503 et
1866 3457 2051 3506 contra

0 3594 3 3597 .
81 3550 317 3607 dicentes
363 3551 450 3607 ubi
499 3559 705 3608 rectum
748 3550 925 3607 vident
970 3568 1089 3606 aino
1130 3559 1178 3607 ct
1231 3549 1500 3614 admiror,
1559 3548 1648 3603 ubi
1692 3549 1823 3603 nihil
1864 3550 2052 3614 dicunt

1787 3634 1830 3650 U
