2436 4068
1342 246 1410 294 58

377 394 497 442 tura
537 388 898 453 βδελύττομαι
933 387 1098 442 latere
1139 386 1251 440 veri
1291 385 1629 439 simillimum
1673 400 1787 439 csse
1827 385 2060 442 arbitror
2079 430 2100 458 ,1
2148 394 2207 441 ut
2250 388 2363 458 ipsa

375 478 557 531 Poesis
594 477 674 531 vel
712 477 860 530 Musa
901 475 1124 528 dixerit:

676 567 802 618 άλλ’
834 566 860 625 ἦ
903 562 1134 615 τάλαινα
1170 548 1429 615 Φιλοκλέα
1468 559 1865 626 βδελύττομαι.

452 650 723 723 Opponam
757 651 840 704 his
884 649 1016 702 duos
1051 647 1225 712 locOS‚
1266 648 1356 702 ubi
1390 649 1660 703 contrario
1701 666 1882 704 errore
1919 649 2091 704 aliena
2130 649 2289 704 verba
2331 667 2363 703 a

377 739 555 793 sciolis
598 739 650 791 in
698 736 939 807 margine
980 736 1219 806 apposita
1261 743 1354 790 aut
1394 738 1534 790 inter
1574 753 1760 790 versus
1804 737 2072 808 adscripta
2100 779 2112 800 ,
2153 739 2235 791 uti
2267 737 2363 800 fit,

377 827 516 880 male
551 827 902 896 irrepserunt.
986 823 1306 894 Saepissime
1337 823 1434 878 hoc
1469 823 1673 877 sactum
1707 831 1788 878 est
1829 825 1881 877 in
1920 826 2090 896 poetis
2130 841 2365 896 quoque,

377 913 468 967 sed
502 914 628 983 quia
662 911 810 966 fraus
839 913 998 965 metri
1039 911 1239 965 indicio
1280 912 1464 965 statim
1506 918 1678 982 patet,
1719 911 1972 982 pleraque
2006 914 2185 966 omnia
2219 911 2366 966 addi⁴

376 1007 615 1055 tamenta
665 1000 824 1053 istius
870 1000 1082 1070 generis
1131 998 1334 1052 dudum
1373 1005 1639 1069 expuncta
1687 1005 1851 1060 sunt,
1897 1006 2188 1070 supersunt
2220 1016 2365 1053 nunc

375 1106 438 1143 ea
479 1093 716 1151 tantum,
758 1087 850 1140 ubi
891 1104 1078 1141 versus
1116 1104 1219 1139 uon
1261 1088 1470 1156 integer
1501 1085 1763 1140 emblema
1795 1103 1897 1139 non
1942 1086 2230 1157 patefacit,
2271 1094 2365 1142 aut

376 1175 469 1230 ubi
522 1175 588 1229 ad
644 1175 803 1229 metri
854 1175 997 1245 leges
1049 1181 1343 1245 utcumque
1389 1173 1852 1228 accommodatum
1897 1181 1978 1228 est
2031 1174 2172 1245 quod
2223 1174 2365 1229 mala

375 1281 569 1326 manus
607 1263 732 1317 olim
773 1262 987 1316 adlevit.
1081 1263 1370 1332 Utriusque
1409 1262 1622 1332 generis
1663 1278 1807 1315 nunc
1848 1278 2016 1316 unum
2061 1261 2362 1334 exemplum

379 1351 663 1424 proferam.
744 1351 804 1404 In
846 1349 1043 1404 Eubuli
1079 1349 1193 1403 loco
1233 1349 1375 1420 apud
1412 1348 1603 1403 Athen.
1645 1349 1733 1402 XI.
1777 1354 1901 1403 475.
1940 1349 2001 1404 E.
2038 1349 2269 1422 legitur:

685 1440 786 1504 ἐγὼ
820 1437 873 1491 δέ
897 1480 909 1501 ,
950 1438 1036 1491 καὶ
1076 1438 1181 1505 γάρ
1223 1437 1411 1504 ἔτυχεν
1447 1437 1497 1491 ὃν
1538 1438 1854 1506 καταντικρύ

683 1535 774 1590 τῆς
816 1527 977 1586 οἰκίαις
1017 1527 1187 1579 καινὸν
1227 1532 1510 1588 καπηλεῖον
1550 1525 1726 1591 μέγα,

685 1615 886 1668 ἐνταῦθ’
925 1615 1197 1682 ἐπετήρουν
1237 1616 1328 1677 τὴν
1361 1613 1547 1681 τροφὸν
1586 1621 1680 1677 τῆς
1715 1613 1959 1682 παρθένου
1982 1657 1995 1678 ,

686 1702 901 1769 κεράσαι
933 1702 1188 1763 κελεύσας
1228 1703 1314 1756 τὸν
1347 1699 1584 1763 κάπηλόν
1624 1722 1710 1767 μοι
1749 1701 1860 1769 χόα

681 1790 866 1863 ὀβολοῦ
889 1830 901 1851 ,
941 1790 1249 1856 παραθεῖναί
1289 1790 1329 1841 θ’
1364 1791 1427 1850 ὡς
1464 1789 1680 1854 μέγιςον
1717 1788 1991 1857 κάνθαρον.

380 1879 468 1932 καὶ
511 1876 673 1932 πάλιν
697 1896 711 1910 ·

682 1966 704 2018 ὂ
739 1964 791 2018 δὲ
829 1963 1072 2032 κάνθαρος
1114 1964 1285 2019 πάλαι
1330 1966 1387 2027 δὴ
1430 1966 1570 2027 κενὸς
1598 1968 1674 2027 ’ὥς
1716 1965 2035 2033 ξηραίνεται.

381 2052 473 2108 ubi
501 2051 746 2106 homines
782 2051 925 2106 docti
959 2053 1016 2116 δή
1059 2059 1460 2123 expunxerunt,
1503 2062 1563 2107 ut
1595 2054 1755 2108 metri
1788 2055 1925 2107 ratio
1960 2057 2230 2107 constaret
2269 2052 2368 2107 sci-

383 2140 525 2194 licet.
606 2140 675 2193 At
708 2139 842 2192 nihil
883 2141 958 2194 sic
996 2139 1344 2211 profecimus:
1388 2147 1632 2212 superest
1669 2142 1727 2203 δή
1771 2158 1834 2194 ex
1867 2142 2088 2212 antiquo
2122 2157 2370 2212 compen·

382 2227 494 2290 dic,
521 2244 624 2298 quo
645 2227 872 2290 δηλονότι
894 2228 1191 2299 significari
1213 2228 1445 2292 solebat,
1472 2227 1593 2281 vide
1611 2229 1750 2282 Bast.
1776 2229 2069 2283 Commeut.
2096 2227 2367 2298 Palaeogr.

382 2334 434 2388 p.
461 2319 585 2370 725.
660 2315 859 2386 Nempe
902 2315 968 2369 ad
996 2314 1290 2382 ξηραίνεται
1332 2315 1602 2370 adleverat
1632 2316 1926 2371 Graeculus
1960 2315 2188 2379 δηλονότι
2229 2315 2368 2377 κενὸς

382 2405 471 2468 ὤν,
512 2403 708 2474 qui-bus
743 2403 991 2457 omnibus
1032 2402 1364 2474 Antiphanes
1405 2403 1597 2457 melius
1638 2404 1855 2458 carebit.

458 2492 715 2546 Facetum
752 2497 833 2545 est
873 2490 1054 2545 videre
1095 2507 1255 2561 quam
1299 2491 1525 2545 ridicule
1569 2492 1864 2547 monachus
1902 2492 2098 2564 aliquis
2149 2496 2369 2563 repente

385 2581 731 2650 interstrepat
761 2586 813 2633 et
845 2580 1152 2650 importune
1189 2595 1369 2633 vocem
1404 2580 1706 2651 interponat
1739 2597 1890 2634 suam
1924 2581 1978 2633 in
2011 2578 2203 2634 mediis
2236 2579 2369 2633 iocis

385 2667 588 2723 Nicolai
634 2666 776 2738 apud
821 2666 1108 2721 Stobaeum
1155 2667 1209 2720 in
1257 2667 1436 2721 Florit
1463 2668 1598 2722 XIV.
1641 2672 1696 2730 7,
1739 2667 1831 2722 ubi
1868 2669 2145 2723 Parasitus
2176 2667 2370 2739 aliquis

387 2755 694 2810 assentandi
733 2762 904 2809 artem
946 2756 1024 2810 sic
1065 2754 1253 2809 docet:

689 2843 794 2897 άπὸ
829 2847 926 2896 τῶν
959 2844 1083 2896 ε’τῶν
1117 2842 1334 2897 κλέπτει
1370 2864 1449 2905 τις
1485 2845 1514 2908 ἢ
1556 2845 1643 2898 καὶ
1681 2843 1956 2909 βάπτεται

689 2930 843 2984 θέλων
873 2931 1033 2991 καλὸς
1073 2927 1200 2985 εἶναι
1243 2932 1330 2985 καὶ
1372 2934 1494 3000 παρ’
1535 2933 1739 2996 ἡλικίαν
1779 2937 1944 2993 νοσεῖ,

688 3016 782 3074 ἕςω
821 3019 1125 3083 Γανυμήδης
1159 3016 1302 3080 οὗτος
1341 3019 1737 3086 άποθεούμενος.

691 3104 1098 3172 παρατάττεταί
1128 3127 1207 3168 τις
1248 3108 1335 3161 καὶ
1373 3113 1511 3161 ποιεῖ
1545 3106 1751 3167 πάντας
1787 3106 1983 3175 νεκρούς

694 3191 899 3260 δείπνῳ,
941 3203 1106 3262 σιωπῇ
1143 3199 1319 3249 τοῦτον
1355 3195 1774 3262 ὑπομυκτηρίσας

691 3279 762 3339 εἷς
802 3281 894 3341 τὴν
931 3281 1195 3348 τράπεζαν
1232 3284 1318 3336 καὶ
1354 3284 1416 3336 σὺ
1457 3284 1549 3345 τὴν
1580 3283 1746 3349 χολὴν
1783 3280 1939 3349 άφες.

391 3367 494 3435 Qui
549 3365 679 3420 haec
738 3365 1171 3436 indignabundus
1225 3369 1499 3424 lectitabat
1551 3369 1675 3422 olim
1734 3368 2027 3421 monachus
2081 3365 2367 3439 adscripsit

390 3457 510 3524 πρὸς
549 3454 705 3523 χάριν
748 3458 922 3519 ἕμιλεῖ
954 3459 1043 3508 τοῦ
1082 3455 1354 3524 τρέφοντος
1395 3460 1478 3510 ἐπ’
1519 3457 1733 3525 ὀλέθρῳ,
1776 3473 1911 3526 quae
1951 3454 2112 3509 verba
2158 3461 2366 3509 mutato

391 3548 615 3597 accentu
651 3543 704 3595 in
735 3541 902 3607 ὁμίλει
941 3542 993 3595 in
1037 3549 1244 3596 textum
1279 3551 1489 3616 recepta
1521 3552 1637 3617 post
1668 3544 2037 3608 άποθεούμενος
2073 3543 2239 3597 invito
2272 3543 2366 3596 Pa·

390 3630 555 3684 rasito
601 3629 1000 3694 obtruduntur,
1053 3631 1419 3702 ineptissime,
1477 3639 1534 3686 ut
1580 3632 1794 3703 opinor:
1851 3648 1973 3686 nam
2024 3631 2153 3702 quid
2207 3637 2287 3685 est
2337 3646 2367 3683 a

2430 3561 2436 3699 l

2426 3741 2431 3835 ΙΙ

2424 3853 2427 3928 l
