2436 4068
1034 262 1136 312 189

157 407 269 463 Non
318 411 397 461 est
447 403 549 458 alia
603 404 863 477 synizesis
918 405 1093 458 notior
1146 421 1305 476 quam
1362 404 1417 456 in
1458 404 1560 468 ἐγὼ
1615 406 1707 468 οὐ,
1761 404 1862 468 ἐγὼ
1914 404 2061 464 οὐδέ,

80 498 182 562 ἐγὼ
225 494 365 550 οὐδέν
419 493 539 546 sim.
616 490 944 546 Titubarunt
994 498 1171 547 tamen
1220 489 1422 564 aliquid
1481 489 1689 545 scribae
1738 491 1793 544 in
1835 490 2063 564 Gyoiope

79 600 155 638 vs.
196 585 320 637 172.
373 580 461 635 ubi
504 578 712 634 editur:

835 662 929 718 εἶτ’
971 667 1073 729 ἐγὼ
1114 669 1167 720 οὐ
1208 668 1490 732 κυνήσομαι

378 754 565 809 τοιόνδε
605 757 800 818 πῶμα;

78 845 131 899 in
173 841 325 896 libris
373 849 486 895 est:
540 837 636 895 εἶτ’
672 842 775 905 ἐγὼ
825 841 1145 905 κυνήσομαι,
1188 847 1241 893 ot
1284 841 1335 893 in
1396 847 1604 896 vetusto
1644 840 1874 912 quodam
1922 839 2058 895 libro

74 937 348 1003 repertum
410 945 525 983 esse
588 934 888 981 testantur:
948 929 1052 992 ἐγὼ
1107 929 1442 992 ὐκυνήσομαι.
1536 929 1669 983 Rem
1728 946 1831 985 acu
1882 929 2060 1000 tetigit

74 1017 449 1091 'syl-whittus,
505 1014 851 1070 felicissimus
908 1014 1215 1077 coniector,
1270 1015 1362 1084 qui
1422 1015 1753 1071 emendavit:
1804 1014 1900 1070 εἶτ’
1954 1017 2057 1082 ἐγὼ

71 1107 162 1161 οὐκ
201 1107 479 1170 ὠνήσομαι.
558 1101 960 1174 Comparaudus
1012 1100 1386 1173 Aristophanis
1426 1101 1575 1156 locus
1628 1103 1681 1156 in
1724 1104 1913 1176 Vespis
1953 1107 2055 1159 52:

370 1188 467 1245 εἶτ’
507 1194 596 1245 οὐκ
637 1191 738 1255 ἐγὼ
778 1191 890 1251 δοὺς
937 1189 1016 1244 δύ’
1057 1190 1222 1256 ὀβολὼ
1258 1191 1580 1255 μισθώσομαι

68 1325 75 1333 .
371 1277 499 1334 οὕτω
539 1284 589 1332 σ’
627 1278 1010 1346 ὑποκρινόμενον
1044 1282 1214 1346 σοφῶς
1250 1278 1518 1344 ὀνείρατας

71 1383 197 1424 nam
237 1367 316 1422 sie
356 1365 739 1431 scribendum,
794 1382 898 1421 non
950 1363 1107 1426 οὕτως
1160 1364 1562 1433 ὑποκρινόμενον.
1643 1365 1780 1420 Hinc
1830 1367 2059 1422 emenda

72 1454 211 1528 quod
253 1456 388 1510 scite
427 1455 698 1527 parasitus
739 1453 983 1526 Philippo
1024 1452 1162 1508 dixit
1201 1453 1342 1525 apud
1392 1453 1744 1508 Plutarchum
1793 1454 1850 1508 in
1899 1454 2054 1528 Sym·

68 1543 263 1617 posiae.
301 1542 367 1597 11.
410 1559 445 1596 1.
487 1558 607 1613 cap.
650 1547 701 1596 5.
760 1541 800 1615 S
836 1546 888 1596 5.
943 1542 1041 1595 ὑπὸ
1092 1542 1355 1597 Φιλίππου
1403 1543 1659 1610 σκωφθεὶς
1701 1543 1724 1595 o‘
1769 1542 2054 1610 παράσιτος

67 1628 243 1687 εἶπεν·
281 1633 392 1685 οὐκ
431 1630 554 1694 ἐγώ
593 1651 660 1684 σε
698 1629 942 1698 τρέφοις
987 1645 1090 1683 non
1126 1628 1227 1684 hoo
1261 1628 1428 1693 dixit,
1469 1628 1562 1684 sed
1601 1628 2055 1686 admirabundus:

68 1715 166 1774 εἶτ’
209 1720 299 1773 οὐκ
351 1718 454 1783 ἐγώ
501 1739 560 1772 σε
606 1718 810 1787 θρέψως
868 1716 1121 1788 Neglecta
1170 1717 1431 1790 synizesis
1482 1716 1670 1773 eadent
1729 1717 2057 1790 Theognidis

69 1822 282 1862 versum
327 1809 452 1861 255.
495 1804 651 1878 plane
704 1804 956 1877 perdidit.
1042 1804 1336 1860 Scribitur:

293 1894 476 1962 Αὐτὰρ
509 1894 641 1959 ἐγὼν
683 1895 866 1959 ὀλίγης
901 1893 1046 1962 παρα
1086 1898 1176 1947 σεῦ
1213 1895 1268 1948 οὐ
1304 1892 1562 1961 τυγχάνω
1602 1894 1807 1959 αἰδοῦς,

66 2000 235 2058 quum
276 1984 348 2037 sit
381 1980 755 2038 scribendum:

292 2072 462 2138 αὐτὰρ
502 2071 604 2135 ἐγὼ
642 2071 744 2125 οὐδ’
785 2069 967 2134 ὀλίγης
1006 2069 1149 2135 παρα
1183 2072 1275 2122 σεῦ
1313 2072 1397 2123 νῦν
1437 2068 1693 2137 τυγχάνω
1730 2071 1918 2132 αἰδοῦς.

143 2160 201 2214 ln
245 2176 322 2214 va.
365 2162 487 2214 121.

366 2247 524 2306 αὐτὸς
563 2245 670 2312 γὰρ
710 2244 872 2306 ὄσσοις
908 2242 1137 2309 εἰδόμην,
1178 2245 1241 2304 ὡς
1285 2247 1368 2297 νῦν
1408 2245 1458 2297 σ’
1493 2245 1599 2312 ὁρῶ.

64 2332 274 2390 offendo
322 2334 374 2387 in
418 2333 622 2398 εἰδόμην
667 2349 764 2405 pro
817 2329 948 2387 εἶδον
1004 2331 1059 2385 in
1114 2331 1326 2386 senario
1372 2331 1605 2403 positum
1629 2374 1642 2396 ‚
1705 2333 2050 2403 quamobrem

63 2420 209 2478 facili
249 2422 582 2477 correctione
619 2421 883 2493 scriptum
930 2418 1151 2474 malim:

364 2510 521 2572 αὐτὸς
562 2509 669 2575 γαρ
706 2507 869 2571 ὄσσοις
906 2505 1069 2573 εἶδον,
1103 2509 1168 2567 ὦς
1210 2506 1266 2560 σὲ
1304 2511 1390 2561 νῦν
1426 2509 1533 2576 ὁρῶ.

138 2597 197 2652 ln
238 2614 315 2652 vs,
358 2602 479 2652 155.

358 2686 527 2755 φασίν
550 2728 564 2752 ,
606 2684 786 2754 βρόχῳ
824 2687 880 2750 γ’
920 2682 1142 2752 ἅψασαν
1181 2686 1368 2749 εὐγενῆ
1409 2682 1566 2752 δέρην.

48 2772 277 2846 ,requiro
313 2772 494 2841 βρόχῳ
533 2772 818 2842 ’νάψασαν.
899 2771 1102 2827 Deinde
1140 2788 1215 2826 vs,
1255 2773 1383 2825 266.

361 2859 467 2921 ὅςις
507 2862 604 2926 μὲν
639 2857 720 2915 οὖν
762 2861 833 2922 εἷς
874 2861 1003 2925 μιάν
1043 2859 1364 2925 άποβλέπων
1399 2860 1571 2927 τύχην

360 2950 483 3017 πρὸς
524 2950 642 3003 θεῶν
681 2951 934 3002 κακοῦται
973 2948 1112 3015 βαρὺ
1153 2946 1281 3012 μέν,
1325 2946 1483 3005 οἱςέον
1516 2947 1559 3001 δ’
1601 2943 1756 3013 ὅμως.

362 3040 510 3102 ἡμεῖς
549 3037 602 3091 δὲ
647 3042 871 3096 πολλαῖς
910 3038 1206 3103 συμφοραῖς
1243 3035 1545 3101 ἐγκείμεθα.

0 3147 4 3167 ν
57 3120 264 3180 elevare
314 3123 469 3179 debet
524 3122 720 3179 Helena
782 3122 1010 3178 aliorum
1066 3123 1348 3188 miserias,
1407 3138 1514 3195 quo
1569 3122 1764 3179 melius
1821 3140 2043 3181 suorum

0 3225 3 3263 ε
57 3209 320 3267 malorum
377 3210 694 3285 magnitudo
745 3218 1032 3284 appareat:
1089 3210 1302 3267 dixerat
1348 3212 1551 3284 igitur:
1611 3212 1751 3280 βαρὺ
1792 3213 1888 3278 μέν
1929 3215 2041 3278 εἷς’,

0 3325 3 3347 ¹
55 3297 187 3356 Okbv
226 3299 270 3353 δ’
309 3297 463 3365 ὅμως.

59 3405 69 3435 ι
132 3384 193 3440 ln
240 3402 315 3443 vs.
351 3390 477 3442 277.
535 3387 622 3442 ubi
667 3389 719 3442 in
771 3386 936 3446 Codd.
991 3387 1261 3461 plerisque
1314 3394 1440 3443 suut
1487 3386 1803 3443 manifestae
1860 3403 2042 3442 corru-

59 3471 230 3544 ptetae

58 3589 70 3601 ·
363 3561 569 3631 ἄγκυρα
612 3564 671 3627 δή
711 3583 809 3628 μου
850 3565 947 3626 τὰς
990 3564 1164 3633 τύχας
1207 3566 1328 3631 ὀχεῖ
1355 3563 1483 3628 μόνη

368 3651 512 3704 πόσιν
552 3654 659 3706 ποθ’
704 3650 835 3715 ἥξειν
876 3653 966 3707 καί
1003 3657 1060 3719 μ’
1098 3651 1414 3717 dnm->wiffam
1461 3655 1626 3705 κακῶν
