2436 4068
1062 168 1167 218 695

22 295 24 307 ζ
109 311 287 367 ctione
324 311 581 381 ᾐσχύνθην
622 327 718 383 pro
747 309 994 379 ᾐσχύνθη.
1057 311 1234 365 Facile
1279 309 1404 365 talia
1446 310 1887 375 confunduntur,
1935 318 1992 366 ut
2035 315 2091 368 in

20 392 23 400 Δ
113 401 179 455 Π.
221 418 327 454 vin.
375 406 422 454 1.
481 400 653 461 ἐπειδὴ
703 400 807 466 γὰρ
860 399 1300 469 ἀφῃρέθημεν
1346 400 1418 453 τοὶ
1472 401 1522 452 ἐν
1573 408 1637 469 τῇ
1680 401 1914 469 ὑπερορίᾳ
1968 402 2088 463 κτή-

109 508 300 554 ματα,
360 489 409 540 ἐν
463 489 514 541 δὲ
554 497 616 555 τῇ
659 490 877 555 Ἀττικῇ
921 488 943 540 ὁ
984 489 1155 554 πατήρ
1211 506 1295 552 μοι
1331 489 1466 542 οὐδὲν
1519 488 1801 542 κατέλιπεν
1849 488 2085 552 ἀναγκά-

112 576 264 644 ζομαι
305 577 412 629 κτὲ.
456 575 782 629 concedetur
831 575 998 640 mibi,
1055 581 1112 628 ut
1151 577 1372 646 opinor,
1413 578 1666 646 ἀφῃρέθην
1707 577 1803 643 μέν
1847 593 1876 630 a
1919 577 2088 630 Xeno-

110 664 326 736 phontis
362 679 525 717 manu
559 680 676 717 esse
714 662 1033 734 profectum.

180 752 243 806 In
283 752 348 805 II.
380 769 454 804 ιιι.
491 757 538 805 1.
580 745 624 805 οἳ
660 751 1038 818 χρησιμώτερον
1073 750 1325 818 νομίζουσι
1365 753 1624 819 χρήματα
1656 756 1683 818 ἢ
1726 754 2087 823 ἀδελφούς,

106 846 251 894 recte
291 839 575 894 emendare
617 839 997 912 Pluygersium
1038 839 1066 902 ἢ
1108 839 1396 907 ἀδελφόν
1438 843 1714 911 sequentia
1754 841 2087 896 demonstra·

107 927 269 982 bunt:
323 927 410 982 καὶ
464 933 641 982 ταῦτα
697 929 793 981 τῶν
834 928 927 993 μὲν
968 927 1199 996 ἀφρόνων
1251 926 1439 991 ὄντων,
1491 933 1599 982 τοῦ
1654 931 1713 983 δὲ
1771 930 2086 997 φρονίμου

102 1018 211 1071 κτὲ.
291 1016 454 1070 Recte
495 1015 634 1070 idem
687 1015 723 1086 δ’
759 1019 808 1069 9.
871 1014 1027 1069 αὐτόν
1078 1017 1309 1086 expungi
1353 1015 1502 1071 iubet
1541 1034 1569 1071 e
1609 1018 1813 1072 verbis:
1872 1019 1913 1071 εἶ
1956 1018 2087 1072 κύνα

103 1105 200 1170 μὲν
235 1138 307 1147 -
341 1106 517 1171 ἐπειρῶ
559 1100 614 1158 εὖ
655 1106 873 1166 ποιήσοις
916 1103 1154 1171 πραΰνειν
1196 1104 1421 1175 [αὐτόν].

177 1192 486 1247 Mendosum
533 1198 615 1246 est
659 1192 712 1244 in
763 1192 916 1246 Mem.
954 1191 1019 1245 11.
1063 1209 1138 1246 ιιι.
1185 1196 1270 1247 18.
1325 1195 1394 1247 τὼ
1435 1199 1617 1261 χεῖρε,
1674 1191 1738 1254 ἃς
1780 1195 1802 1247 ὁ
1853 1195 1958 1254 θεὸς
1997 1195 2082 1248 ἐπὶ

102 1283 161 1337 τὸ
195 1280 596 1346 συλλαμβάνειν
634 1282 977 1344 ἀλλήλοιιν
1018 1280 1282 1343 ἐποίησεν,
1326 1287 1536 1335 certum
1590 1289 1671 1336 est
1713 1283 1964 1344 ἀλλήλοιν
2005 1298 2088 1339 ΓΕ-Δ

102 1369 268 1424 scribi
311 1377 572 1440 oportere.
655 1368 796 1423 Satis
823 1368 1062 1423 'tandem
1103 1377 1313 1423 constat
1356 1371 1408 1423 in
1451 1370 1597 1425 duali
1644 1365 1880 1423 ‘numero
1915 1369 2087 1442 tripli-

72 1444 183 1512 ’cis
228 1458 441 1528 generis
484 1474 645 1510 unam
684 1465 734 1511 et
776 1457 998 1511 eandem
1050 1457 1278 1512 formam
1330 1475 1446 1512 esse
1484 1460 1534 1511 in
1578 1458 1842 1521 articulo,
1899 1475 2085 1530 prono-

103 1545 379 1609 minibuS,
421 1545 700 1599 adiectivis
738 1553 790 1599 et
833 1547 1154 1618 participiis,
1235 1545 1509 1600 Graeculis
1549 1554 1602 1600 et
1642 1546 1879 1600 librariis
1915 1548 2087 1600 omni-

101 1633 204 1688 bus
242 1651 303 1688 ea
343 1651 431 1689 res
472 1635 652 1705 ignota
706 1633 838 1688 fuit:
891 1635 1072 1706 itaque
1128 1634 1327 1706 passim
1376 1642 1576 1689 temere
1617 1636 1867 1706 antiquas
1911 1644 1963 1690 et
2002 1653 2086 1690 ve·

102 1723 349 1778 rissimas
390 1724 691 1795 scripturas
743 1739 839 1776 suo
887 1722 1155 1778 arbitratu
1196 1723 1574 1794 depravarunt.
1655 1724 1757 1778 Vix
1799 1724 2088 1778 elabuntur

104 1812 267 1867 τούτω
308 1814 377 1866 τὼ
418 1801 611 1877 πόλεε,
652 1812 812 1866 τούτω
853 1813 922 1866 τὼ
958 1813 1154 1880 ἡμέρα,
1195 1814 1356 1867 τούτω
1393 1813 1462 1867 τὼ
1497 1820 1749 1877 γυναῖκε,
1793 1821 1847 1866 el,
1887 1813 2086 1867 similia

102 1902 298 1954 omnia.
381 1900 666 1971 Srquiores
719 1902 990 1955 finxerunt
1048 1902 1119 1955 τοὶ
1175 1907 1228 1955 et
1280 1908 1434 1967 ταῖν,
1486 1902 1662 1956 ταύτα
1714 1909 1767 1956 et
1823 1903 2085 1967 ταύταιν,

99 1989 241 2044 αὐτοὶ
283 1995 337 2043 et
374 1991 602 2055 αὐταῖν,
638 1992 856 2054 ἀλλήλα
896 2000 949 2045 et
988 1992 1252 2054 ἀλλήλοιιν
1303 1998 1438 2054 cet.‚
1480 2007 1647 2062 eaque
1689 1991 1869 2044 omnia
1912 1991 2084 2062 impu-

99 2077 290 2132 denter
326 2077 612 2133 admodum
663 2080 902 2151 antiquis
957 2079 1313 2151 scriptoribus
1354 2080 1551 2133 Atticis
1604 2078 1892 2144 affricant,
1951 2096 2084 2150 quos

99 2165 358 2221 audacter
408 2167 658 2221 omnibus
711 2167 1019 2222 istiusmodi
1062 2167 1270 2222 mendis
1313 2169 1699 2239 purgabimus,
1740 2175 1792 2222 et
1843 2169 2079 2238 primum

96 2256 338 2309 omnium
382 2255 718 2327 Xenophonti
761 2273 920 2310 suurn
962 2258 1213 2320 ἀλλήλοιν
1256 2256 1560 2311 reddemus,
1644 2256 1777 2310 Vide
1816 2256 2079 2327 quomodo

95 2343 454 2398 mulcaverint
489 2343 695 2398 librarii
731 2347 1010 2416 antiquam
1048 2345 1331 2400 lectionem
1369 2345 1456 2399 καὶ
1490 2346 1617 2411 μίαν
1654 2344 1821 2414 ἄμφω
1871 2346 2078 2400 τούτω

95 2433 178 2487 τὼ
233 2432 450 2499 ήμέρα
501 2433 796 2500 λογίζονται
838 2434 891 2486 in
930 2433 1120 2506 Cyrop.
1160 2433 1200 2487 Ι.
1243 2452 1295 2487 11.
1343 2438 1429 2487 11.
1487 2442 1539 2488 et
1580 2438 1647 2489 τὼ
1689 2442 1905 2500 γυναῖκε
1946 2434 2075 2489 ibid.

92 2520 156 2575 V.
196 2537 244 2574 v.
288 2523 338 2574 Ξ.
420 2521 644 2593 Saepius
693 2522 1052 2576 commaculat
1114 2521 1286 2576 forma
1324 2531 1444 2577 ταῖν
1485 2525 1626 2577 θεαῖν
1668 2540 1763 2594 pro
1804 2530 1908 2576 τοῖν
1950 2524 2074 2577 θεοῖν

93 2615 147 2664 et
182 2608 409 2663 aliorum
452 2611 653 2681 scripta
690 2618 742 2664 ct
774 2610 1083 2664 Comoedias
1119 2610 1512 2682 Aristophanis.
1597 2611 1775 2682 Turpe
1819 2611 2075 2666 mendum

94 2697 342 2769 inquinat
383 2698 756 2770 Aristophanis
799 2699 988 2753 Pacem
1032 2716 1107 2753 vs,
1147 2703 1279 2754 847.
1322 2699 1465 2771 apud
1507 2699 1832 2770 Bergkium:

244 2786 394 2840 πόθεν
433 2789 475 2841 δ’
517 2788 711 2854 ἔλαβες
750 2788 977 2842 ταύτα
1017 2775 1112 2849 cd}
1155 2817 1226 2828 --
1266 2788 1447 2851 πόθενς
1489 2790 1545 2843 ἐκ
1586 2790 1844 2856 τούρανοῦ.

96 2889 219 2928 nam
272 2874 447 2929 ταύτα
504 2893 598 2947 pro
648 2877 810 2931 τούτω
866 2875 1152 2930 barbarum
1214 2875 1368 2947 plane
1429 2884 1527 2931 est.
1611 2877 1874 2932 Revocata
1916 2874 2074 2931 libro-

94 2978 216 3016 rum
258 2965 499 3019 omnium
537 2966 804 3037 scriptura
840 2965 1042 3026 ταύτας
1087 2964 1396 3037 recipienda
1436 2972 1517 3021 est
1560 2965 1853 3038 Hirschigii
1894 2983 2070 3021 emen-

94 3049 268 3106 datio:

251 3141 400 3196 πόθεν
439 3144 482 3197 δ’
524 3141 719 3209 ἔλαβες
759 3143 1060 3206 ταύτας;
1103 3175 1179 3184 -
1218 3142 1424 3205 ὁπόθεν;
1465 3143 1520 3197 ἐκ
1562 3146 1821 3211 τούρανοῦ.

168 3229 438 3301 Agnosces
498 3231 785 3286 sciolorum
830 3249 1048 3286 manum
1093 3239 1145 3286 et
1185 3231 1242 3286 in
1282 3231 1366 3286 his
1421 3231 1697 3286 Menandri
1740 3230 1879 3302 apud
1924 3229 2072 3285 Suid.

98 3334 146 3373 ν.
182 3320 378 3387 Ἅβρα.

393 3410 561 3476 μήτηρ
601 3409 807 3471 τέθνηκε
847 3417 965 3464 ταῖν
1008 3412 1271 3479 ἀδελφαῖν
1312 3417 1431 3463 ταῖν
1472 3409 1603 3462 δυοῖν

394 3497 631 3551 ταύταιν.
673 3499 850 3567 τρέφει
893 3500 943 3553 δὲ
984 3501 1241 3563 παλλακή
1282 3519 1361 3558 τις
1403 3502 1491 3551 τοῦ
1533 3497 1726 3563 πατρός

396 3585 563 3645 αὐτας
588 3628 601 3649 ,
642 3584 782 3654 ἅβρα
824 3594 915 3648 τῆς
957 3591 1146 3659 μητρὸς
1190 3591 1356 3644 αὐτῶν
1396 3586 1662 3651 γενομένη.
