2436 4068
1030 232 1098 282 95

75 374 188 429 Diis
231 372 496 428 habebant
546 372 728 444 inopes
779 379 832 427 et
871 375 1157 428 tenuiores.
1236 372 1524 446 Aleiphron
1559 374 1650 429 111.
1695 379 1781 430 55.
1837 395 2065 439 συνεισή-

73 464 296 527 νέγκατο
337 461 359 514 ὅ
399 461 493 526 μὲν
527 462 689 528 κριὸν,
728 461 752 515 ὅ
793 461 846 515 δὲ
885 462 1109 528 τραγον,
1149 462 1171 515 ὁ
1213 462 1264 516 δὲ
1286 461 1508 529 καπρὸν,
1547 462 1570 515 o‘
1605 463 1759 525 πένης
1800 464 2030 518 πόπανον
2054 505 2068 526 ,

73 552 98 603 ὁ
133 551 185 604 δὲ
225 547 300 602 ἔτι
340 549 605 616 πενέςερος
646 549 940 614 λιβανωτοῦ
977 549 1216 617 χόνδρους
1256 547 1314 605 εὖ
1351 549 1509 616 μάλα
1548 551 1907 617 εὐρωτιῶντας.
1987 551 2068 604 Io-

74 652 260 691 eosum
302 634 591 690 admodum
629 637 831 691 Comici
871 637 1068 691 incerti
1120 636 1486 707 fragmentum
1527 636 1656 692 latet
1695 637 1838 709 apud
1877 639 2068 692 Aristi-

74 722 196 778 dem
235 723 277 777 Ι.
335 740 384 794 p.
431 726 573 785 197,
618 726 702 776 12.
764 726 977 787 ποιητής
1028 746 1107 786 τις
1161 722 1277 779 εἶπε
1330 726 1547 793 σκώψας
1602 723 1848 788 εὔξασθαι
1904 727 2070 781 κατὰ
2139 756 2141 758 r

72 809 432 878 χρυσόκερω
472 812 868 875 λιβανωτοῦ,
913 811 1003 865 ubi
1027 812 1242 867 mireris
1266 813 1581 877 Reiskium,
1622 812 1957 868 eruditorum
1999 813 2071 869 le·

76 897 452 970 pidissimum,
504 914 608 951 non
663 898 1109 954 animadvertisse
1147 907 1360 970 poetam
1401 905 1586 968 ταῦρον
1619 901 1941 970 χρυσόκερων
1978 919 2074 974 per

76 986 253 1039 iocum
291 986 346 1039 in
388 984 708 1054 χρυσόκερων
745 985 1036 1052 λιβανωτόν
1076 988 1422 1041 convertisse.

150 1072 340 1127 Finem
381 1072 574 1127 faciam
617 1074 670 1127 iu
723 1073 1060 1129 restituendo
1112 1073 1227 1129 loco
1278 1073 1592 1138 Menandri,
1645 1092 1804 1146 quem
1848 1077 2070 1151 (mirum

75 1158 249 1233 dictu)
289 1160 498 1216 scribae
552 1162 824 1232 integrum
866 1161 933 1216 ad
988 1178 1084 1216 nos
1122 1168 1524 1234 propagarunt,
1583 1162 1769 1218 Critiei
1822 1165 2071 1219 certatim

75 1255 451 1321 corruperunt.
531 1248 730 1304 Editur
769 1265 916 1304 nune
956 1265 985 1304 e
1024 1249 1174 1320 Diog.
1216 1250 1396 1306 Laert.
1428 1249 1517 1304 VI.
1554 1245 1742 1305 85.'in
1783 1251 1926 1307 hunc
1963 1269 2071 1306 mo-

75 1333 232 1392 dum:

73 1423 78 1428 ’
379 1423 611 1492 Μόνιμός
650 1447 730 1488 τις
768 1424 823 1491 ἦν
847 1467 861 1490 ,
897 1424 1189 1493 ἄνθρωπος,
1231 1423 1266 1480 ὦ
1310 1427 1477 1482 Φίλων
1500 1468 1516 1489 ,
1557 1427 1718 1497 σοφός

373 1513 687 1577 οὶδοξότατος
707 1555 724 1579 ,
762 1513 892 1579 μίαν
929 1515 982 1570 δὲ
1020 1516 1188 1582 πήραν
1227 1516 1316 1569 οὐκ
1353 1513 1523 1583 ἔχων,

378 1605 547 1669 πήρας
587 1602 682 1668 μὲν
721 1599 802 1657 ουν
841 1608 996 1670 τρεῖς.
1037 1604 1166 1657 ἀλλ’
1206 1603 1391 1664 ἐκεῖνος
1432 1601 1573 1672 ῥῆμα
1613 1623 1662 1657 τι

377 1688 667 1759 ἐφθέγξατ’
707 1691 845 1744 οὐδὲν
887 1692 1147 1759 ἐμφερὲς,
1186 1710 1268 1755 μα
1302 1691 1389 1746 τὸν
1430 1691 1574 1755 Δία,

378 1774 448 1846 τῷ
489 1780 673 1843 γνῶθι
713 1777 952 1833 σαυτόν
992 1779 1102 1833 οὐδὲ
1141 1784 1248 1839 τοῖς
1286 1779 1562 1845 βοωμένοις

377 1866 593 1928 τούτοις.
635 1868 868 1934 ὑπερεῖδε
907 1868 1056 1920 ταῦθ’
1096 1867 1120 1920 ὁ
1161 1871 1446 1934 προσαιτῶν
1486 1887 1573 1921 και
1614 1871 1797 1936 ρυπῶν.

376 1955 435 2008 τὸ
472 1954 579 2022 γὰρ
618 1955 912 2022 ὑποληφθὲν
952 1958 1119 2023 τῦφον
1158 1951 1286 2008 εἶναι
1327 1956 1436 2009 πᾶν
1475 1952 1595 2024 ἔφη.

76 2041 130 2094 iu
172 2039 369 2111 quibus
417 2057 574 2096 nemo
619 2041 921 2113 intelligere
969 2058 1230 2113 umquam
1282 2042 1480 2114 poterit
1531 2041 1661 2114 quid
1717 2043 1788 2097 sit
1839 2044 1966 2110 μίαν
2019 2046 2070 2100 δὲ

74 2130 241 2195 πήραν
288 2130 378 2183 οὐκ
432 2129 568 2197 ἔχων
606 2130 775 2196 πήρας
814 2130 911 2195 μὲν
961 2127 1043 2185 οὖν
1082 2136 1235 2197 τρεῖς.
1316 2129 1616 2186 Bentleius:
1666 2148 1826 2185 unam
1864 2132 2073 2203 quidem

69 2234 258 2287 peram
307 2234 410 2271 non
459 2217 654 2270 habens
689 2226 794 2271 tres
833 2218 1091 2289 siquidem
1133 2217 1350 2283 habuit,
1400 2234 1537 2290 quae
1585 2218 1720 2272 nihil
1762 2219 2072 2290 significant

77 2310 133 2359 et
170 2303 389 2359 Graecis
421 2321 527 2359 non
561 2304 900 2377 respondent.
980 2304 1129 2360 Libri
1164 2305 1413 2361 meliores
1452 2305 1549 2360 has
1587 2306 1888 2378 scripturas
1926 2307 2071 2362 exhi·

75 2389 240 2450 beut:
296 2391 590 2461 ἀδοξότερος
629 2395 789 2462 μικρῷ
830 2392 914 2460 δέ,
964 2393 988 2447 ὃ
1033 2395 1125 2458 τὴν
1166 2395 1334 2464 πήραν
1373 2392 1546 2462 ἔχων,
1595 2410 1734 2466 quae
1785 2394 2071 2452 sanissima

76 2485 220 2534 sunt.
298 2480 472 2552 Lege:

375 2569 610 2635 Μόνιμός
649 2592 728 2633 τις
769 2569 855 2636 ἦν,
894 2569 1180 2639 ανθρωπος,
1223 2569 1259 2626 ὦ
1302 2572 1504 2636 Φίλων,
1542 2571 1702 2641 σοφός

378 2656 670 2726 ἀδοξότερος
709 2662 868 2729 μικρῷ
911 2661 971 2715 δ’.
1011 2670 1068 2715 Β.
1111 2661 1133 2714 ὁ
1169 2661 1262 2722 τήν
1301 2662 1469 2728 πήραν
1510 2658 1676 2764 ἔχωνς,

262 2754 328 2800 A.
369 2747 535 2813 πήρας
576 2768 671 2813 μεν
709 2746 791 2804 οὖν
830 2756 983 2816 τρεῖς.

79 2833 172 2905 qui
206 2834 450 2905 agnoseit
490 2832 761 2890 hominem
802 2843 982 2908 rogat:
1024 2837 1048 2891 ὅ
1084 2836 1176 2899 τὴν
1217 2836 1384 2903 πήραν
1425 2835 1595 2904 ἔχωνς
1639 2835 1727 2890 cui
1767 2834 1933 2891 alter:
1975 2841 2071 2902 πή-

77 2939 168 2987 ρας
206 2922 301 2986 μὲν
340 2920 420 2977 οὖν
463 2928 635 2989 τρεῖς,
690 2931 808 2979 erat
858 2925 1003 2979 enim
1057 2923 1311 2995 gibbosus
1364 2923 1655 2995 utrimque.
1738 2923 1799 2979 ln
1854 2924 1938 2979 his
1976 2929 2071 2992 μὲν

76 3004 185 3072 οὖν,
229 3016 291 3064 ut
330 3011 562 3082 passim,
616 3018 695 3066 est
737 3012 813 3066 ita
853 3011 1223 3085 respondentis
1261 3018 1323 3066 ut
1363 3010 1504 3082 quod
1544 3011 1681 3067 aiter
1717 3011 1914 3067 dixerit
1956 3031 2070 3071 cor-

80 3094 237 3166 rigat.
315 3097 629 3154 Adscribam
672 3116 840 3154 unurn
882 3099 1187 3172 exemplum
1227 3100 1354 3172 quia
1387 3097 1726 3156 simillimum
1772 3109 1871 3158 est.
1952 3103 2067 3157 Ari-

81 3181 302 3256 stophon
344 3184 535 3241 Athen.
569 3187 683 3241 v11.
726 3191 852 3243 505.
895 3189 955 3244 Α.

382 3274 469 3328 καὶ
508 3276 610 3340 μὴν
649 3275 955 3344 διέφθαρταί
989 3298 1055 3343 γε
1095 3276 1282 3347 τοῦψον
1316 3281 1604 3337 παντελῶς.

380 3364 580 3423 κλεῖδες
620 3365 715 3428 μὲν
754 3363 910 3419 ὀπταὶ
954 3366 1038 3421 δύο
1079 3366 1586 3434 παρεσκευασμέναι.

268 3459 327 3517 13.
377 3447 462 3512 αἶς
502 3451 600 3513 τας
633 3452 782 3519 θύρας
825 3454 1080 3517 κλείουσις
1123 3464 1189 3510 A.
1231 3459 1320 3510 τοῦ
1362 3454 1530 3510 θύννου
1570 3451 1665 3525 μὲν
1704 3451 1802 3507 οὖν.

86 3534 351 3595 nouimus
396 3539 564 3610 igitur
615 3538 817 3595 dicitur
869 3541 1199 3609 Φθέγξασθαι
1250 3543 1390 3612 ῥῆμα
1444 3560 1493 3595 τι
1547 3539 1683 3595 ὀὐδὲν
1732 3540 1951 3607 ἐμφερὲς
1993 3542 2065 3608 τῷ

83 3627 269 3687 γνῶθι
323 3629 577 3693 σαυτόν,
619 3630 726 3683 οὐδὲ
765 3637 871 3691 τοῖς
911 3631 1184 3699 βοωμένοις
1225 3632 1456 3697 τούτοις,
1497 3625 1589 3683 sed
1627 3625 1803 3697 inopte
1849 3626 2068 3689 additur
