2436 4068
1303 216 1410 266 270

369 365 501 421 λῶς,
543 365 745 423 κακῶς,
787 367 847 412 ιιι
887 359 1064 411 sciunt
1102 373 1311 410 omncs:
1355 373 1510 410 nemo
1551 364 1726 412 lamen
1759 360 1995 413 omnium
2039 367 2342 414 correxerat

370 456 568 517 χεῖρον,
610 447 748 518 quod
794 445 1017 500 Urbinas
1070 445 1200 498 salis
1257 445 1638 499 confirmasset.
1718 446 1915 501 Eadem
1956 464 2114 519 opera
2164 463 2343 501 emen-

373 537 490 590 dari
532 533 871 607 Thucydides
910 533 1105 603 poterit
1144 532 1283 586 V111.
1327 537 1414 586 45.
1468 531 1550 587 ἵνα
1591 534 1664 598 μη
1705 536 1749 587 οἱ
1784 539 1969 589 ναῦται
2010 537 2081 589 τα
2121 537 2346 600 σώματα

371 625 575 692 χείρω
638 623 794 689 ἔχωσι
851 621 1179 681 δαπανῶντες
1237 621 1287 681 ἐς
1337 625 1590 683 τοιαῦτα,
1633 623 1733 689 αφ’
1771 619 1834 676 ὦν
1876 625 1904 685 ἦ
1942 624 2177 677 οέσθένεια
2215 622 2344 688 ξυμ-

371 712 575 778 βαίνει,
631 710 754 780 quia
806 708 1067 763 Graecum
1110 715 1190 762 est
1242 706 1335 771 εὖ,
1387 715 1595 771 κακῶς,
1652 708 1758 777 ἔχω
1799 711 1856 764 τὸ
1897 715 2079 776 σῶμα,
2133 728 2238 764 non
2286 711 2344 764 τὸ

369 805 520 865 σῶμα
556 797 661 865 ἔχω
703 795 900 861 ἀγαθόν
939 794 1021 848 vel
1061 796 1246 857 κακόν,
1285 804 1504 868 apparet
1542 804 1711 866 χεῖρον
1766 815 1882 852 esse
1928 798 2342 869 corrigendum:

370 885 560 941 deinde
601 886 846 953 εὐφήμως
887 883 1228 956 Thucydides
1267 882 1476 938 dixerat
1514 887 1614 953 ἀφ’
1656 884 1718 940 ὧν
1758 885 1993 940 οὲσθένεια
2036 885 2347 952 ξυμβαίνει,

370 992 474 1036 non
521 977 548 1038 ἦ
594 973 849 1027 ἀσθένεια.
927 971 1224 1026 Emendata
1271 974 1541 1043 scriptura
1580 982 1661 1027 est
1715 975 1768 1027 in
1820 973 2107 1028 Hellenicis
2145 974 2238 1031 VI.
2291 992 2345 1027 11.

372 1060 462 1125 27.
502 1061 708 1128 ἄμεινον
748 1061 820 1115 τα
853 1062 1077 1126 σώματα
1118 1059 1258 1128 ἔχειν
1297 1061 1414 1120 τοὺς
1457 1058 1642 1128 ἄνδρας
1689 1061 1876 1124 ἐποίει,
1918 1068 1971 1114 et
2026 1061 2146 1115 aliis
2198 1061 2345 1116 locis.

370 1151 482 1215 Non
525 1151 699 1223 potuit
736 1149 1022 1221 Euripides
1062 1148 1297 1203 scribere
1337 1147 1477 1219 quod
1517 1165 1580 1203 ex
1604 1150 1721 1204 eius
1760 1148 2158 1220 Bellerophonte
2193 1148 2348 1204 affert

369 1237 630 1299 stobaeus
668 1237 849 1293 Floril.
883 1237 1011 1291 CVI.
1054 1244 1104 1290 1.

672 1328 799 1392 τιμή
841 1330 888 1380 σ’
929 1325 1125 1392 ἐπαίρει
1165 1326 1264 1379 τῶν
1305 1325 1471 1386 πέλας
1512 1327 1719 1390 μᾶλλον
1759 1330 1975 1394 φρονεῖν.

369 1416 462 1471 sed
499 1414 674 1484 μεῖζον
712 1420 912 1483 φρονεῖν
950 1413 1349 1485 reponendum:
1395 1400 1825 1468 dicebant'enim
1866 1412 2018 1478 μέγα
2063 1417 2264 1481 φρονεῖν
2294 1418 2348 1466 et

367 1503 423 1569 εὖ
461 1509 696 1574 φρονεῖν,
747 1502 982 1568 ἄμεινον,
1040 1501 1196 1569 ἄριςα
1233 1506 1470 1570 φρονεῖν,
1534 1500 1627 1555 sed
1680 1517 1835 1556 nemo
1873 1500 2063 1566 μάλα,
2101 1503 2345 1566 μᾶλλον,

367 1593 578 1659 μαλιςα
613 1596 811 1660 φρονεῖν
841 1591 932 1661 qui
968 1589 1172 1643 diceret
1219 1589 1425 1644 audivit
1477 1606 1752 1662 umquam.
1832 1589 1890 1642 In
1939 1588 2136 1642 talibus
2177 1589 2347 1642 omni-

367 1683 469 1736 hus
508 1680 649 1752 apud
690 1679 908 1733 Veteres
962 1684 1213 1732 constans
1267 1686 1319 1732 et
1377 1684 1666 1749 perpetuus
1721 1676 1932 1731 dicendi
1980 1692 2110 1731 usus
2157 1684 2238 1731 est
2284 1693 2348 1731 ex

367 1772 483 1842 ipsa
519 1775 715 1823 natura
753 1767 1015 1837 cuiusque
1048 1764 1194 1820 verbi
1237 1774 1424 1837 sponte
1458 1772 1648 1828 namS,
1689 1781 1847 1835 quem
1885 1766 2156 1835 sequiores
2190 1765 2349 1819 amis·

366 1874 426 1922 sa
465 1856 729 1912 maiorum
769 1856 999 1910 sanitate
1046 1871 1110 1908 ex
1145 1869 1242 1907 suo
1284 1869 1384 1906 usu
1423 1854 1806 1907 contaminant.
1887 1852 2345 1920 Quemadmodum

368 1947 510 2001 enim
552 1944 629 1998 illi
670 1961 773 1998 non
812 1943 968 1998 aliter
1014 1942 1266 1996 dixerunt
1308 1957 1563 2012 umquam
1611 1957 1773 2012 quam
1813 1941 1964 2006 μέγα
2009 1941 2253 1995 δύνασθαι
2295 1947 2349 1995 et

363 2034 536 2109 μεῖζον
593 2039 648 2087 et
699 2033 914 2099 μέγιςον
972 2031 1251 2094 δύνασθαι,
1300 2036 1355 2083 at
1395 2029 1500 2083 seri
1539 2035 1765 2100 ‘nepotes
1808 2030 2012 2094 μέγιςα
2055 2034 2109 2083 et
2147 2035 2344 2085 πλεῖςα

364 2130 419 2183 ,εἰ
476 2121 684 2188 μάλιςα
742 2120 985 2181 δύνασθαι
1045 2118 1329 2182 dicebant,
1389 2118 1466 2171 sic
1515 2133 1700 2171 omnes
1755 2117 1879 2171 olim
1943 2117 2092 2183 μέγα
2144 2117 2345 2184 ἰσχύειν

363 2210 534 2266 solent
581 2209 759 2263 dicere
798 2216 852 2262 ct
903 2208 1052 2274 μέγα
1091 2206 1276 2260 σθένειν
1316 2212 1368 2259 et
1411 2204 1560 2270 μέγα
1601 2211 1839 2272 κρατεῖν;
1881 2206 1959 2259 sic
1993 2205 2119 2259 olim
2160 2221 2346 2258 omnes

364 2299 514 2371 μέγα
548 2299 681 2364 βοοῖν
722 2296 970 2351 dicebant
1005 2301 1058 2349 et
1096 2294 1246 2360 μέγα
1283 2298 1501 2362 φωνεῖν,
1539 2293 1888 2361 κεκραγέναι,
1926 2294 2139 2356 οὶϋτεῖν,
2178 2291 2344 2361 φθέγ-

362 2390 548 2454 γεο-θαι
575 2429 588 2451 ,
631 2385 839 2454 ἰαχειν,
882 2383 1031 2449 μέγα
1074 2384 1295 2450 βροντᾶν
1331 2388 1384 2436 et
1427 2380 1611 2436 eodem
1647 2380 1803 2435 modo
1850 2379 1938 2444 ὀξὺ
1984 2382 2118 2446 βοοῖν
2143 2421 2158 2445 ,
2199 2381 2343 2448 οὐρα-

362 2459 459 2540 νιον
513 2473 663 2538 ὄσον,
703 2480 757 2528 et
793 2471 990 2527 similia
1029 2471 1216 2524 mulia.
1295 2469 1494 2524 Eodem
1538 2469 1694 2524 modo
1746 2469 1968 2523 verbum
2009 2467 2137 2535 ὄζειν
2189 2467 2343 2523 adsu-

363 2565 466 2618 mit
517 2561 778 2616 adiectiva
821 2576 924 2613 non
977 2558 1227 2613 adverbia
1268 2557 1396 2625 ὄζειν
1453 2557 1650 2622 κακόν,
1707 2557 1951 2625 πονηρόν,
2013 2555 2237 2623 σαπρόν,
2290 2563 2346 2610 et

361 2652 460 2719 ὄζει
512 2650 717 2716 γλυκύ,
780 2649 869 2712 ἡδύ
935 2655 988 2701 et
1045 2647 1234 2702 ταύτὸν
1275 2645 1409 2713 ὄζει,
1466 2643 1630 2711 ὄμοιον
1678 2643 1805 2712 ὄζειε
1859 2646 2041 2716 itaque
2097 2645 2345 2699 dicebant

365 2739 528 2804 ἤδιςον
566 2738 700 2805 ὄζει,
740 2735 1108 2802 γλυκύτατον,
1163 2734 1409 2797 ὀξύτατον
1465 2734 1822 2802 similiterque
1856 2733 1909 2785 in
1962 2732 2138 2787 verbis
2176 2731 2343 2786 affini-

362 2828 463 2881 bus
519 2834 696 2888 πνεῖν,
755 2831 1057 2890 προσπνεῖν,
1116 2823 1389 2890 οὲτμίζειν,
1447 2820 1568 2875 vide
1622 2820 1936 2875 Elmsleium
1994 2820 2059 2874 ad
2108 2819 2340 2874 Acharn-

364 2931 442 2969 vs.
488 2919 608 2967 195.
665 2919 716 2967 et
773 2913 828 2965 in
885 2913 1157 2965 AuctariO.
1235 2911 1430 2964 Contra
1487 2908 1796 2980 frequenter
1833 2907 2077 2962 dicebant
2117 2908 2342 2973 μεγαλα

362 3002 660 3079 βλάπτειν,
700 3003 929 3064 οἱδικεῖν,
969 2999 1201 3066 ζημιοῦν,
1241 3006 1335 3052 aut
1376 3001 1619 3067 ὠφελεῖν,
1659 2997 1875 3052 ὀνινάναι
1917 3003 1968 3050 et
1990 2997 2144 3060 sim.5
2186 3003 2246 3050 ut
2285 2997 2341 3049 in

364 3089 662 3145 Heraclidis
699 3094 838 3144 705:
899 3088 1094 3155 σμικροὶ
1126 3088 1168 3141 ’δ’
1215 3089 1377 3150 ὀνήσει
1434 3086 1583 3141 πόλιν
1642 3086 1933 3153 ἡμετέραν,
1975 3093 2027 3138 et
2078 3086 2131 3137 in
2176 3084 2341 3138 Ranis

369 3183 544 3243 1427:

662 3271 793 3331 μισῶ
836 3265 1076 3327 πολίτην,
1113 3260 1216 3325 ὄςις
1259 3266 1478 3331 ὠφελεῖν
1519 3260 1724 3328 πατραν

662 3353 856 3420 βραδὺς
898 3352 1100 3420 πέφυκε
1125 3394 1138 3415 ,
1176 3350 1399 3416 μεγαλα
1437 3350 1488 3402 δὲ
1527 3348 1794 3414 βλάπτειν
1833 3348 2026 3415 ταχύς.

435 3443 494 3496 In
537 3441 727 3516 Lysiae
761 3441 998 3493 oratione
1038 3439 1225 3494 XXXI.
1269 3443 1358 3492 22.
1406 3439 1573 3502 μήτηρ
1607 3436 1810 3504 πέφυκε
1849 3438 1968 3500 μηδ’
2005 3436 2333 3504 ὠφελουμένη

358 3530 581 3596 μεγαλα
616 3530 756 3598 ἔχειν
786 3529 1050 3592 ἡγεῖσθαι,
1092 3527 1294 3581 dudum
1334 3532 1600 3595 receptam
1636 3525 1872 3594 oportuit
1901 3523 2123 3578 Dobraei
2152 3540 2329 3577 emen-

355 3617 621 3673 dationem
664 3619 801 3686 μίκρ’
843 3617 1192 3682 ὠφελουμένη.
1272 3616 1330 3669 ln
1374 3612 1643 3668 Alcibiade
1684 3611 1953 3675 secundo,
1994 3612 2085 3682 qui
2125 3611 2176 3663 in
2216 3610 2329 3664 Pla-
