2436 4068
1256 222 1305 257 Vt

301 385 363 422 su
418 381 602 421 vacua.
701 363 970 418 Dobraeus
1030 367 1082 415 ct
1140 357 1443 413 Badhamus
1496 360 1810 426 repererunt
1870 353 1986 407 vitii
2048 351 2263 413 sedem,

299 474 353 522 et.
398 467 495 521 ’τῶν
550 464 851 533 ἀρχαίων
908 458 1207 527 συμμάχων
1261 474 1356 528 pro
1409 460 1640 523 Ἀχαιῶν
1705 452 2098 519 emendarunt,
2160 467 2265 523 quo

302 567 441 622 sacto
475 567 658 620 statim
699 563 1015 633 intelligitur
1054 558 1474 624 Λακεδαιμονίοις
1510 562 1627 627 post
1666 552 2026 624 corruptelam
2063 569 2094 606 a
2134 553 2265 606 scio·

302 668 353 721 lo
393 674 591 721 temere
629 667 680 719 in
717 660 1132 727 Λακεδαιμονίων
1170 676 1285 714 esse
1320 658 1586 713 refictum.
1665 656 1818 710 Iuvat
1854 653 2092 708 eiusdem
2125 652 2267 706 frau-

303 767 384 821 dis
424 765 760 820 simillimum
794 761 1096 832 exemplum
1133 775 1396 831 apponere
1437 775 1466 813 e
1507 757 1692 811 Dionis
1727 753 2091 827 Chrysostomi
2132 759 2266 806 orat.

301 868 481 923 LXIV.
525 885 573 938 p.
611 870 735 920 541.
777 863 959 918 Reisk.
1002 862 1270 926 Fortuna,
1329 859 1543 930 inquit,
1597 856 1786 924 Κροίσῳ
1825 855 1990 909 δίδωσι
2041 851 2268 922 χρυσόν,

302 967 575 1035 Κανδαύλῃ
613 970 871 1031 γυναῖκα,
911 995 986 1003 --
1024 960 1284 1029 Σωκράτει
1325 959 1599 1028 φρόνησιν,
1638 957 1887 1026 Ἀριςείδῃ
1925 954 2267 1016 δικαιοσύνην,

304 1065 723 1131 Λακεδαιμονίοις
769 1064 860 1125 τὴν
899 1062 1173 1123 Ἀθηναίων
1218 1059 1509 1114 θάλατταν.
1588 1057 1920 1128 Intelligisne
1977 1055 2107 1126 quid
2160 1055 2267 1109 sit:

304 1171 331 1231 ἡ
389 1167 528 1235 τύχη
588 1167 753 1220 δίδωσι
810 1161 1231 1227 Λακεδαιμονίοις
1286 1162 1377 1223 τὴν
1423 1159 1701 1221 Ἀθηναίων
1764 1155 2076 1211 amarem?
2139 1153 2275 1208 Cave

302 1265 522 1327 credas,
566 1281 690 1322 nam
731 1262 960 1317 absurda
1001 1263 1269 1332 scriptura
1316 1268 1430 1325 est,
1474 1275 1609 1330 quae
1666 1257 1891 1327 intelligi
1934 1272 2038 1309 non
2079 1261 2270 1326 potest.

305 1367 501 1420 Verum
564 1365 696 1419 vidit
741 1362 1080 1424 Dindorfius,
1144 1363 1237 1433 qui
1297 1361 1561 1415 correxit:
1622 1357 2045 1423 Λακεδαιμονίοις
2116 1363 2276 1421 γῆν,

303 1467 687 1529 Ἀθηναίοις
758 1464 1044 1519 θάλατταν.
1143 1461 1375 1516 Evidens
1436 1467 1516 1515 est
1576 1459 1878 1514 emendatio
1936 1464 1990 1513 et
2049 1456 2275 1511 stultum

306 1575 660 1622 correctorem
721 1572 965 1620 tenemus
1021 1562 1398 1624 manifestum3
1458 1563 1551 1633 qui
1593 1578 1760 1632 quum
1813 1559 1945 1614 alias
1985 1575 2071 1613 res
2112 1575 2276 1630 agens

305 1675 456 1723 THN
512 1684 607 1738 pro
659 1674 801 1720 ΓΗΝ
856 1665 1224 1736 descripsisset
1282 1666 1373 1726 τὴν
1431 1662 1708 1725 Ἀθηναίοις
1745 1660 2017 1716 θάλατταν
2080 1661 2135 1714 in
2187 1661 2279 1722 τὴν

308 1769 579 1830 Ἀθηναίων
620 1766 890 1820 θάλατταν
925 1766 1186 1828 correxit,
1228 1765 1272 1818 si
1314 1763 1480 1818 Musis
1514 1763 1706 1835 placet.
1786 1761 1993 1816 Passim
2030 1761 2084 1814 in
2115 1761 2277 1815 certis

311 1865 768 1923 emendationibus
802 1865 986 1920 eadem
1027 1864 1445 1918 homuncionum
1492 1863 1704 1917 minimi
1757 1863 1916 1934 pretii
1950 1862 2156 1930 ἀκρισία
2197 1877 2278 1916 ar-

312 1971 532 2040 guitur,
572 1969 663 2039 qui
706 1966 847 2021 ultra
886 1982 1055 2037 pauca
1094 1964 1255 2019 verba
1294 1964 1369 2018 nil
1406 1965 1659 2036 sapiunt,
1709 1970 1761 2018 et
1814 1963 1906 2017 uhi
1940 1963 2130 2018 leviter
2163 1979 2282 2017 cor·
2315 2027 2319 2031 ,

312 2070 489 2140 ruptis
529 2067 747 2141 syllabis
787 2072 974 2120 contra
1014 2065 1115 2119 loci
1151 2066 1470 2120 sententiam
1514 2065 1818 2120 vocabulum
1860 2065 1984 2118 bene
2029 2063 2279 2119 Graecum

310 2169 688 2224 substituerint
729 2167 856 2240 quid
896 2166 1111 2221 tandem
1152 2165 1365 2220 dicatur
1404 2183 1576 2237 neque
1623 2165 1933 2236 intelligunt
1974 2182 2146 2236 neque
2187 2182 2277 2218 cu-

310 2276 447 2324 rant.
525 2269 753 2323 Istorum
795 2269 963 2339 igitur
996 2268 1299 2321 temeritate
1347 2265 1548 2320 sactum
1592 2274 1673 2320 est
1707 2272 1770 2320 ut
1810 2265 1969 2320 multi
2002 2265 2104 2320 loci
2128 2307 2142 2330 ,
2183 2266 2276 2319 ubi

311 2371 563 2442 antiquae
599 2370 896 2439 scripturae
945 2367 1197 2438 reliquias
1250 2366 1643 2437 interpolarunt
1691 2372 1785 2421 aut
1838 2373 2073 2420 veterem
2132 2366 2275 2420 lacu-

312 2487 437 2524 nam
478 2468 640 2524 stulte
675 2466 1056 2538 expleverunt,
1112 2467 1218 2520 iam
1277 2483 1448 2537 neque
1490 2466 1718 2537 intelligi
1759 2484 1790 2521 a
1843 2483 2110 2538 quoquam
2163 2483 2279 2538 pos-

317 2572 423 2624 sint
463 2580 634 2640 neque
674 2567 961 2622 emendari.
1041 2568 1291 2622 Grassata
1331 2575 1410 2622 est
1448 2585 1509 2622 ea
1546 2568 1691 2622 labes
1746 2576 1799 2622 et
1848 2569 1902 2621 in
1956 2567 2077 2622 aliis
2127 2574 2180 2622 et
2226 2569 2281 2621 in

318 2670 615 2724 Theocrito.
695 2669 954 2723 Meinekio
1009 2686 1227 2739 prorsus
1277 2670 1539 2723 assentior
1594 2668 1794 2723 dicenti
1842 2670 1897 2722 in
1949 2667 2283 2724 Praefatione

317 2771 383 2826 ad
443 2769 819 2823 Theocritum:
884 2794 904 2816 »
934 2788 995 2822 ne
1048 2770 1218 2841 ipsum
1275 2769 1482 2840 quidem
1543 2768 1970 2823 Valckenaerium
2008 2800 2082 2809 —
2119 2787 2281 2836 unum

320 2873 488 2925 locum
533 2870 875 2941 difficiliorem
928 2871 1001 2923 ita
1058 2871 1408 2940 eoepedivz'sse,
1462 2879 1518 2923 uc
1556 2870 1876 2940 acquiescere
1905 2871 2076 2941 possis
2130 2871 2185 2924 in
2225 2889 2283 2924 ea

319 2990 473 3043 quam
503 2971 766 3041 proposuit
807 2972 1116 3035 sententia,”
1172 2971 1263 3025 sed
1301 2972 1403 3025 erit
1439 2969 1722 3039 aliquando
1765 2977 1973 3040 tempus
2013 2987 2179 3040 quum
2221 2970 2286 3025 de

321 3071 567 3127 Meinekii
608 3087 765 3140 opera
804 3072 858 3123 in
914 3072 1192 3126 Theocrito
1242 3070 1571 3126 emendando
1631 3070 1884 3124 collocata
1943 3070 2082 3124 idem
2143 3071 2282 3125 iudi-

322 3173 468 3227 cium
522 3170 739 3225 feretur.
818 3172 1076 3243 Aequales
1128 3180 1180 3227 et
1235 3172 1514 3244 populares
1566 3188 1708 3226 nunc
1758 3171 2115 3226 Meinekianas
2164 3189 2286 3226 con-

323 3275 557 3328 iecturas
598 3270 923 3335 laudabunt,
967 3279 1024 3326 ut
1064 3272 1187 3327 olim
1235 3273 1716 3327 Valckenaerianae
1756 3271 2149 3337 laudabantur,
2189 3273 2282 3327 sed

325 3373 438 3428 dies
477 3371 783 3443 opinionum
825 3379 1122 3426 commenta
1164 3372 1318 3426 delet.
1399 3371 1855 3438 Quemadmodum
1899 3372 2123 3442 intelligi
2175 3391 2280 3428 non

324 3481 548 3547 possunt
586 3471 780 3535 verba,
826 3488 958 3541 quae
1008 3473 1145 3544 apud
1185 3473 1527 3527 Theocritum
1563 3472 1674 3527 XV.
1717 3477 1805 3527 95.
1870 3472 2154 3543 leguntur:
2196 3479 2283 3530 οὐκ

329 3577 502 3640 ἀλέγω
555 3575 628 3640 μή
679 3592 762 3637 μοι
800 3573 973 3625 κενεὰν
1014 3573 1322 3643 οὲπομοὲξιής,
1379 3575 1453 3627 sic
1511 3590 1663 3627 nemo
1714 3590 1966 3644 umquam
2025 3575 2281 3646 intelliget
