2436 4068
1308 242 1373 291 78

342 384 633 442 Menander
668 383 794 439 ibid.
837 384 972 439 XIV.
1018 387 1144 438 661.
1184 384 1244 439 F.

642 473 732 527 εὀὶν
786 472 794 546 Ι
850 475 878 535 ἦ
919 471 1173 526 σκευασίαι
1214 469 1448 538 καθάριος
1491 468 1519 539 ᾖ
1561 470 1647 524 καὶ
1690 471 1932 533 ποικίλη.

339 562 396 616 in
429 560 514 615 his
554 561 732 615 critici
770 560 1046 628 καθαρείως
1083 558 1441 613 restituerunt
1484 564 1655 612 metro
1688 559 1860 613 coacti
1898 559 1953 612 in
1985 559 2156 616 tribus
2189 563 2326 634 prio·

339 648 526 704 ribus:
576 649 629 702 in
669 647 876 702 duobus
918 647 1125 701 ultimis
1167 646 1416 713 καθαρίως
1455 652 1510 701 et
1548 645 1782 715 καθάριος
1823 663 1993 719 aequo
2041 649 2220 703 animo
2260 650 2330 706 fe·

335 743 485 792 runt.
565 735 828 807 Equidem
867 741 921 790 et
955 734 1064 788 illic
1107 739 1160 788 et
1202 733 1530 805 ubicumque
1568 733 1834 802 καθάριος,
1871 737 2119 804 καθαρίως
2158 744 2212 792 et
2240 759 2332 793 κα-

338 823 569 892 θαριότης
617 823 818 894 legitur
865 822 1126 877 utendum
1172 822 1407 877 arbitror
1455 821 1655 877 indicio
1705 823 1949 894 priorum
2000 824 2239 880 locorum
2281 834 2335 881 et

340 911 602 979 καθάρειος
644 917 745 965 etc.
781 910 1214 966 rescribendum.
1286 911 1450 965 Miror
1485 910 1623 964 hanc
1656 909 1828 965 labem
1864 911 2191 967 Meinekium
2228 931 2334 968 non

342 998 571 1065 eluisse,
611 1000 704 1071 qui
746 999 801 1053 in
836 999 1115 1054 Menandri
1159 997 1460 1070 fragmento
1494 998 1635 1070 apud
1663 997 1905 1069 ,Suidam
1946 1015 1995 1054 v.
2030 1003 2298 1068 εὐρωτιῶν,

646 1090 718 1150 εἰς
759 1087 832 1142 τοὶ
871 1088 1073 1156 καθαροὶ
1112 1087 1265 1153 λιμὸς
1306 1085 1664 1155 εἰσοικίζεται.

340 1174 477 1230 bene
516 1173 822 1230 emendavit
866 1177 937 1237 εἰς
973 1176 1047 1229 τά
1086 1173 1365 1243 καθάρεια,
1421 1190 1559 1245 quae
1598 1174 1866 1228 sententia
1900 1191 2063 1246 quam
2104 1193 2231 1232 vera
2267 1178 2339 1233 sit

342 1268 608 1316 noverunt
644 1264 738 1334 qui
779 1263 835 1317 in
876 1263 1089 1334 magnis
1127 1262 1351 1317 urbibus
1387 1260 1710 1316 munditiem
1755 1262 2052 1318 multorum
2095 1265 2335 1320 animad-

344 1350 631 1414 verterint,
673 1350 868 1422 quibus
908 1351 1028 1424 plus
1065 1358 1145 1406 est
1180 1350 1478 1423 elegantiae
1518 1365 1680 1421 quam
1718 1365 2083 1407 nummorum.
2162 1352 2341 1409 Facile

348 1444 489 1492 esset
524 1438 654 1493 haec
695 1438 1218 1511 plurimis'augere,
1260 1437 1353 1493 sed
1394 1437 1477 1492 vel
1518 1437 1649 1493 haec
1687 1437 1803 1509 ipsa
1842 1439 1974 1493 satis
2007 1438 2338 1496 demonstra-

347 1523 485 1579 bunt
519 1525 775 1581 Codicum
819 1527 873 1580 in
915 1526 1000 1582 his
1046 1526 1249 1582 nullam
1290 1525 1509 1580 omnino
1547 1541 1663 1580 esse
1710 1527 2122 1583 auctoritatem:
2165 1529 2340 1584 analo·

349 1613 494 1684 giam
521 1620 574 1669 et
602 1632 761 1669 usum
781 1615 1103 1670 Graecitatis
1130 1613 1494 1686 indagandum
1522 1629 1640 1668 esse
1667 1619 1721 1667 et
1746 1615 1974 1670 metrica
2002 1617 2338 1682 testimonia,

352 1700 445 1755 ubi
497 1701 626 1773 quid
674 1701 759 1757 his
796 1703 1044 1758 omnibus
1084 1704 1215 1758 satis
1260 1708 1595 1774 compertum
1632 1702 1704 1756 sit
1751 1703 1948 1774 spretis
1991 1702 2238 1759 futilibus
2280 1705 2343 1759 li-

347 1788 544 1844 brariis
593 1789 794 1861 ubique
843 1791 1061 1846 Graecis
1106 1808 1267 1846 suum
1317 1789 1668 1846 reddendum.
1746 1790 1808 1845 In
1856 1791 2093 1846 Aristide
2138 1792 2340 1864 placuit

346 1876 621 1931 Dindorfio
659 1877 858 1950 ubique
891 1879 1145 1948 άλοιζονία
1182 1877 1444 1942 scribere,
1485 1878 1640 1948 quasi
1676 1895 1742 1933 ex
1772 1878 1981 1948 άλαζών
2016 1880 2339 1951 productum

347 1980 543 2020 nomen
598 1973 757 2023 esset.
840 1967 1021 2022 Facile
1073 1965 1457 2038 indagantibus
1500 1965 1777 2037 apparebit
1819 1967 2103 2035 άλαζονεία
2148 1985 2340 2024 sanum

350 2068 501 2116 esse,
541 2052 833 2109 formatum
875 2062 933 2110 ut
974 2056 1223 2124 εἰρωνεία,
1264 2054 1512 2118 παιδεία,
1552 2053 1789 2117 δουλεία,
1828 2056 2097 2111 κολακεία.
2177 2057 2341 2111 Poeta

345 2139 572 2212 quilibet
627 2141 996 2199 demonstrare
1052 2143 1151 2197 hoc
1199 2142 1431 2214 poterit,
1486 2148 1548 2197 ut
1605 2141 1896 2198 Menander
1950 2145 2004 2198 in
2058 2145 2338 2200 verissima

350 2229 644 2284 sententia:

1264 2320 1371 2379 ποῖς
1410 2319 1433 2372 ὁ
1468 2317 1543 2382 μὴ
1582 2320 1774 2386 Φρονῶν

448 2468 455 2474 ,
800 2405 1082 2476 ἀλαζονεία
1115 2405 1202 2460 καὶ
1242 2405 1434 2475 ψόφοις
1470 2405 1768 2461 ἁλίσκεται.

345 2490 610 2545 Contrarii
635 2492 832 2546 erroris
854 2493 1158 2566 exemplum
1183 2510 1352 2548 unum
1375 2491 1593 2558 notabo,
1629 2493 1882 2564 quoniam
1905 2495 2147 2550 omnium
2169 2495 2338 2551 Editi-

347 2594 475 2632 ones
499 2578 688 2635 inficit.
749 2579 860 2634 Non
890 2588 1018 2635 sunt
1039 2582 1241 2637 Graeca
1267 2580 1623 2646 λειποτάξιον,
1656 2580 2037 2650 λειποςράτιον,
2058 2597 2337 2653 λειπομαρ-

346 2666 511 2734 τύριον
544 2673 597 2721 et
626 2667 832 2739 reliqua
873 2669 1262 2725 eiusdemmodi
1294 2670 1499 2732 omnia,
1544 2668 1638 2724 sed
1671 2668 1972 2734 λιποτάξιον
2014 2679 2115 2726 etc.
2176 2672 2334 2727 Grae-

348 2752 487 2808 culis
529 2753 685 2809 aliter
723 2756 925 2821 visum,
965 2759 1058 2828 qui
1097 2759 1151 2812 in
1187 2771 1414 2813 λειπο-
1453 2758 1825 2813 coniurarunt.
1906 2758 2338 2831 Deprehenditur

347 2840 497 2895 fraus
538 2841 594 2895 in
650 2843 878 2909 talibuS‚
934 2846 1090 2918 quale
1141 2854 1222 2901 est
1271 2846 1370 2900 hoc
1419 2846 1742 2918 Antiphanis
1788 2845 1930 2918 apud
1977 2847 2167 2903 Athen.
2220 2848 2333 2904 Vll.

348 2933 476 2984 505.
510 2929 569 2984 F.
606 2930 696 2985 ubi
738 2933 793 2986 in
833 2933 1024 2989 Codice
1064 2941 1173 2989 est:
1214 2934 1286 2989 τοὶ
1328 2935 1371 2988 δ’
1411 2933 1644 3001 ἐγχέλια
1680 2933 1960 3004 γράφομαι
2000 2935 2334 3001 λειποταξίου

347 3033 444 3093 pro
483 3033 724 3076 senario:

650 3107 722 3160 τα
761 3108 802 3162 δ’
844 3110 1101 3177 ἐγχέλεια
1141 3110 1417 3177 γράψομαι
1459 3108 1797 3172 λιποταξίου.

350 3200 403 3248 et
444 3193 712 3248 Xenarchi
758 3195 931 3250 Athen
969 3197 1058 3254 VI.
1094 3200 1219 3251 225.
1262 3196 1323 3251 l).

651 3281 801 3345 δόξας
843 3286 1169 3340 καταπίπτει
1199 3286 1286 3340 καὶ
1329 3290 1651 3352 λιποψυχεῖν
1695 3285 1880 3338 δοκῶν.

348 3374 401 3422 et
454 3368 625 3423 multa
676 3377 802 3424 sunt
854 3373 1051 3427 similia
1103 3373 1302 3427 indicia
1356 3373 1674 3434 Poetarum,
1725 3371 1920 3442 quibus
1961 3380 2106 3428 recte
2158 3375 2330 3430 utitur

347 3455 655 3511 Dindorfius
705 3456 771 3511 ad
812 3458 996 3530 Steph.
1041 3461 1196 3516 Thes.
1238 3480 1284 3514 v,
1321 3475 1581 3524 λειπο--,
1635 3475 1792 3530 quem
1855 3461 2021 3514 miror
2060 3464 2328 3528 λιποδεής,

343 3544 660 3612 λιποδρανεῖν
695 3553 747 3600 et
785 3548 1087 3614 λιποδρανής
1125 3566 1455 3621 concoquere
1488 3548 1722 3620 potuisse
1762 3563 1858 3618 pro
1898 3551 2187 3615 ὀλιγοδεής,
2225 3554 2326 3606 ὅλι·

348 3633 610 3700 γοδρανεῖν
658 3640 709 3690 et
756 3637 1082 3704 ὀλιγοδρανής
1131 3637 1413 3695 manifesto
1462 3652 1642 3694 errore
1691 3636 1907 3708 scripta.
2001 3637 2147 3696 Idem
2196 3639 2326 3695 benc
