2436 4068
1284 212 1391 261 676

366 352 548 412 decem
611 356 806 410 talenta
864 353 1215 408 decreverint.
1298 354 1468 408 Locus
1525 359 1604 407 est
1665 353 1718 406 i‘n
1775 353 1908 409 libro
1968 355 2030 409 de
2083 355 2330 411 Herodoti

364 445 688 515 maliynitale
736 461 784 514 p.
820 446 946 497 862.
990 442 1044 495 B.
1099 441 1392 508 Ἡρόδοτος,
1449 442 1658 512 inquit,
1699 441 1822 496 δέκα
1859 442 2103 497 τάλαντα
2143 446 2329 512 δωρεὰν

363 532 557 598 ἔλαβεν
590 530 647 593 ἐξ
683 533 897 592 Ἀθηνῶν
938 531 1213 584 Ἀνύτου
1254 532 1311 584 τὸ
1341 531 1601 598 ψήφισμα
1636 529 1972 598 γράψαντος,
2013 538 2148 586 teste
2186 533 2327 605 Diyl-

364 619 446 681 10,
488 635 644 688 quem
683 635 1009 689 quamquam
1053 617 1372 671 Plutarchus
1410 625 1726 686 argumento
1768 620 2003 672 serviens
2041 619 2181 673 haud
2221 639 2333 673 con·

364 706 691 759 temnendum
737 715 996 759 auctorem
1038 704 1301 776 appellat,
1363 712 1536 758 tamen
1579 721 1693 757 rem
1736 722 1944 759 omnem
1984 707 2039 760 ἐκ
2079 715 2170 770 τῆς
2207 729 2334 763 κατ-

362 793 682 862 εψευσμένης
731 794 920 860 ἱςορίας
959 800 1227 864 arreptam
1264 809 1379 846 esse
1422 791 1653 845 arbitror
1687 809 1859 863 neque
1898 795 2127 849 attinere
2179 813 2335 866 quae-

362 898 482 935 rere
540 881 800 952 quomodo
851 881 1060 953 Anytus
1111 880 1416 952 psephisma
1468 880 1782 949 scripserit,
1838 881 1977 951 quod
2039 899 2334 953 numquam

360 967 522 1022 fucrit
564 969 844 1039 scriptum.
926 968 1092 1022 Viden
1139 975 1196 1022 ut
1236 969 1415 1021 onmia
1461 973 1701 1021 scateant
1744 966 1937 1022 fabulis
1977 976 2030 1023 et
2069 987 2334 1025 commen-

358 1056 471 1109 tis?
554 1056 654 1110 Sed
694 1055 930 1126 nugandi
973 1055 1203 1127 palmam
1244 1055 1492 1108 omnibus
1527 1055 1784 1125 praeripit
1824 1059 2003 1110 nescio
2045 1059 2197 1128 quis,
2239 1060 2331 1130 qui

360 1143 627 1214 Epistolas
677 1145 976 1198 Socraticas
1031 1143 1223 1208 finxit,
1280 1160 1382 1196 non
1427 1150 1486 1196 ut
1523 1142 1777 1212 cuiquam
1830 1145 2162 1215 imponeret,
2204 1164 2328 1201 nam

358 1230 545 1284 multis
586 1231 800 1285 demum
845 1230 1072 1285 saeculis
1113 1239 1231 1303 post
1273 1232 1383 1285 nati
1440 1237 1566 1284 sunt
1613 1231 1808 1284 Leones
1859 1231 2077 1296 Allatii‚
2134 1234 2330 1305 quibus

357 1319 470 1390 ipse
512 1318 756 1373 Socrates
804 1320 907 1372 ista
948 1319 1093 1373 visus
1134 1326 1214 1372 est
1253 1318 1487 1373 scrihere
1526 1319 1790 1388 potuisse,
1832 1319 1922 1372 sed
1963 1321 2128 1374 animi
2168 1339 2330 1377 causa

357 1413 452 1459 aut
491 1406 556 1460 ad
597 1407 782 1460 stilum
825 1406 1198 1460 exercendum.
1279 1407 1336 1460 In
1381 1406 1464 1460 his
1510 1405 1745 1477 Epistola
1783 1407 1918 1461 XIV.
1975 1410 2174 1480 scripta
2216 1427 2330 1466 esse

357 1493 581 1564 fingitur
640 1493 821 1547 statim
879 1501 996 1565 post
1038 1493 1273 1548 Socratis
1326 1504 1552 1548 mortem
1613 1494 1678 1546 ab
1735 1494 1996 1550 Aeschine
2051 1497 2118 1550 ad
2158 1498 2327 1552 Xeno·

355 1581 645 1653 phontem,
687 1599 842 1652 quem
887 1582 1109 1653 Spartae
1151 1599 1293 1635 nunc
1334 1599 1448 1636 esse
1485 1581 1690 1635 scribit.
1753 1581 2008 1648 Queritur
2048 1586 2188 1639 enim
2228 1587 2325 1640 Xe-

355 1670 676 1741 nophontem
715 1669 966 1723 damnato
1019 1669 1236 1723 Socrate
1282 1669 1498 1722 Athenis
1545 1687 1646 1722 non
1698 1670 1897 1741 fuisse,
1950 1669 2077 1727 εἶναι
2118 1674 2169 1727 δὲ
2211 1675 2321 1742 περὶ

352 1759 739 1823 Λακεδαίμονα.
823 1757 1022 1812 Scribit
1080 1757 1219 1810 idem
1262 1757 1626 1828 Xenophontis
1682 1756 1816 1810 filios
1859 1758 2080 1812 Athenis
2121 1778 2235 1816 esse
2271 1758 2326 1819 et

355 1844 590 1899 Socratis
631 1847 924 1899 orationem
980 1845 1265 1916 diligenter
1315 1846 1674 1916 conscriptam
1723 1844 1788 1898 ad
1842 1853 2043 1916 patrem
2091 1850 2318 1905 misisse.

353 1932 394 1987 Ο
430 1933 698 1987 hominem
743 1934 954 1986 minimi
983 1934 1141 2004 pretii
1182 1940 1232 1986 et
1275 1934 1513 1986 omnium
1557 1950 1738 1987 rerum
1778 1934 2056 2004 ignaruml
2107 1936 2181 1992 Ne
2225 1937 2321 1992 hoc

351 2021 564 2093 quidem
610 2021 807 2075 sciebat
842 2020 1242 2091 Xenophontem
1282 2022 1332 2073 in
1377 2022 1499 2074 Asia
1538 2027 1652 2074 tum
1691 2021 1855 2075 fuisse
1892 2029 1943 2076 et
1988 2040 2158 2095 neque
2197 2043 2322 2080 uxo-

349 2127 461 2164 rem
522 2127 692 2180 neque
743 2109 936 2162 liberos
991 2109 1256 2162 habuisse.
1347 2109 1475 2162 Tam
1529 2111 1777 2180 egregius
1829 2111 1979 2164 testis
2032 2116 2321 2170 memoriae

350 2198 584 2269 prodidit
627 2197 874 2251 Meletum
925 2197 1220 2269 Polycratis
1260 2197 1499 2250 oratione
1541 2214 1734 2252 usum:
1779 2200 1800 2251 ὁ
1836 2199 1886 2252 δὲ
1926 2200 2082 2264 λόγος
2124 2199 2179 2263 ἦν
2220 2213 2319 2258 Ho-

349 2286 632 2353 λυκρατους
674 2290 760 2339 τοῦ
797 2289 1007 2352 corpis-05
1031 2327 1044 2348 ‚
1085 2281 1135 2338 ἓν
1173 2286 1628 2344 ἐκεῖνος-κακὸν
1667 2291 1834 2346 κακῶς
1876 2288 2152 2355 ἐπιτρίψας
2193 2311 2320 2345 κατ-

349 2373 463 2439 έβη.
545 2374 938 2427 Demonstravit
979 2372 1285 2434 BentleiuS‚
1345 2378 1403 2425 ut
1457 2390 1618 2444 supra
1663 2374 2030 2440 ostendimus,
2086 2377 2214 2447 quid
2256 2378 2319 2434 de

350 2461 648 2533 Polycratis
699 2462 937 2514 oratione
994 2467 1133 2514 esset
1188 2459 1568 2523 statuendum,
1625 2461 1716 2515 sed
1770 2462 1907 2532 quod
1966 2463 2316 2536 Hermippum

352 2549 579 2603 credidit
620 2551 672 2602 in
715 2548 898 2603 eodem
937 2565 1115 2603 errore
1162 2547 1326 2602 fuisse
1366 2553 1525 2618 atque
1567 2548 1956 2615 Quintilianum
1994 2559 2046 2605 et
2084 2553 2320 2608 Themis-

350 2637 523 2700 tium,
567 2638 656 2707 qui
699 2638 857 2691 istam
899 2636 1199 2704 Σωκράτους
1253 2636 1566 2702 κατηγορίαν
1611 2654 1793 2690 revera
1843 2639 1894 2691 in
1934 2639 2132 2694 iudicio
2173 2641 2318 2695 habi·

352 2732 461 2778 tam
492 2742 607 2779 esse
645 2726 846 2795 opinati
886 2733 1034 2787 sunt,
1076 2724 1185 2778 salli
1221 2723 1515 2777 Bentleium
1553 2726 1826 2789 existim0‚
1869 2728 2316 2797 quemadmodum

353 2812 635 2866 manifesto
677 2812 910 2877 fallitur,
970 2813 1060 2866 ubi
1111 2815 1231 2866 novi
1283 2813 1480 2866 erroris
1523 2814 1573 2866 in
1623 2812 1846 2867 historia
1895 2815 2129 2871 Socratis
2178 2835 2317 2874 com-

354 2902 502 2954 missi
546 2901 893 2971 Hermippum
933 2902 1147 2971 arguit,
1199 2918 1355 2972 quem
1403 2900 1732 2971 praeclarum
1789 2910 1839 2955 et
1887 2904 2317 2962 eruditissimum

354 2989 667 3059 scriptorem
712 2987 876 3042 fuisse
915 2989 1152 3042 omnium
1201 2989 1419 3042 minime
1460 2987 1698 3058 fugiebat
1739 2990 2053 3045 Bentleium.
2133 2994 2319 3066 Itaque

357 3095 452 3128 nne
505 3094 656 3147 quem
713 3084 816 3128 tam
861 3077 1123 3147 praeclari
1177 3077 1439 3147 scriptoris
1491 3078 1768 3131 auotoritas
1822 3079 2130 3133 deterreat’'
2193 3083 2319 3137 Her-

354 3165 517 3235 mippi
557 3164 720 3217 alium
776 3180 1009 3218 errorem
1052 3166 1210 3218 etiam
1259 3165 1557 3234 graviorem
1608 3164 1659 3216 in
1704 3164 1922 3218 historia
1967 3166 2200 3223 Socratis
2242 3171 2315 3225 di-

355 3253 429 3306 cit
467 3269 521 3305 se
565 3257 1008 3305 monstraturum.
1089 3252 1327 3322 Namque
1368 3253 1716 3322 Hermippum
1759 3261 2029 3308 auctorem
2072 3274 2184 3312 esse
2226 3259 2316 3314 So-

354 3348 555 3394 cratem
613 3356 820 3409 quoque
870 3340 924 3392 in
979 3356 1161 3393 eorum
1219 3356 1442 3393 numero
1487 3339 1686 3403 fuisse,
1735 3341 1827 3410 qui
1881 3341 2158 3414 Gryllum,
2219 3347 2317 3402 Xe·

357 3428 639 3499 nophontis
679 3428 844 3480 filium
870 3470 884 3489 ,
929 3444 1091 3498 quum
1140 3428 1193 3480 in
1235 3426 1451 3491 eadem,
1488 3444 1591 3498 qua
1649 3427 2080 3498 Epaminondas,
2139 3450 2316 3503 pugna

358 3514 673 3578 cecidisset,
727 3517 925 3585 scripta
980 3517 1217 3570 oratione
1269 3514 1627 3569 laudaverint:
1685 3517 1807 3587 »qui
1855 3521 2070 3582 error,'’
2113 3521 2315 3592 inquit,

363 3620 490 3655 »non
532 3604 702 3656 minus
742 3622 893 3674 qumn
938 3604 1192 3658 XXXVII.
1235 3621 1488 3657 titanorum
1529 3613 1635 3666 est,
1698 3606 1787 3674 qui
1823 3615 2034 3661 mortem
2093 3607 2318 3662 Socratis
