2436 4068
1368 236 1469 284 144

429 388 557 435 tune
595 381 648 434 in
683 401 750 435 κα
793 385 1169 439 mutaverunt,
1213 377 1352 447 quod
1395 379 1447 429 in
1490 377 1723 450 Philynii
1762 377 2060 448 fragmento
2101 379 2241 451 apud
2286 379 2397 435 Pol·

424 467 597 523 iucem
638 468 701 521 X.
747 471 815 521 58
858 465 1058 519 sactum
1099 482 1214 520 esse
1254 463 1477 519 videbiS.
1557 465 1852 519 Meinekius
1891 466 2084 521 edidit:

724 556 781 607 ἐκ
820 558 917 614 τοῖς
954 554 1213 613 πινακίδος
1254 555 1296 607 δ’
1334 553 1605 620 οὶμπερέως
1642 550 1672 606 δ’
1706 574 1756 607 τι
1796 574 1866 607 κα
1895 554 2027 622 λέγῃ

721 643 792 695 τα
827 642 1102 708 γράμμαθ’
1144 643 1399 708 έρμήνευε.

422 748 516 802 pro
556 731 828 800 scriptura
867 729 1126 783 librorum
1160 726 1190 782 δ’
1224 750 1274 783 τι
1312 729 1410 784 κᾶν
1441 729 1606 794 λέγοι.
1686 728 1862 782 Facile
1900 738 2118 800 apparet
2159 729 2188 783 δ’
2218 752 2266 784 τι
2307 730 2393 783 καὶ

422 820 570 883 λέγει
612 817 988 888 corrigendum
1029 833 1160 871 esse.
1220 815 1410 872 Nescio
1451 818 1572 887 quis
1607 815 1816 871 litteras
1857 819 2100 871 nesciens
2139 819 2397 889 scriptam

422 905 667 960 tabellam
721 905 873 959 alteri
925 906 1151 976 porrigit
1198 904 1386 959 iubens
1433 905 1536 959 sibi
1584 905 1930 976 interpretari
1964 903 1995 959 δ’
2027 925 2077 959 τι
2121 906 2206 960 καὶ
2249 906 2395 970 λέγει

419 995 491 1048 τοὶ
526 992 857 1061 γράμματα,
897 992 951 1046 id
993 1000 1074 1047 est
1111 991 1143 1047 δ’
1173 1014 1223 1048 τι
1265 993 1389 1047 ποτὲ
1429 993 1498 1047 τα
1539 992 1843 1060 γράμματα
1876 994 2051 1058 λέγει,
2095 1011 2199 1064 quo
2237 1010 2396 1048 sensu

420 1083 512 1136 καί
562 1089 673 1135 tam
727 1081 858 1136 hene
911 1087 962 1135 et
1015 1079 1324 1151 frequenter
1374 1080 1575 1134 dicitur
1631 1080 1770 1154 (vide
1819 1082 2035 1135 Porson.
2092 1081 2158 1135 ad
2208 1082 2394 1153 Eurip.

420 1169 616 1224 Phoen.
660 1187 734 1223 vs,
781 1169 946 1242 1373)
989 1176 1148 1239 atque
1194 1167 1259 1223 ἄν
1300 1167 1593 1222 absurdum
1643 1175 1739 1222 est.
1817 1168 2070 1223 Doricum
2125 1169 2230 1237 ποέρ
2283 1187 2398 1242 pas-

421 1259 522 1312 sim
564 1259 618 1311 in
655 1258 808 1312 libris
850 1257 982 1311 solet
1034 1257 1089 1309 in
1142 1255 1286 1324 παροέ
1341 1255 1514 1320 abire,
1567 1263 1818 1326 recteque
1871 1255 2079 1311 Ahrens
2127 1258 2183 1311 in
2225 1259 2398 1313 iocoso

419 1347 641 1417 parasiti
682 1345 1021 1417 Epicharmei
1064 1343 1207 1398 dicto
1246 1344 1386 1416 apud
1427 1345 1662 1399 Demetr.
1703 1344 1814 1411 περὶ
1855 1345 1965 1411 ἓρμ..
2008 1343 2047 1417 §
2083 1348 2171 1399 24.

570 1435 701 1489 τόκα
738 1436 833 1499 μὲν
868 1435 916 1487 ἐν
958 1436 1119 1496 τήνοις
1160 1433 1290 1497 ἐγὼν
1332 1429 1388 1494 ἦν
1422 1434 1553 1487 τόκα
1593 1433 1644 1487 δὲ
1684 1433 1829 1499 παρα
1865 1435 2028 1495 τήνοις
2069 1434 2226 1498 ἐγών,

421 1523 697 1592 rescripsit
749 1524 854 1590 παρ
901 1524 1062 1585 τήνοις
1110 1521 1175 1576 de
1222 1521 1355 1575 Dial.
1402 1521 1524 1574 Dor.
1567 1537 1615 1591 p.
1660 1525 1766 1574 555
1817 1520 2046 1591 probans
2085 1523 2140 1574 in
2193 1521 2395 1575 Aristo·

419 1609 610 1680 phanis
659 1609 772 1664 loco
813 1611 918 1678 παρ
958 1617 1030 1680 τᾷ
1073 1611 1162 1677 σιῷ
1199 1626 1229 1663 a
1269 1609 1469 1663 Koenio
1514 1608 1827 1678 repositum.
1908 1608 2171 1664 Admonet
2212 1626 2295 1664 me
2335 1625 2398 1663 ea

421 1714 503 1751 res
544 1697 645 1751 loci
679 1697 979 1762 Pindarici,
1020 1714 1179 1768 quem
1217 1715 1247 1751 a
1280 1696 1465 1751 multis
1503 1696 1626 1751 inde
1661 1695 1888 1751 saeculis
1925 1697 2213 1757 ridiculum
2250 1714 2395 1752 men·

418 1784 546 1839 dum
588 1785 792 1840 obsidet
834 1785 987 1859 Pyth.
1031 1785 1069 1839 Ι.
1109 1789 1178 1839 26

793 1875 944 1941 τέρας
983 1876 1078 1939 μὲν
1119 1873 1399 1940 θαυμάσιον
1444 1873 1759 1939 προσιδέσθαι

792 1965 970 2028 θαῦμα
1004 1963 1055 2017 δὲ
1091 1962 1177 2016 καὶ
1217 1961 1495 2028 παριόντων
1535 1963 1783 2025 οὶκοῦσαι,

417 2047 572 2104 facile
613 2050 820 2104 vincam
860 2051 966 2118 παρ
1003 2051 1202 2105 ἰδόντων
1244 2067 1273 2104 a
1313 2056 1467 2120 poeta
1506 2050 1767 2121 scriptum
1809 2065 1939 2103 esse.

493 2137 863 2209 Theopompus
902 2139 1043 2209 apud
1084 2137 1257 2193 Schol.
1293 2138 1456 2191 Arist.
1499 2138 1722 2210 Lysistr.
1770 2141 1859 2192 45.

829 2229 1011 2281 ὑποδοῦ
1052 2228 1231 2292 λαβὼν
1271 2226 1370 2286 τας
1410 2228 1745 2293 περιβαρίδας

416 2312 807 2383 comparandus
843 2321 922 2369 est
961 2332 1084 2369 cum
1130 2313 1482 2384 Aristophane
1516 2315 1568 2366 in
1611 2313 1765 2384 Vesp.
1813 2318 1972 2368 1158.

753 2403 902 2457 τασδὶ
945 2403 988 2456 δ’
1027 2402 1223 2462 οένύσας
1264 2403 1444 2455 ὑποδοῦ
1486 2404 1663 2467 λαβὼν
1704 2402 2041 2465 Λακωνικάς,

415 2505 645 2559 namque
687 2490 763 2543 sic
805 2491 1004 2562 optime
1043 2489 1381 2560 Hirschigius
1418 2489 1624 2542 sanavit
1666 2488 1948 2543 ridiculam
1989 2489 2246 2544 librorum
2287 2490 2388 2545 lec-

413 2577 612 2631 tionem
655 2578 857 2633 ὑπόδυθι
906 2579 1002 2641 τοὶς
1052 2576 1382 2638 Λακωνικάς.
1465 2578 1598 2631 Hinc
1650 2577 1985 2650 Theopompo
2038 2578 2198 2633 redde
2233 2579 2384 2634 τασδὶ

411 2667 760 2733 περιβαρίδας.
2434 2732 2436 2736 Ι

487 2753 631 2808 Idem
674 2754 813 2826 apud
853 2755 1112 2808 Zonaram
1155 2772 1205 2826 p.
1244 2758 1350 2809 588
1387 2755 1503 2814 τοὺς
1558 2756 1922 2820 βιβλιοπώλας
1964 2755 2214 2820 λεύσομαι
2270 2755 2386 2809 har·
2432 2754 2436 2813 ᾗ

413 2840 564 2906 hare,
605 2842 899 2897 Meinekius
933 2844 1190 2909 πεύσομαι
1232 2842 1452 2898 soloece.
1538 2840 1811 2913 Suspicor:
1862 2845 1982 2911 πρὸς
2021 2843 2382 2909 βιβλιοπώλαις
2431 2831 2436 2843 ‘

408 2931 668 2995 θεύσομαι.

482 3017 751 3089 Nicophon
795 3018 982 3074 Athen.
1021 3038 1070 3091 p.
1113 3024 1200 3074 80.
1247 3020 1306 3073 A.

784 3108 872 3160 ἐὰν
913 3108 965 3162 δέ
1005 3111 1060 3173 γ’
1095 3111 1233 3173 ἡμῶν
1274 3107 1406 3162 σῦκοέ
1449 3128 1526 3168 τις
1566 3108 1903 3175 μεσημβρίας

781 3196 983 3261 τρώγων
1024 3198 1256 3265 καθεύδῃ.

408 3282 522 3336 fieri
570 3281 667 3334 hoc
718 3281 861 3335 nullo
902 3283 1054 3337 modo
1098 3290 1298 3356 potest,
1342 3290 1400 3337 ut
1443 3283 1563 3353 quis
1602 3285 1805 3349 τρώγων
1846 3281 1965 3348 ἅμα
2006 3282 2260 3338 dormiat:
2305 3300 2380 3339 re-

405 3370 576 3424 scribe
611 3370 828 3437 τραγών.

415 3514 425 3522 ⁸
482 3457 756 3531 Polyzelus
792 3457 932 3530 apud
968 3459 1215 3513 Photium
1258 3478 1306 3513 v.
1348 3464 1460 3512 Τῶν
1502 3464 1642 3526 τριῶν
1683 3465 1849 3513 κακῶν
1889 3457 1957 3513 ἕν.

631 3551 771 3613 τριῶν
807 3548 975 3602 κακῶν
1018 3552 1141 3611 γοῦν
1183 3546 1237 3609 ἧν
1279 3548 1441 3603 ἑλέσθ’
1482 3549 1620 3613 αὐτῷ
1663 3569 1710 3601 τι
1750 3551 1878 3602 ποῖσ’
1917 3547 2150 3612 οένοέγκη,
