2436 4068
1052 199 1155 250 595

110 344 212 417 plis
244 359 394 415 opus.
444 342 518 396 De
555 341 668 413 ipso
705 341 1054 413 Xenophonte
1087 342 1408 398 Plutarchus
1440 343 1492 396 in
1530 343 1822 398 Artaxerxe
1853 362 1968 418 cap.
1992 347 2082 403 IX.

108 435 338 500 Ξενοφῶν
366 429 628 493 συντόμως
664 428 759 484 ἅτε
800 432 874 495 μὴ
911 432 1124 497 παρὼν
1158 433 1343 492 αὐτὸς
1381 427 1539 485 εἶπεν.
1602 430 1878 487 Sententia
1913 436 2085 505 igitur

108 527 223 574 est:
262 519 432 584 παρὼν
471 519 628 578 αὐτὸς
666 516 1035 581 συνεξέταττον
1058 561 1073 582 ,
1113 517 1211 576 ὅτε
1269 518 1536 585 σαφέςατ’
1573 518 1638 573 ἄν
1677 521 1887 585 εἰδείην,
1947 540 2085 594 quae

106 607 306 679 optime
345 605 544 660 Graece
564 605 703 659 hanc
744 605 971 659 formam
1010 605 1219 660 induit:
1261 607 1531 675 σαφές-Μ’
1571 606 1635 661 ἂν
1671 609 1869 671 εἰδείην.
1911 610 2086 674 συνεξ-

108 696 325 749 έταττον
382 694 487 760 γὰρ
541 695 711 760 παρὼν
764 694 940 754 αὐτός.
1043 693 1503 760 Quemadmodum
1559 695 1659 749 hoc
1714 695 1827 750 loco
1891 699 2087 752 ἐποίουν

107 781 386 854 pueriliter
424 780 710 834 admodum
754 781 1026 835 invectum
1079 788 1159 835 est
1201 783 1279 835 sic
1329 787 1551 837 ποιοῦσιν
1605 783 1818 839 inficete
1870 785 1936 840 de
1989 803 2086 841 suo

110 871 456 924 inseruerunt
494 868 877 923 homunciones
915 869 1050 923 V111.
1097 874 1145 923 1.
1189 873 1239 922 6.
1298 872 1363 930 ὡς
1400 870 1450 923 δὲ
1483 870 1593 924 τότ’
1630 871 1794 935 ἔδοξεν
1832 872 1959 928 οὕτω
1995 876 2083 929 καὶ

107 963 192 1013 νῦν
230 955 306 1011 ἔτι
372 957 642 1030 [ποιοῦσιν]
682 960 726 1012 οἱ
766 957 909 1012 κατα
960 958 1054 1019 την
1101 958 1286 1012 Ἀσίαν
1341 958 1437 1011 ὑπὸ
1491 958 1715 1023 βασιλεῖ
1758 959 1896 1022 ὄντες
1945 964 2086 1030 θερα-

105 1045 312 1101 πεύουσι
364 1045 464 1106 τας
520 1051 618 1099 τῶν
673 1045 935 1113 ἀρχόντων
973 1046 1162 1114 θύρας,
1220 1044 1311 1098 ubi
1352 1045 1445 1116 qui
1502 1046 1835 1112 θεραπεύουσί
1872 1070 1932 1102 τε
1991 1058 2087 1104 aut

106 1134 432 1202 θεραπεύουσι
471 1131 578 1199 γάρ
611 1134 892 1204 corrigunt
931 1140 1134 1205 augent
1169 1132 1404 1197 malum,
1446 1132 1585 1204 quod
1622 1142 1824 1189 resecto
1864 1143 2088 1192 ποιοῦσιν

109 1229 357 1276 sanatum
396 1222 516 1275 erit.
600 1219 664 1275 Ut
703 1220 801 1275 hoc
839 1221 954 1275 loco
992 1225 1214 1276 ποιοῦσιν
1250 1252 1323 1260 -
1355 1221 1710 1289 θεραπεύουσιν
1760 1240 1817 1277 se
1856 1224 2086 1280 invicem

110 1308 438 1383 impediunt,
477 1309 555 1362 sic
591 1309 646 1362 in
688 1308 803 1363 loco
842 1310 1218 1382 Aristophanis
1256 1308 1390 1363 Nub.
1432 1314 1593 1364 1155.

410 1399 518 1458 πᾶς
558 1397 663 1465 γάρ
702 1419 782 1459 τις
821 1398 999 1464 ὅμνυσ’
1038 1395 1109 1459 οἷς
1150 1398 1370 1467 ὀφείλων
1409 1397 1665 1465 τυγχάνω

408 1485 507 1546 θείς
546 1507 632 1552 μοι
675 1489 942 1554 πρυτανεῖ’
980 1488 1197 1541 ἀπολεῖν
1237 1486 1306 1551 με’
1343 1491 1473 1556 φησι
1511 1486 1768 1550 κοὶξολεῖν.
2112 1546 2114 1548 ,

107 1572 312 1637 ὄμνυσιν
345 1579 399 1628 et
429 1578 559 1642 φησι
595 1582 840 1629 constare
874 1592 977 1628 non
1016 1580 1258 1646 possunt.
1340 1574 1478 1641 Quid
1511 1577 1580 1628 sit
1616 1574 1898 1645 legendum
1930 1577 2087 1632 multi

106 1659 312 1716 dudum
353 1660 637 1726 viderunt,
678 1679 871 1734 nempe
908 1663 1094 1728 ὀμνύς,
1135 1661 1227 1716 sed
1268 1663 1544 1717 novissimi
1591 1662 1838 1718 Editores
1878 1665 2088 1720 malunt

108 1747 362 1803 mendum
402 1766 650 1815 servare,
691 1767 759 1805 ne
796 1750 897 1805 hoc
938 1750 1155 1821 quidem
1198 1757 1451 1805 curantes
1488 1750 1626 1822 quod
1666 1749 1843 1816 ἔμνυσ’
1883 1749 1954 1814 οἷς
1990 1772 2088 1826 pro

105 1834 311 1901 ὄμνυσιν
367 1834 438 1898 οἷς
492 1837 599 1892 dici
653 1837 799 1892 nullo
853 1838 1008 1893 modo
1064 1845 1254 1911 potest.
1334 1840 1533 1904 Ὀμνύς
1581 1843 1740 1908 φησιν
1798 1857 1913 1896 esse
1971 1844 2085 1907 μεθ’

104 1921 246 1990 ὅρκου
267 1927 426 1993 φησιν
447 1926 787 1998 apertissime
816 1926 1206 1982 demonstrabit
1246 1925 1614 1998 Xenophontis
1654 1927 1801 1981 locus
1839 1929 1893 1982 in
1934 1929 2088 2004 Sym-

105 2012 252 2083 posio
288 2013 378 2067 IV.
425 2019 509 2070 10.
549 2014 631 2069 ἀεὶ
666 2015 935 2079 ὀμνύοντες
979 2013 1263 2089 (ὀμνύντες)
1304 2014 1467 2069 καλόν
1499 2014 1570 2080 με’
1608 2019 1752 2083 φατε
1786 2014 1951 2083 εἶναι,
1993 2020 2086 2091 qui

104 2099 493 2173 Aristophaneo
532 2102 841 2157 simillimus
877 2109 976 2157 est.
1056 2105 1214 2158 Iuvat
1252 2101 1424 2156 obiter
1464 2102 1831 2173 Xenophontis
1867 2113 1921 2160 et
1971 2107 2085 2162 Pta-

105 2189 247 2243 tonis
301 2190 627 2244 testimoniis
682 2189 906 2245 alterius
946 2189 1047 2246 loci
1095 2189 1239 2263 apud
1292 2189 1707 2262 Aristophanem
1759 2194 2083 2252 emendatio-

105 2292 228 2332 nem
279 2278 334 2331 in
381 2279 559 2350 priore
597 2286 749 2351 parte
801 2294 832 2333 a
885 2296 971 2334 me
1021 2278 1347 2351 propositam
1408 2278 1745 2335 confirmare.
1834 2281 1975 2338 Raro
2028 2286 2085 2339 in

105 2363 457 2438 Aristophane
508 2365 841 2421 emendando
899 2366 1033 2421 mihi
1089 2367 1270 2422 videor
1325 2365 1491 2421 fuisse
1550 2366 1757 2423 felicior
1814 2387 1976 2442 quam
2029 2373 2084 2429 in

107 2451 297 2526 Vespis
331 2458 438 2510 51⁶2.
461 2498 477 2520 ‚
519 2454 609 2510 uhi
648 2454 830 2510 editur
870 2473 1092 2528 prorsus
1131 2457 1248 2510 sine
1285 2472 1479 2510 sensu:

256 2550 544 2599 ΠΛΙΔΕΣ.
585 2544 642 2598 τί
677 2564 746 2609 με
786 2544 934 2608 δῆτ’,
978 2542 1013 2599 ὦ
1052 2545 1225 2610 μελέα
1264 2552 1453 2613 μῆτερ,
1494 2543 1727 2610 ἔτικτες,

444 2686 450 2690 .
593 2630 653 2686 ἵν’
694 2632 804 2699 ἐμοὶ
846 2631 1149 2701 πράγματα
1187 2632 1397 2699 βόσκειν
1437 2631 1690 2701 παρέχῃς.

108 2715 197 2773 ubi
237 2720 574 2791 coniungunt
626 2720 855 2775 mirifice
903 2722 1113 2786 βόσκειν
1165 2721 1507 2791 πράγματα,
1561 2722 1724 2776 etiam
1776 2723 2084 2784 Dindorfius

104 2804 171 2861 ad
210 2805 463 2880 Stephani
518 2807 891 2872 Thesauruin,
947 2808 1040 2864 sed
1080 2816 1133 2865 et
1187 2810 1266 2865 sic
1316 2815 1369 2864 et
1422 2810 1611 2881 quavis
1653 2810 1757 2867 alia
1810 2815 1894 2870 via
1945 2817 2080 2872 nihii

104 2894 362 2951 extundes
400 2895 540 2968 quod
589 2914 694 2953 non
752 2897 1048 2953 absurdum
1101 2899 1173 2952 sit
1225 2897 1392 2955 donec
1443 2914 1506 2954 ea
1546 2899 1706 2955 verba
1748 2902 1827 2958 sic
1885 2903 2081 2963 divise-

104 2980 216 3049 ris,
254 2990 315 3039 ut
353 2986 505 3057 pueri
547 2984 798 3040 flebiliter
833 2993 1267 3058 conquerantur:

478 3073 532 3127 τί
570 3095 638 3140 με
679 3075 822 3140 δῆτ’,
862 3073 898 3129 ὦ
936 3075 1109 3142 μελέα
1145 3081 1340 3144 μῆτερ,
1378 3076 1611 3139 ἔτικτες;

106 3164 284 3229 patres
322 3160 679 3233 respondeant
718 3162 1146 3219 subsannantes:

481 3247 541 3303 ἵν’
581 3252 723 3317 ἐμοὶ
764 3252 1069 3320 πράγματα
1107 3252 1317 3319 βόσκειν
1358 3254 1610 3324 παρέχῃς.

180 3333 254 3390 De
279 3350 340 3390 ea
371 3336 538 3406 igitur
567 3338 666 3394 loci
697 3341 1038 3396 restitutione
1067 3340 1329 3397 iudicium
1363 3342 1539 3400 serens
1569 3345 1654 3397 vir
1681 3344 1898 3415 quidam
1929 3363 2079 3417 egre-

105 3421 192 3492 gie
229 3420 417 3478 doctus
452 3442 568 3480 eam
611 3428 686 3483 ita
728 3430 914 3485 reiecit
962 3436 1022 3484 ut
1055 3429 1156 3484 sibi
1196 3430 1275 3484 nil
1313 3448 1439 3504 opus
1498 3450 1606 3486 esse
1644 3432 1809 3486 videri
1860 3433 2079 3490 diceret.

109 3508 476 3576 Festinanter‚
514 3514 705 3581 credo,
748 3517 978 3590 inspexit
1017 3525 1111 3573 aut
1151 3518 1496 3575 festinantius
1536 3521 1751 3592 scripsit
1791 3528 1844 3575 et
1896 3521 2079 3577 luben-

108 3603 189 3652 ter
234 3598 416 3668 ἐφίημι
471 3602 552 3657 ἐπ’
599 3606 754 3661 αὑτὸν
796 3606 1132 3675 ἐγρηγορότα.
1214 3605 1499 3665 Ostendam
1544 3615 1722 3665 autem
1776 3609 2077 3678 πράγματα
