2436 4068
1278 261 1345 310 70

320 403 609 474 negligenti
645 403 924 457 excidisse.
1009 400 1324 463 Menander,
1371 409 1431 454 ut
1473 418 1692 466 omneS,
1747 402 1925 470 ἔγημα
1965 403 2205 470 dicebat,
2245 411 2304 458 ut

320 494 373 546 in
414 492 603 562 fragm.
650 492 838 546 incert.
881 489 1072 544 CCCXI
1111 489 1336 544 Meinek.

621 581 642 633 ὁ
684 584 768 632 νῦν
807 578 942 645 ἔχων
981 577 1302 645 Ἀβροτόνιον
1345 580 1437 642 την
1471 577 1736 646 ψάλτριαν

622 667 779 732 ἔγημ’
822 667 1092 734 ἔναγχοςς
1153 676 1206 720 Β.
1250 665 1389 720 πάνυ
1424 669 1519 732 μὲν
1560 663 1640 721 οὖν
1665 707 1676 718 .

316 761 496 809 careat
537 755 706 824 igitur
745 753 1034 808 Menander
1069 770 1130 809 eo
1163 755 1391 809 crimine
1429 761 1481 808 et
1517 754 1648 808 levis
1682 759 1871 807 auctor
1906 759 2300 809 contemnatur.

393 843 657 895 Porsonus
692 848 744 895 et
780 842 1076 896 Meinekius
1111 841 1390 897 Menandri
1423 841 1597 896 locum
1636 840 1890 895 mutilum
1929 841 2072 912 apud
2107 841 2299 896 Athen.

317 930 404 983 VI.
430 933 556 984 247.
576 929 636 983 E.
671 930 744 982 ita
768 929 1115 1001 expleverunt
1147 937 1205 985 ut
1235 930 1556 985 Graecitatis
1584 929 2024 984 consuetudinem
2055 936 2108 983 et
2143 945 2302 984 usum

314 1017 591 1071 violarent.
689 1018 979 1073 Dicebatur
1035 1019 1215 1073 nescio
1265 1018 1386 1089 quis
1437 1016 1503 1070 ad
1553 1033 1773 1071 coenam
1828 1017 2087 1072 invitatus
2132 1017 2306 1088 egisse

316 1105 550 1175 gratiaS,
592 1111 709 1159 tum
751 1106 946 1177 aliquis
986 1107 1060 1160 ita
1100 1106 1278 1160 dicere
1318 1105 1544 1176 incipit:

465 1193 606 1247 τοῦθ’
638 1195 836 1261 ἑταῖρός
874 1197 978 1253 ε’ςιν
1019 1194 1168 1255 ὅντως
1192 1236 1204 1248 .
1244 1197 1334 1249 οὐκ
1374 1194 1538 1263 ἐρωτᾷ
1580 1194 1772 1255 πηνίκα

466 1282 664 1336 δεῖπνόν
706 1283 809 1339 ἐςιν
832 1325 846 1346 ,
892 1281 1058 1350 ὥσπερ
1097 1281 1290 1350 ἕτεροι,
1331 1282 1418 1336 καὶ
1457 1282 1510 1335 τί
1543 1281 1760 1334 δειπνεῖν
1798 1282 1982 1335 κωλύει

465 1371 583 1431 τοὺς
624 1370 884 1437 παρόντας
910 1413 923 1432 ,
969 1367 1085 1425 εἶτα
1126 1371 1323 1425 δεῖπνον
1361 1369 1525 1437 ἕτερον
1563 1371 1634 1431 εἷς
1673 1369 1848 1436 τρίτην
1881 1367 2073 1435 βλέπει

1331 1455 1449 1513 εἶτα
1485 1458 1799 1525 περίδειπνον
1834 1455 1997 1511 πάλιν
2021 1498 2032 1509 .

311 1546 485 1616 prima
525 1546 684 1600 verba
725 1554 978 1619 corrupta
1019 1555 1162 1602 sunt.
1243 1546 1414 1602 Codex
1457 1551 1668 1601 servat:
1722 1547 1857 1599 τοῦθ’
1898 1546 2103 1613 ἓταῖροσ
2142 1542 2301 1599 ὅντωσ

313 1635 449 1697 ἐςιν,
503 1649 639 1704 quae
686 1636 845 1688 metri
899 1651 1062 1690 causa
1113 1637 1439 1707 transposita
1492 1639 1650 1697 sunt,
1707 1631 1799 1687 sed
1853 1632 1983 1705 quid
2038 1630 2296 1704 prodest?

315 1721 448 1775 nihil
489 1722 758 1792 significat
778 1724 915 1777 τοῦθ’
951 1724 1148 1791 ἑταῖρός
1185 1724 1288 1780 ἐςιν
1328 1724 1479 1784 ὅντως
1502 1765 1516 1787 ,
1558 1721 1822 1775 Graecum
1846 1726 1926 1775 est
1962 1717 2105 1782 οὗτος
2144 1719 2296 1782 ὄντως

313 1811 415 1863 ἐσθ’
457 1811 671 1877 ἑταῖρος.
753 1810 811 1863 Ιι]
852 1819 1044 1881 quarto
1084 1828 1244 1866 versu
1282 1817 1504 1882 apparet
1540 1806 1657 1863 εἶτα
1699 1810 1987 1881 repetitum
2030 1809 2301 1880 peperisse

312 1899 595 1951 lacunam:
640 1899 822 1969 itaque
863 1899 1131 1953 Porsonus
1166 1899 1446 1971 supplebat
1483 1895 1601 1952 εἶτα
1630 1898 1672 1951 δ’
1703 1895 1867 1965 ἕτερον
1905 1898 1976 1958 εἷς
2004 1895 2261 1965 τετάρτην
2282 1938 2297 1958 ,

312 2002 471 2056 quem
508 1993 726 2039 secutus
766 1987 1063 2042 Meinekius
1099 1990 1170 2050 εἷς
1210 1986 1465 2056 τετάρτην
1505 1986 1547 2039 δ’
1586 1983 1726 2047 αὖθις
1763 1983 1926 2053 ἕτερον
1963 1984 2299 2042 coniiciebat.

311 2073 425 2127 Non
468 2080 638 2145 potest
680 2073 777 2127 hoc
814 2075 1102 2131 Menander
1135 2077 1437 2147 scripsisse,
1480 2074 1732 2146 quoniam
1769 2073 1934 2127 Attici
1971 2089 2075 2126 non
2117 2071 2298 2143 τετάρ·

311 2181 404 2224 την
445 2161 693 2215 dicebant
732 2162 823 2216 sed
870 2164 1132 2232 τετράδα,
1192 2170 1249 2218 ut
1288 2164 1341 2216 in
1383 2162 1590 2230 τετράδι
1631 2161 1933 2227 γεγονέναι,
1971 2166 2207 2223 πλακοῦς
2247 2163 2299 2216 ἐν

313 2251 518 2317 τετράδι
551 2251 910 2316 πεπεμμένος,
950 2253 1137 2320 τετράς
1173 2252 1256 2305 ε’πὶ
1300 2251 1451 2312 δέκα,
1492 2248 1698 2317 τετράδι
1728 2249 2005 2318 φθίνοντος.
2085 2249 2298 2304 Menan-

313 2338 409 2392 der
452 2339 563 2408 ipse
614 2338 755 2408 apud
808 2338 1003 2393 Athen.
1053 2339 1138 2393 VI.
1184 2343 1309 2394 245.
1357 2339 1416 2392 A.
1467 2336 1548 2392 ἵνα
1597 2347 1664 2407 τῇ
1703 2336 1910 2405 τετράδι
1956 2339 2132 2406 δειπνῇ
2174 2339 2298 2405 παρ’

311 2425 511 2492 ἑτέροις.
604 2425 853 2480 Solebant
901 2428 1044 2482 enim
1093 2430 1186 2491 την
1226 2427 1454 2495 τετράδα
1497 2425 1666 2479 hilare
1704 2442 1918 2479 sumere
1962 2433 2014 2481 et
2053 2425 2298 2491 συνάγειν

315 2513 624 2587 (convivium
661 2514 974 2588 celebrare),
1008 2516 1149 2589 quod
1178 2516 1489 2584 τετραδίζειν
1532 2514 1807 2575 dicebant,
1853 2513 1994 2568 unde
2030 2515 2072 2567 οἱ
2114 2533 2295 2581 τετρα·

313 2603 453 2660 διςαί
492 2619 685 2656 nomen
728 2602 1007 2658 habebant.
1066 2605 1244 2660 Alexis
1278 2603 1469 2658 Athen.
1510 2602 1622 2656 VII.
1668 2605 1792 2656 287.
1831 2601 1889 2654 F.

618 2687 668 2752 ὃς
701 2698 807 2754 τοῖς
848 2695 1174 2761 τετραδιςαῖς
1215 2694 1308 2759 μὲν
1349 2691 1628 2760 παρέθηκεν
1669 2692 1811 2747 ἐςιῶν

592 2779 780 2848 ’πρῴην
821 2780 1016 2835 λέκιθον
1057 2782 1144 2836 καὶ
1186 2780 1501 2848 μεμβράδας
1544 2780 1630 2833 καὶ
1673 2779 1946 2847 ςέμφυλα.

313 2866 381 2919 At
425 2865 637 2919 videtur
672 2866 755 2921 his
793 2868 1194 2940 Theophrastus
1228 2868 1525 2932 adversari,
1567 2867 1659 2939 qui
1694 2882 1817 2921 eum
1860 2865 2000 2920 diem
2040 2865 2294 2935 τετάρτην

313 2953 508 3007 dixerit
553 2955 606 3007 in
643 2955 911 3010 Charactt.
953 2957 1139 3011 XXVI.
1177 2960 1263 3012 τὸν
1300 2956 1647 3021 δεισιδαίμονα
1681 2953 2009 3008 describens:
2053 2953 2139 3007 καὶ
2175 2959 2294 3016 ταῖς

312 3042 590 3108 τετάρταις
633 3045 684 3097 δὲ
719 3046 807 3098 καὶ·
847 3051 966 3106 ταῖς
1007 3045 1328 3112 ἕβδομάταις
1370 3043 1634 3112 προςάξοις
1669 3042 1791 3097 οἶνον
1832 3039 1975 3109 ἕψειν
2016 3048 2121 3103 Τοῖς
2162 3042 2294 3097 ἔνδον

313 3127 526 3192 ἐξελθὼν
561 3132 820 3198 άγοράσαι
854 3133 1102 3202 μυρσίνας
1137 3135 1244 3188 κτὲ.
1299 3133 1442 3187 Haec
1476 3133 1620 3186 enim
1643 3148 1708 3186 ex
1739 3129 1954 3201 egregio
1975 3129 2165 3184 Codice
2194 3130 2294 3185 Va·

310 3216 490 3271 ticano
529 3216 847 3276 Siebenkees
881 3222 1094 3286 attulit,
1136 3222 1229 3293 qui
1258 3220 1531 3292 praeclaro
1561 3221 1779 3274 invento
1813 3224 1923 3272 tam
1961 3217 2295 3288 negligenter

310 3310 363 3358 et
403 3305 695 3361 oscitanter
734 3325 864 3364 usus
905 3317 985 3364 est
1022 3317 1082 3364 ut
1125 3308 1490 3380 Theophrasto
1527 3306 1645 3378 plus
1687 3306 1933 3360 nocuisse
1973 3321 2135 3375 quam
2175 3322 2291 3376 pro·

311 3391 477 3447 fuisse
523 3393 788 3451 videatur.
870 3398 1164 3470 Descripsit
1198 3405 1379 3452 autem
1417 3394 1662 3450 Codicem
1701 3393 2288 3449 Palatino-Vaticanum

311 3495 372 3534 ea
411 3481 681 3546 socordia,
722 3491 976 3555 quantam
1007 3487 1061 3539 in
1098 3486 1244 3540 nullo
1278 3485 1380 3540 alio
1409 3499 1494 3538 me
1529 3499 1785 3553 umquam
1815 3481 2012 3535 vidisse
2045 3482 2286 3536 memini.

311 3567 430 3637 Ipse
470 3569 668 3625 Romae
705 3575 979 3644 quantivis
1018 3575 1178 3645 pretii
1216 3572 1416 3628 librum
1458 3587 1562 3643 qua
1601 3570 1751 3641 potui
1791 3568 2027 3623 maxima
2067 3585 2198 3622 cura
2239 3574 2291 3622 et.

312 3654 590 3728 diligentia
642 3660 848 3738 inspexi
895 3671 947 3719 et
994 3663 1251 3734 descripsi
1302 3669 1352 3716 et
1396 3677 1518 3715 cum
1570 3657 1868 3731 pulvisculo
1917 3655 2177 3727 quidquid
2227 3655 2292 3709 ad
