2436 4068
1143 205 1173 253 7

538 348 741 414 ἔγνωκα
781 350 823 403 δ’
864 347 945 404 οὖν
986 347 1142 410 οὕτως
1179 347 1612 414 ἐπισκοπούμενος

537 433 666 492 εἶναι
701 437 928 503 μανιώδη
969 437 1150 492 πάντα
1189 437 1490 505 τάνθρώπων
1530 434 1676 499 ὅλως.

157 521 500 580 Nausicrates
540 525 733 580 Athen.
778 524 888 578 Vll.
933 528 1059 579 296.
1102 525 1161 578 A.

987 611 1071 665 δύο
1107 613 1202 677 μὲν
1242 612 1441 667 ἁπαλοὶ
1482 612 1570 667 καὶ
1611 614 1764 667 καλοί

541 699 839 773 [ἐπώνυμοι]
879 703 969 754 τοῦ
1009 699 1292 754 ναυτίλοισι
1328 701 1588 763 πολλάκις

530 788 621 851 ἤδη
661 787 916 857 φανέντος
959 788 1235 852 πελαγίοις
1273 789 1325 841 ἐν
1360 789 1653 854 οέγκοὶλαις.

417 886 489 951 13.
524 875 761 941 γλαυκὸν
796 875 991 941 λέγεις.
1045 884 1111 929 A.
1154 873 1405 940 ἔγνωκας.

153 962 246 1018 ubi
284 964 538 1030 ἐπώνυμοι
583 961 812 1017 feliciter
850 970 932 1018 est
972 980 1003 1018 a
1043 964 1277 1018 Porsono
1320 971 1613 1036 repertum.
1694 965 1794 1020 Hic
1835 980 2047 1036 quoque
2090 972 2148 1020 ut

152 1052 352 1124 passim
391 1052 446 1105 in
485 1050 759 1106 Athenaeo
796 1050 1052 1106 librarius
1088 1053 1300 1117 omisit,
1339 1069 1476 1125 quae
1512 1054 1622 1108 situ
1659 1060 1753 1108 aut
1785 1053 2002 1109 madore
2036 1071 2149 1108 cor·

151 1147 310 1212 rupta
348 1146 443 1195 aut
478 1138 704 1194 evanida
743 1139 995 1211 expedire
1035 1157 1140 1194 non
1182 1141 1374 1211 potuit.
1433 1140 1706 1213 Aristoph.
1749 1142 1884 1196 Nub.
1925 1146 2071 1197 1094

453 1225 558 1297 α”ρα
593 1228 704 1292 δῆτ’
744 1228 755 1300 Ι
799 1227 1033 1294 ἔγνωκας
1070 1231 1135 1290 ὥς
1175 1229 1313 1283 οὐδὲν
1348 1228 1560 1295 λέγεις;

148 1323 204 1372 et
256 1315 400 1372 alibi.
495 1317 604 1371 Hoc
665 1316 844 1388 ipsum
905 1318 1074 1388 igitur
1130 1316 1320 1390 Lysiae
1375 1316 1708 1372 reddendum
1766 1334 1957 1372 censeo
2003 1318 2147 1372 κατὰ

149 1407 445 1472 Θεομνήςου
467 1407 538 1459 α’.
581 1403 620 1478 §
647 1408 718 1459 20
753 1405 807 1458 in
838 1405 1045 1460 verbis:
1092 1407 1219 1461 aim:
1238 1407 1283 1460 εἰ
1314 1407 1388 1472 μὴ
1411 1406 1638 1473 σιδηροῦς
1661 1404 1768 1462 ἐςὶν
1798 1404 1966 1472 οἴομαι
1989 1406 2146 1461 αὐτὸν

147 1492 358 1548 ἔννουν
398 1492 754 1559 γεγονέναι
790 1490 867 1548 ὅτι
905 1493 977 1548 τα
1016 1494 1113 1559 μὲν
1155 1492 1463 1562 πράγματα
1503 1495 1680 1549 ταῦτα
1715 1495 1790 1551 ἐςι
1834 1498 1920 1548 νῦν
1954 1515 2013 1548 τε
2056 1493 2143 1549 καὶ

146 1580 340 1645 πάλαι,
361 1588 459 1637 τῶν
477 1583 520 1637 δ’
542 1581 803 1647 ὀνομάτων
825 1583 968 1644 ἐνίοις
991 1584 1045 1636 οὐ
1068 1589 1176 1644 τοῖς
1198 1584 1375 1643 αὐτοῖς
1396 1583 1647 1650 χρώμεθα
1668 1586 1754 1636 νῦν
1775 1603 1833 1636 τε
1856 1582 1942 1636 καὶ
1966 1581 2157 1651 πρότεε

145 1689 244 1738 ρον.
284 1669 428 1725 Nihil
468 1671 614 1726 enim
646 1670 795 1725 aliud
824 1670 1094 1741 significat
1126 1669 1291 1733 ἔννους
1326 1671 1575 1737 γίγνεται
1616 1686 1778 1742 quam
1819 1670 1887 1724 ad
1926 1659 1980 1724 se
2013 1671 2148 1725 redit

146 1756 455 1829 diciturque
474 1758 541 1813 de
569 1759 775 1830 eo,qui
813 1765 908 1813 aut
940 1758 1123 1815 ebrius
1147 1759 1249 1817 suit
1289 1767 1383 1816 aut
1424 1760 1676 1823 insaniit,
1712 1758 1893 1812 autde
1914 1775 2005 1821 eo,
2051 1759 2149 1830 qui-

145 1862 310 1917 quam
348 1846 602 1902 stolidum
633 1848 702 1902 sit
725 1847 867 1919 quod
888 1854 1013 1918 agat
1036 1848 1341 1920 intelligens
1363 1848 1556 1903 melius
1578 1846 1863 1902 consilium
1888 1848 2058 1918 capit,
2085 1855 2146 1902 ut

145 1933 286 2005 apud
309 1934 721 1990 Demosthenem
754 1938 877 2004 πρὸς
910 1938 1164 2005 Ὀνήτορα
1195 1953 1312 2008 pag.
1338 1940 1465 1992 876.
1520 1936 1682 1997 ἔννους
1705 1936 2049 2001 γίγνεται-
2070 1968 2145 1977 --

143 2022 232 2076 καὶ
266 2022 321 2076 τί
353 2030 514 2085 ποιεῑ;
552 2024 670 2084 τοὺς
706 2019 841 2091 ὅρους
874 2024 981 2078 ἀπὸ
1015 2032 1108 2088 τῆς
1145 2026 1307 2087 οἰκίας
1354 2027 1576 2094 ἀφαιρεῖ
1605 2025 1717 2078 κτὲ.
1781 2024 1926 2078 Fieri
1958 2030 2145 2078 autem

143 2126 250 2163 nou
290 2117 462 2182 potest
499 2116 559 2164 ut
598 2110 761 2173 ἔννους
792 2111 982 2176 γέγονε
1022 2108 1291 2183 significet
1330 2113 1548 2178 ἔγνωκε.
1607 2111 1910 2182 Scripserat
1950 2110 2147 2166 Orator

139 2196 310 2264 οἴομαι
349 2198 507 2253 αὐτὸν
546 2201 632 2252 νῦν
662 2202 719 2263 γ’
754 2199 1032 2264 ἐγνωκέναι
1073 2198 1149 2255 ὅτι
1191 2202 1303 2256 κτὲ.
1347 2200 1440 2254 ubi
1474 2204 1558 2255 νῦν
1593 2201 1649 2254 in
1682 2202 1794 2254 νοῦν
1836 2199 1970 2253 abiit
2009 2199 2147 2254 levis

140 2292 415 2341 corrector
460 2284 626 2340 ἔννουν
676 2287 950 2352 γεγονέναι
1003 2287 1069 2343 de
1124 2305 1222 2343 suo
1275 2288 1440 2344 dedit.
1519 2288 1691 2343 Lubet
1742 2287 1926 2342 eadem
1981 2304 2143 2359 opera

141 2380 301 2446 turpe
335 2374 531 2429 vitium
573 2390 639 2429 ex
676 2375 1006 2448 Antiphonte
1047 2376 1234 2433 tollere
1279 2378 1335 2431 in
1371 2377 1612 2432 oratione
1649 2377 1761 2444 περὶ
1798 2381 1888 2430 τοῦ
1925 2378 2140 2444 Ἡρώδου

135 2462 294 2533 φόνου
347 2461 387 2538 S
440 2466 535 2520 44.
598 2463 742 2518 Reus
794 2464 1062 2520 Herodem
1127 2466 1273 2522 solus
1319 2472 1484 2521 noctu
1539 2466 1594 2519 in
1646 2465 1825 2519 littore
1878 2464 2140 2520 occidisse

136 2549 355 2606 dicitur.
418 2550 572 2618 Quod
609 2550 726 2607 fieri
761 2569 867 2607 non
910 2553 1146 2625 potuisse
1180 2562 1235 2610 et
1273 2554 1394 2609 aliis
1432 2555 1770 2625 argumentis
1805 2553 2139 2608 demonstrat

136 2644 192 2695 et
227 2640 335 2695 sic:
378 2638 477 2694 ὑπὸ
516 2639 568 2694 δὲ
603 2641 710 2702 ἑνὸς
750 2642 1082 2707 ἀποθνήσκων
1116 2642 1225 2699 οὔτ’
1260 2643 1548 2711 ἀνέκραγεν
1578 2641 1687 2696 οὔτ’
1726 2641 1959 2704 αἴσθησιν
1999 2643 2133 2698 οὐδε-

136 2728 264 2794 μίαν
307 2728 544 2791 ἐποίησεν
587 2727 709 2783 οὔτε
740 2735 847 2793 τοῖς
881 2731 934 2784 ἐν
966 2739 1032 2801 τῇ
1067 2740 1138 2802 γῇ
1174 2730 1293 2786 οὔτε
1326 2737 1432 2792 τοῖς
1469 2731 1520 2784 ἐν
1557 2732 1627 2799 τῷ
1669 2731 1858 2799 πλοι’ῳ;
1902 2730 1988 2784 καὶ
2030 2731 2134 2795 μὴν

135 2817 314 2885 πολλῷ
366 2815 526 2871 πλέον
577 2837 652 2883 γε
699 2818 788 2884 ἀγ
804 2825 968 2873 νοεῖν
1010 2818 1086 2878 ἔςι
1127 2819 1321 2888 νύκτωρ
1361 2819 1390 2883 ἢ
1427 2820 1542 2886 μεθ’
1585 2818 1808 2887 ἡμέραν,
1848 2819 1932 2872 ἐπ’
1962 2819 2130 2881 οέκτῆς

134 2908 167 2970 ἢ
202 2905 349 2959 κατα
386 2904 566 2961 πόλιν.
609 2906 666 2959 in
707 2905 792 2961 his
829 2927 896 2973 γε
936 2909 1144 2973 οέγνοεῒν
1190 2925 1354 2964 sensu
1392 2924 1626 2963 vacuum
1665 2913 1771 2961 est:
1826 2905 1967 2978 quod
2012 2922 2129 2961 sen-

136 2994 306 3050 tentia
342 2992 445 3048 loci
486 2993 722 3066 postulat
756 2993 1031 3058 ἐξακουςον
1073 2996 1405 3067 φθέγγεσθαι
1444 2995 1550 3060 vel,
1591 3002 1651 3050 ut
1687 2994 1828 3067 apud
1871 2993 2127 3066 Antipha-

135 3097 259 3137 nem
308 3081 544 3137 vidimus
576 3083 703 3148 βοὴν
744 3080 883 3147 ἵςησι
920 3085 1177 3151 γεγωνόν,
1219 3084 1365 3140 nullo
1403 3084 1616 3155 negotio
1651 3100 1714 3138 ex
1754 3082 1999 3153 reliquiis
2040 3081 2127 3136 de·

134 3176 385 3243 pravatae
414 3170 717 3242 scripturae
749 3173 982 3246 exscalpi
1018 3174 1208 3246 potuit.
1267 3173 1434 3228 Vetus
1470 3172 1629 3237 liber,
1672 3170 1813 3226 unde
1845 3169 2124 3225 deterrimi

134 3259 305 3315 nostri
358 3257 570 3315 codices
618 3267 939 3326 manarunt,
993 3260 1131 3316 hanc
1183 3261 1469 3317 lectionem
1519 3259 1789 3315 servabat:
1842 3263 2122 3312 ΠΛΕΟΝ-

132 3354 534 3412 ΓΕΓΩΝΕΙΝ,
575 3347 830 3405 librarius
874 3350 965 3405 ubi
1005 3349 1162 3406 πλέον
1202 3371 1269 3416 γε
1315 3349 1535 3405 dederat
1582 3349 1636 3402 in
1680 3353 1962 3402 ΓΩΝΕΙΝ
2004 3344 2125 3398 hae-

132 3451 256 3492 rens
289 3435 499 3492 extudit
526 3436 791 3494 Graecum
831 3437 1148 3493 vocabulum
1171 3438 1549 3510 quodcumque
1571 3443 1624 3491 et
1641 3438 1847 3501 ἀγνοεῖν
1879 3432 2123 3503 scripsit,

134 3540 302 3595 quum
349 3528 528 3595 πολλῷ
580 3526 738 3581 πλέον
781 3533 1032 3593 γεγωνεῖν
1072 3525 1148 3584 ἔςι
1183 3527 1376 3595 νύκτωρ
1417 3527 1446 3589 ἢ
1487 3527 1601 3592 μεθ’
1653 3525 1845 3591 ἡμέραν
1886 3519 2122 3576 scribere

135 3610 422 3669 debuisset.
502 3614 759 3671 Eiusdem
811 3615 1046 3672 levitatis
1100 3622 1170 3671 et·
1201 3615 1436 3687 stuporis
1485 3612 1725 3683 exempla
1777 3612 1825 3663 in
1885 3607 2123 3680 antiquis
