2436 4068
1044 200 1149 251 677

110 345 245 398 inter
296 353 343 399 el
373 361 602 416 puy-nam
641 343 782 414 apud
833 342 1150 398 Mantineam
1206 343 1519 399 intersunt.’'
1597 343 1698 397 Ain
1740 339 1906 395 vero?
1950 339 2078 394 Her-

108 434 350 504 mippum
394 434 532 486 serio
570 431 861 486 credidisse
913 431 1049 487 dicis
1106 432 1378 488 Socratem
1431 430 1602 506 Grylli
1650 432 1702 485 in
1758 428 2079 484 Mantinensi

103 521 307 593 proelio
346 522 507 574 occisi
550 519 736 574 laudes
778 521 979 592 scripta
1017 522 1255 575 oratione
1296 520 1628 579 celebrasse.
1685 518 1778 590 qui
1821 534 1922 571 non
1966 523 2081 570 tan-

107 617 224 662 tum
280 607 523 662 XXXVII
562 608 719 660 anuis
757 615 877 678 post
937 608 1172 663 Socratis
1227 616 1454 662 mortem
1495 606 1728 668 cecidit,
1774 604 1865 660 sed
1924 610 2085 658 natus

105 696 235 751 adeo
274 704 356 751 est
390 697 544 750 aunis
585 695 789 766 aliquot
827 703 1105 766 postquam
1154 696 1400 750 Socrates
1440 704 1522 750 est
1573 702 1836 750 mortuuS.
1916 691 2086 762 Equi·

104 784 226 839 dem
294 783 598 838 istiusmodi
660 782 1017 838 eruditionem
1078 801 1183 837 non
1238 800 1411 838 emam
1469 784 1658 837 vitiosa
1730 798 1887 836 nuce.
1984 778 2088 834 Sed

109 888 214 927 una
254 871 470 926 literula
510 878 565 925 et
605 888 702 924 nos
742 878 796 925 et
841 871 1192 943 Hermippum
1228 871 1488 942 expediet.
1568 871 1680 924 Non
1723 870 1865 924 enim
1907 869 2086 922 Socra·

110 970 211 1016 tem
252 960 346 1015 sed
385 959 670 1014 Isocratem
726 959 823 1014 hoc
868 958 1054 1013 secisse
1094 960 1413 1030 scripserat,
1468 959 1519 1012 id
1564 958 1702 1029 quod
1755 975 1848 1028 per
1890 965 2092 1028 tempo-

107 1065 231 1103 rum
291 1049 526 1102 rationes
584 1048 774 1119 utique
849 1047 963 1102 fieri
1036 1047 1252 1119 potuit,
1316 1063 1642 1118 quamquam
1705 1045 1904 1100 factum
1967 1060 2085 1098 esse

109 1136 245 1191 mihi
293 1135 510 1208 quidem
569 1153 671 1190 non
734 1135 950 1190 videtur
1017 1135 1191 1190 simile
1253 1136 1385 1189 veri.
1488 1135 1652 1189 Recte
1712 1151 1854 1187 nunc
1909 1132 2090 1187 editur

106 1223 249 1297 apud
299 1224 589 1294 Diogenem
647 1224 821 1279 Laert.
858 1223 924 1278 ll.
967 1227 1055 1277 55.
1129 1223 1425 1291 Ἕρμιππος
1472 1225 1520 1276 ἐν
1566 1224 1635 1290 τῷ
1689 1222 1800 1289 περ)
1853 1220 2088 1289 Θεοφρά-

108 1332 198 1369 ςου
238 1311 354 1367 ’καὶ
406 1312 819 1380 Ἰσοκράτην·
853 1311 982 1380 φησὶ
1027 1311 1256 1379 Γρύλλου
1299 1312 1551 1377 ἐγκώμιον
1611 1309 1973 1377 γεγραφέναι,
2025 1325 2089 1363 ex

106 1408 255 1455 certa
302 1401 516 1454 Luzacii
571 1398 943 1454 emendatione
989 1417 1085 1471 pro
1138 1399 1225 1454 καὶ
1279 1399 1576 1467 Σωκράτην.
1672 1397 1838 1467 Saepe
1883 1395 2091 1449 librarii

108 1488 374 1556 σωκράτης
414 1495 467 1542 et
522 1486 792 1555 ἱσοκράτης
846 1487 1091 1560 ineptum
1146 1488 1200 1542 in
1251 1487 1466 1542 modum
1521 1485 1908 1547 contuderunt,
1964 1501 2088 1538 nus-

111 1592 272 1650 quam
317 1576 552 1647 ineptius
608 1591 770 1647 quam
833 1575 931 1630 hoc
990 1575 1138 1639 loco,
1200 1574 1291 1629 ubi
1346 1575 1520 1644 εἴρωνα
1579 1575 1819 1627 Atticum
1874 1579 2092 1643 repente

110 1671 324 1739 praeter
376 1672 623 1719 naturam
668 1672 721 1719 et
775 1665 1110 1736 propositum
1162 1665 1431 1718 orationes
1488 1662 1810 1717 scribentem
1870 1661 2090 1725 induxe-

104 1760 266 1816 ruut,
308 1751 469 1824 idque
508 1754 561 1806 in
605 1752 815 1807 laudem
862 1753 1039 1816 iltius,
1094 1753 1186 1823 qui
1223 1759 1344 1824 post
1381 1753 1498 1806 eius
1535 1758 1759 1805 mortem
1803 1757 1962 1803 natus
2002 1737 2089 1804 sit.

111 1840 406 1910 Ἰσοκράτης
442 1847 495 1895 et
533 1840 810 1908 Σωκράτης
853 1842 906 1895 in
949 1841 1100 1895 libris
1141 1841 1327 1895 crebro
1366 1839 1666 1912 permutari
1717 1838 1926 1892 docebit
1965 1837 2090 1892 Gee-

111 1929 220 1983 lius
280 1930 334 1983 in
390 1927 519 1982 Bibl.
578 1929 708 1982 Crit.
751 1928 893 1983 Nova
927 1929 966 1983 1.
1009 1946 1059 2001 p.
1105 1933 1207 1993 62,
1264 1935 1316 1983 et
1364 1928 1539 1983 NValz.
1599 1928 1652 1980 in
1700 1926 1857 1981 Rhet.
1918 1926 2007 1981 Gr.
2050 1926 2089 1980 t.

107 2035 158 2090 p.
198 2021 290 2073 22.
371 2016 487 2071 Noli
541 2015 787 2071 dubitare
847 2017 974 2088 quin
1018 2017 1159 2072 idem
1214 2015 1470 2071 mendum
1524 2014 1755 2069 insideat
1809 2014 1979 2069 Teleti
2033 2014 2088 2067 in

111 2105 258 2161 Stob.
299 2105 481 2160 Floril.
521 2109 611 2160 40.
657 2109 711 2160 8.
768 2107 880 2159 καὶ
933 2104 1298 2173 Σωκράτην
1341 2105 1436 2170 μὲν
1478 2106 1768 2158 ἐπαινοῦσιν
1814 2100 1937 2156 ὅταν
1977 2103 2086 2156 ἐπι-

105 2194 509 2260 λαμβανόμενος
548 2195 825 2255 Ἀθηναίων
859 2194 1023 2262 λέγη·
1067 2195 1111 2247 οἱ
1150 2195 1245 2259 μὲν
1286 2194 1392 2260 γαρ
1429 2192 1677 2260 ςρατηγοὶ
1719 2193 1807 2261 ἐφ’
1847 2187 1916 2251 οἷς
1957 2203 2086 2245 καλ·

105 2281 415 2349 λωπίζονται
459 2282 696 2349 ὑπερόριοι
736 2283 1047 2347 τεθαμμένοι
1098 2283 1198 2336 εἶσί
1218 2324 1233 2347 ,
1286 2281 1358 2335 τοὶ
1397 2282 1440 2334 δ’
1493 2281 1651 2342 ὀνείδη
1702 2286 1794 2341 τῆς
1834 2279 2086 2346 δημοκρα-

107 2371 227 2432 τίας
267 2371 317 2423 ἐν
358 2377 462 2430 τοῖς
514 2370 767 2435 δημοσίοις
810 2369 1032 2438 τάφοις,
1075 2387 1307 2441 namque
1345 2368 1518 2440 palam
1559 2375 1639 2422 est
1681 2366 1880 2435 corrigi
1933 2384 2085 2437 opor-

111 2466 226 2514 tere
271 2457 374 2512 κα)
422 2458 795 2525 Ἰσοκράτην
851 2459 944 2523 μὲν
999 2459 1286 2512 ἐπαινοῦσιν
1327 2459 1436 2512 aare.
1517 2455 1744 2510 Ioculari
1787 2454 1978 2508 mendo
2018 2454 2089 2509 le·

114 2546 343 2619 gebatur
372 2547 510 2618 apud
535 2545 883 2600 Menandrum
928 2546 1172 2601 Rhet.11.
1207 2551 1253 2600 1.
1296 2548 1337 2600 εἰ
1379 2546 1473 2612 μὲν
1511 2543 1907 2611 τυραννουμένην
1945 2544 2092 2598 έπαι·

111 2638 243 2698 νοίης
282 2635 434 2689 πόλιν
453 2637 546 2691 ,δεῖ
575 2637 640 2695 ὥς
677 2635 1090 2701 βασιλευομένην
1132 2636 1391 2698 ἐπαινεῖν,
1431 2637 1495 2694 ὡς
1536 2634 1586 2686 έν
1626 2639 1769 2694 τοῖς
1817 2633 2091 2687 Κοκλεί-

114 2746 210 2787 οις
259 2726 282 2779 ὅ
329 2724 592 2791 Κράτης
645 2725 937 2784 πεποίηκεν.
1023 2723 1211 2778 Veram
1258 2722 1541 2777 lectionem
1597 2722 1805 2794 primus
1846 2721 2089 2775 omnium

109 2815 354 2870 restituit
395 2812 661 2867 Meursius
702 2811 755 2864 iu
798 2812 944 2865 Misc.
998 2811 1186 2866 Lacon.
1248 2829 1295 2883 p.
1339 2814 1481 2876 125,
1534 2813 1597 2871 ὡς
1651 2811 1701 2863 ἐν
1758 2811 1840 2878 τῷ
1897 2817 2092 2864 Νικο-

110 2910 257 2958 κλεῖ
305 2902 328 2955 ὃ
388 2899 782 2966 Ἰσοκράτης
829 2900 1120 2961 πεποίηκεν.
1218 2899 1317 2955 Sed
1374 2899 1503 2954 haec
1565 2898 1754 2954 obiter.
1818 2897 2088 2952 Bentleius

113 2993 167 3046 in
211 2989 298 3044 illa
353 2996 503 3061 parte
542 2987 935 3043 dissertationis
988 2987 1146 3059 paulo
1203 2987 1546 3044 festinantius
1587 2986 1861 3050 scribens,
1921 3004 2089 3058 quum

113 3094 376 3134 summam
434 3078 511 3131 rei
552 3077 821 3149 praeclare
861 3078 1268 3143 constituisset,
1319 3079 1369 3131 ἐν
1426 3085 1531 3139 τοῖς
1573 3077 1714 3131 κατα
1760 3076 1908 3143 μέρος
1966 3076 2089 3130 sub-

114 3165 238 3221 inde
292 3166 527 3230 erravit,
586 3173 644 3220 ut
696 3166 876 3221 statim
933 3165 998 3220 de
1051 3166 1228 3240 Anyto
1285 3166 1525 3221 scribens
1580 3166 1631 3219 iu
1688 3180 1882 3218 novum
1942 3181 2086 3217 erro-

112 3271 226 3309 rem
269 3270 325 3308 se
369 3254 668 3326 implicuit,
722 3253 786 3308 de
827 3271 931 3326 quo
981 3271 1101 3308 mox
1141 3254 1403 3309 dicemus,
1489 3252 1588 3309 Sed
1639 3252 1789 3324 prius
1843 3251 2089 3307 ostende-

114 3357 237 3396 mus
281 3357 416 3411 quac
461 3358 545 3396 res
594 3342 756 3415 Anyti
801 3344 934 3397 iram
987 3344 1038 3396 in
1083 3342 1356 3398 Socratem
1403 3341 1644 3396 moverit.
1726 3338 2084 3395 Luculentum

117 3428 483 3482 testimonium
520 3430 572 3483 in
615 3429 751 3484 lianc
790 3448 902 3485 rcm
944 3431 1232 3503 Xenophon
1278 3431 1416 3486 dicet
1458 3431 1508 3483 in
1563 3427 1798 3482 Socratis
1833 3427 2086 3499 Apologia

121 3517 150 3584 5
189 3518 278 3570 29.
323 3515 597 3582 socrates,
639 3519 847 3590 inquit,
890 3527 1004 3592 post
1046 3520 1545 3576 condemnationem
1573 3519 1791 3570 ’Ἄνυτον
1837 3516 2086 3583 παριόντα

121 3603 230 3657 ἰδίαν
270 3599 444 3658 εἶπεν·
502 3607 626 3659 ἁλλ’
667 3609 689 3659 ὂ
724 3608 819 3673 μὲν
859 3610 981 3677 άνηρ
1023 3607 1103 3664 ὅδε
1147 3610 1317 3678 κυδρὸς
1343 3651 1354 3672 ,
1409 3611 1471 3669 ὡς
1513 3605 1658 3673 μέγα
1701 3626 1748 3659 τι
1801 3605 1887 3660 καὶ
1930 3607 2087 3660 καλὸν
