2436 4068
8 363 52 446 „ss
121 389 351 444 namque
391 380 501 426 tam
553 371 775 443 puerilis
811 378 893 424 est
940 377 993 425 et
1029 368 1536 441 Constantinopolim
1589 370 1862 436 redolenS‚
1918 379 1978 427 ut
2023 374 2089 426 al)

39 460 54 522 ’χ
117 461 296 532 aliquo
347 460 604 530 scriptam
664 466 843 530 putem
896 459 983 512 cui
1035 460 1252 523 οέτιμοῦν
1295 464 1347 511 et
1390 459 1586 523 οὶτιμοῖν
1639 459 1815 514 dicere
1865 460 2088 532 perinde

118 565 235 603 esse
276 546 566 600 videretur.
647 546 743 599 Isti
792 546 892 616 ipsi
933 562 1051 600 sero
1105 547 1214 599 nati
1256 545 1501 600 Graeculi
1548 547 1603 600 in
1660 547 1913 602 Veterum
1956 549 2085 603 scri·

38 620 58 650 ἓ
117 636 227 707 ptis
280 642 391 689 tam
455 650 611 704 saepe
663 634 993 704 ineptissime
1047 635 1339 697 ἀτιμῶσαι,
1395 635 1655 700 ἀτιμάσαι
1716 643 1769 689 et
1825 637 2081 701 ἀτιμῆσαι
2160 678 2162 680 ι

50 718 53 723 ⁴
118 722 493 780 confuderunt.
570 726 815 787 ’Λτιμοῦν
857 722 909 774 in
952 719 1123 774 soluta
1163 721 1464 775 Atticorum
1501 724 1736 778 oratione
1787 741 1996 796 semper
2034 733 2087 780 et

53 856 57 858 -
117 810 314 882 ubique
355 809 623 881 significat
660 818 838 862 notare
875 809 1098 880 infamia
1131 824 1282 862 reum
1321 809 1375 861 in
1419 810 1616 864 iudicio
1652 811 2082 869 condemnatum.

113 900 332 964 ’Λτιμία
371 906 451 952 est
490 898 590 952 hoc
647 898 821 968 ipsum
879 913 1077 969 poenae
1117 912 1322 966 genuS,
1375 898 1516 968 quod
1571 898 1778 969 legibus
1827 904 2084 957 constitu-

0 1002 7 1049 ι
118 995 233 1042 tum
274 988 535 1058 optimum
577 987 662 1040 ius
702 986 940 1039 civitatis
979 993 1072 1040 aut
1130 985 1344 1055 perimit
1396 993 1491 1039 aut
1537 987 1760 1042 minuit:
1823 990 2003 1060 itaque
2042 993 2084 1045 οἱ

0 1053 39 1147 ζ·
114 1075 293 1141 ἄτιμοι
331 1083 438 1135 τοῖς
493 1075 747 1139 ἐπιτίμοις
802 1080 1144 1145 opponuntur
1194 1072 1309 1136 sic,
1362 1081 1416 1126 ut
1462 1072 1514 1127 hi
1565 1075 1676 1129 sint
1729 1077 1862 1130 cives
1896 1079 2084 1147 optimo

0 1161 5 1319 Ι
107 1164 258 1229 iure,
299 1163 375 1217 illi
412 1162 654 1217 iudicum
690 1162 973 1217 sententiis
1003 1160 1245 1216 damnati
1285 1161 1469 1230 capitis
1504 1162 1906 1218 deminutionem
1936 1168 2080 1237 possi

1051 138 1150 188 751

46 306 58 340 1.
118 289 207 340 τοῦ
246 287 404 340 αὐτοῦ
441 284 583 338 κατὰ
621 286 681 339 τὸ
720 282 997 344 παθητικὸν
1040 280 1413 349 παρακείμενον
1456 282 1508 336 ἐν
1547 290 1612 350 τῇ
1651 283 1794 352 τρίτῃ
1833 285 2086 355 συζυγία,

39 373 57 410 5

0 747 7 792 l

0 814 7 889 l

110 1253 238 1307 siut.
319 1250 454 1306 Nota
505 1250 636 1306 haec
690 1257 817 1304 sunt
873 1248 1152 1313 omnihuS,
1212 1247 1301 1303 sed
1345 1266 1447 1303 non
1506 1267 1690 1305 omnes
1748 1252 1802 1305 in
1847 1260 2082 1325 tempore

113 1341 475 1395 meminerunt
520 1349 698 1394 notare
734 1338 957 1411 insorm'a
997 1338 1212 1391 nonnisi
1249 1340 1468 1403 ἀτιμοῦν
1510 1338 1686 1393 Attice
1734 1339 1839 1394 dici
1894 1359 2080 1413 posse,

109 1446 140 1483 a
180 1445 286 1500 qno
325 1435 436 1484 toto
474 1427 619 1482 coelo
677 1425 892 1481 dill'erre
945 1425 1239 1493 ἀτιμάζειν.
1317 1426 1518 1481 Eodem
1575 1427 1728 1482 modo
1782 1429 2076 1486 absurdum

0 1500 38 1563 Γ.
105 1523 189 1572 est
226 1515 406 1571 dicere
442 1517 559 1576 τοὺς
611 1516 829 1580 οέτίμους
874 1515 1164 1579 ἐντίμους
1217 1521 1375 1569 ποιεῖν
1426 1531 1518 1586 pro
1574 1517 1876 1583 ἐπιτίμους,
1937 1526 1990 1574 et
2029 1521 2075 1574 si

108 1603 321 1676 quando
360 1603 661 1659 scribarum
702 1604 913 1658 incuria
946 1620 1007 1658 ea
1029 1604 1301 1675 scriptura
1340 1604 1608 1668 occurrit,
1650 1622 1744 1676 pro
1786 1605 1953 1677 nihilo
1988 1607 2078 1663 ha.

105 1691 220 1747 bita
276 1692 530 1748 Codicum
583 1693 904 1747 auctoritate
970 1691 1348 1757 fallacissima,
1417 1693 1680 1758 ἐπιτίμους
1750 1695 2078 1763 confidenter

107 1780 348 1836 emenda.
435 1778 735 1852 Opponitur
787 1781 931 1835 enim
982 1781 1005 1834 ὅ
1059 1779 1259 1846 ἔντιμος
1311 1782 1381 1848 τῷ
1435 1781 1767 1851 ἧτιμασμένῳ
1827 1785 2078 1853 quemad-

109 1869 326 1924 modum
366 1870 390 1923 ὅ
431 1871 666 1935 ἐπίτιμος
705 1870 775 1936 τῷ
817 1869 1115 1937 ἧτιμωμένῳ
1151 1869 1261 1923 sive
1299 1871 1369 1937 τῷ
1409 1870 1581 1938 οὶτίμῳ
1604 1911 1618 1933 ,
1657 1879 1710 1924 et
1752 1870 1904 1942 plane
1939 1871 2076 1927 idem

106 1965 189 2013 est
216 1959 498 2024 ἠτιμῶσθαι
539 1965 700 2029 atque
731 1964 824 2021 τῆς·
862 1958 1126 2023 ἐπιτιμίας
1167 1958 1461 2026 ἐςερῆσθαι,
1502 1958 1950 2029 quemadmodum
1974 1964 2075 2024 ἠτι-

102 2046 301 2112 acicam
343 2056 423 2100 est
462 2047 724 2114 ἐςερῆσθαι
779 2053 953 2110 τιμῆς.
1031 2046 1219 2117 Itaque
1272 2045 1494 2101 emenda
1547 2046 1718 2101 obiter
1773 2047 2078 2119 psephisma

102 2134 245 2207 apud
284 2134 623 2190 Demosthen.
665 2135 807 2189 κατα
848 2135 1074 2200 Νεαίρας
1117 2152 1166 2205 p.
1211 2138 1390 2199 1580,
1433 2138 1533 2190 25:
1576 2135 1919 2203 Ἱπποκράτης
1956 2135 2070 2192 εἷπε

12 2279 25 2315 4
99 2223 403 2283 Πλαταιέας
459 2222 536 2296 (L.
580 2222 881 2294 Πλαταιᾶς)
936 2219 1062 2277 εἶναι
1119 2223 1412 2285 Ἀθηναίους
1463 2223 1782 2287 ἐντίμους
1839 2225 2072 2294 καθάπερ

12 2331 18 2344 ”
99 2314 142 2367 οἱ
181 2310 333 2366 ἄλλοι
369 2314 651 2375 Ἀθηναῖοι,
695 2313 800 2365 imo
840 2328 961 2366 vero
1011 2312 1296 2377 ἐπιτίμους.
1378 2312 1544 2383 Turpi
1596 2328 1776 2366 errore
1820 2314 2076 2369 scribitur

101 2403 157 2455 in
197 2399 382 2454 eadem
422 2407 556 2453 orat.
598 2417 648 2471 p.
693 2404 864 2466 1545,
909 2404 1010 2454 12:
1069 2403 1140 2462 εἰς
1181 2401 1440 2470 ἐσχάτους
1486 2401 1737 2462 κινδύνους
1780 2403 2074 2469 κατέςημεν

13 2516 21 2585 i
98 2490 215 2555 περί
250 2509 309 2543 τε
348 2495 441 2550 τῆς
491 2490 732 2556 πατρίδος
782 2491 867 2543 καὶ
925 2490 1059 2555 περὶ
1118 2491 1408 2555 οὶτιμιάς.
1467 2490 1807 2560 perspicuum
1866 2498 1948 2545 est
1990 2509 2069 2547 re-

9 2588 19 2614 '·
101 2578 274 2650 quiri:
314 2577 400 2631 καὶ
444 2576 582 2643 περὶ
623 2584 737 2639 τῆς
778 2577 1135 2642 ἐπιτιμίας.
1216 2578 1313 2632 Est
1346 2578 1507 2632 ctiam
1548 2576 1749 2649 aliquid
1797 2578 1938 2633 inter
1977 2601 2069 2635 κα-

9 2684 19 2705 ·
98 2673 370 2733 ταφρονεῖν
410 2672 464 2719 et
501 2665 810 2733 οὶτιμοὶζεινε
855 2664 984 2718 illud
1021 2666 1163 2719 enim
1198 2673 1279 2720 est
1318 2674 1636 2720 contemnere
1659 2707 1672 2729 ‚
1715 2683 1823 2719 non
1858 2685 2071 2732 curare,

7 2791 13 2809 .
100 2754 238 2808 nihil
276 2754 502 2816 morari,
544 2752 643 2807 hoc
684 2753 872 2807 honore
911 2760 957 2806 et
998 2754 1282 2807 reverentia
1322 2753 1540 2824 diqnum
1582 2754 1943 2809 contumeliose
1981 2756 2070 2810 Ιια-

0 2830 20 2943 ᾖ
103 2843 251 2897 bere:
294 2842 475 2912 itaque
515 2840 758 2895 homines
796 2845 1170 2909 καταφρονοῦσι
1208 2842 1303 2906 μὲν
1343 2842 1519 2907 ὁμοίως
1555 2848 1652 2896 τῶν
1692 2862 1750 2896 τε
1790 2842 1943 2907 οὶξίων
1982 2846 2068 2899 καὶ

6 2971 12 2982 .
99 2937 197 2986 τῶν
246 2931 359 2995 μή,
417 2929 727 2996 οὶτιμοὶζουσι
779 2929 830 2983 δὲ
872 2929 1052 2994 μόνους
1109 2930 1225 2990 τοὺς
1282 2928 1536 2993 ἀναξίους.
1620 2930 1846 2985 Librarii
1905 2934 2071 3003 igitur

102 3018 193 3074 ubi
230 3020 492 3083 ἀτιμῶσαι
533 3025 586 3071 et
631 3017 892 3082 οέτιμοὶσαι
943 3017 1311 3082 confundunt,
1363 3026 1458 3072 aut
1511 3020 1825 3084 οὶτιμωθῆναι
1867 3028 1917 3074 et
1957 3024 2067 3075 οέτι-

99 3108 357 3174 μασθῆναι
413 3107 581 3160 risum
625 3104 1047 3176 intelligentibus
1089 3112 1334 3171 movent,
1389 3105 1479 3159 sed
1531 3123 1683 3178 saepe
1740 3115 1916 3161 tamen
1975 3109 2069 3162 iin-

102 3210 245 3266 pune
311 3193 455 3247 nullo
518 3192 976 3248 animadvertente
1037 3194 1162 3248 talia
1219 3194 1623 3248 commiserunt.
1717 3195 1773 3248 ln
1836 3194 2070 3250 Platonis

102 3282 354 3354 Apologia
409 3300 459 3353 p.
494 3286 581 3337 50.
634 3281 692 3335 1).
782 3280 1164 3336 Stallbaumins
1221 3282 1295 3336 nil
1348 3282 1471 3336 mali
1529 3282 1807 3352 suspicans
1866 3282 2062 3339 edidit:

100 3370 192 3435 ἐμὲ
232 3371 326 3435 μὲν
367 3370 472 3436 γὰρ
523 3372 659 3424 οὐδὲν
698 3368 763 3423 ἂν
799 3369 1060 3437 βλάψειεν
1106 3371 1221 3426 οὔτε
1259 3371 1498 3431 Μέλητος
1551 3370 1664 3423 οὔτε
1709 3371 1947 3432 ”Λνυτος.
1990 3402 2050 3412 —-

98 3458 414 3512 ἀποκτείνειε
465 3458 660 3524 μέντᾶν
710 3456 827 3518 ἴσως
869 3460 896 3521 ἢ
938 3457 1231 3523 ἐξελατειεν
1276 3461 1303 3523 ἢ
1359 3457 1790 3523 οίτιμοὶσειεν.
1872 3458 2062 3515 Neces-

95 3547 296 3601 sarium
330 3548 633 3612 ιὶτιμώσειεν
669 3544 953 3601 Elmsleius
986 3547 1111 3602 olim
1150 3547 1181 3601 l.
1214 3547 1245 3602 l.
1286 3546 1463 3617 reponi
1502 3547 1761 3608 iusserat,
1804 3545 1896 3601 scd
1929 3547 2054 3619 quia

12 1879 26 2037 -**⁴⁹·“
14 1690 33 1852 W*-
