<?xml version="1.0" encoding="UTF-8"?>
<!DOCTYPE html PUBLIC "-//W3C//DTD XHTML 1.0 Transitional//EN"
    "http://www.w3.org/TR/xhtml1/DTD/xhtml1-transitional.dtd">
<html xmlns="http://www.w3.org/1999/xhtml" xml:lang="en" lang="en">
 <head>
  <title>
</title>
<meta http-equiv="Content-Type" content="text/html;charset=utf-8" />
  <meta name='ocr-system' content='tesseract 3.04.00' />
  <meta name='ocr-capabilities' content='ocr_page ocr_carea ocr_par ocr_line ocrx_word'/>
</head>
<body>
  <div class='ocr_page' id='page_1' title='image "./novaelectionesqu00cobeuoft/novaelectionesqu00cobeuoft_0767.png"; bbox 0 0 2436 4068; ppageno 0'>
   <div class='ocr_carea' id='block_1_1' title="bbox 977 191 1083 243">
    <p class='ocr_par' dir='ltr' id='par_1_1' title="bbox 977 191 1083 243">
     <span class='ocr_line' id='line_1_1' title="bbox 977 191 1083 243; baseline -0.009 0"><span class='ocrx_word' id='word_1_1' title='bbox 977 191 1083 243; x_wconf 82' lang='lat'>755</span> 
     </span>
    </p>
   </div>
   <div class='ocr_carea' id='block_1_2' title="bbox 50 334 2020 495">
    <p class='ocr_par' dir='ltr' id='par_1_2' title="bbox 50 334 2020 495">
     <span class='ocr_line' id='line_1_2' title="bbox 52 334 2020 410; baseline -0.003 -14"><span class='ocrx_word' id='word_1_2' title='bbox 52 339 182 396; x_wconf 85' lang='lat' dir='ltr'>dicit</span> <span class='ocrx_word' id='word_1_3' title='bbox 237 338 523 410; x_wconf 85' lang='lat' dir='ltr'><strong>Xenophon</strong></span> <span class='ocrx_word' id='word_1_4' title='bbox 566 336 783 392; x_wconf 85' lang='lat' dir='ltr'>senibus</span> <span class='ocrx_word' id='word_1_5' title='bbox 837 335 920 389; x_wconf 77' lang='grc' dir='ltr'>ἐπὶ</span> <span class='ocrx_word' id='word_1_6' title='bbox 974 337 1045 403; x_wconf 81' lang='grc' dir='ltr'><em>τῷ</em></span> <span class='ocrx_word' id='word_1_7' title='bbox 1084 335 1304 402; x_wconf 77' lang='grc' dir='ltr'><em>τέρματι</em></span> <span class='ocrx_word' id='word_1_8' title='bbox 1343 339 1432 389; x_wconf 84' lang='grc' dir='ltr'>τοῦ</span> <span class='ocrx_word' id='word_1_9' title='bbox 1484 335 1601 402; x_wconf 85' lang='grc' dir='ltr'><em>βίου</em></span> <span class='ocrx_word' id='word_1_10' title='bbox 1655 334 2020 407; x_wconf 70' lang='lat' dir='ltr'>(seoeaqenart&#39;o</span> 
     </span>
     <span class='ocr_line' id='line_1_3' title="bbox 50 424 2020 495; baseline -0.003 -12"><span class='ocrx_word' id='word_1_11' title='bbox 50 429 370 490; x_wconf 78' lang='lat' dir='ltr'>maioribus,</span> <span class='ocrx_word' id='word_1_12' title='bbox 427 435 484 479; x_wconf 87' lang='lat' dir='ltr'>ut</span> <span class='ocrx_word' id='word_1_13' title='bbox 540 443 568 480; x_wconf 93' lang='lat' dir='ltr'>e</span> <span class='ocrx_word' id='word_1_14' title='bbox 613 424 896 479; x_wconf 71' lang='lat' dir='ltr'>Plutarcho</span> <span class='ocrx_word' id='word_1_15' title='bbox 948 424 1176 495; x_wconf 88' lang='lat' dir='ltr'>constat)</span> <span class='ocrx_word' id='word_1_16' title='bbox 1232 424 1516 477; x_wconf 77' lang='lat' dir='ltr'>inslituisse</span> <span class='ocrx_word' id='word_1_17' title='bbox 1563 424 1846 488; x_wconf 74' lang='lat' dir='ltr'>iudicium,</span> <span class='ocrx_word' id='word_1_18' title='bbox 1900 425 2020 495; x_wconf 89' lang='lat' dir='ltr'>quis</span> 
     </span>
    </p>
   </div>
   <div class='ocr_carea' id='block_1_3' title="bbox 18 511 2019 585">
    <p class='ocr_par' dir='ltr' id='par_1_3' title="bbox 18 511 2019 585">
     <span class='ocr_line' id='line_1_4' title="bbox 18 511 2019 585; baseline -0.003 -13"><span class='ocrx_word' id='word_1_19' title='bbox 18 533 237 580; x_wconf 68' lang='lat' dir='ltr'>‚eorum</span> <span class='ocrx_word' id='word_1_20' title='bbox 280 514 632 585; x_wconf 81' lang='lat' dir='ltr'>dignissimus</span> <span class='ocrx_word' id='word_1_21' title='bbox 684 520 822 566; x_wconf 84' lang='lat' dir='ltr'>esset</span> <span class='ocrx_word' id='word_1_22' title='bbox 867 521 923 566; x_wconf 87' lang='lat' dir='ltr'>ut</span> <span class='ocrx_word' id='word_1_23' title='bbox 973 512 1245 582; x_wconf 85' lang='lat' dir='ltr'>legeretur</span> <span class='ocrx_word' id='word_1_24' title='bbox 1285 513 1336 564; x_wconf 92' lang='lat' dir='ltr'>in</span> <span class='ocrx_word' id='word_1_25' title='bbox 1388 511 1632 565; x_wconf 80' lang='lat' dir='ltr'>Senalum</span> <span class='ocrx_word' id='word_1_26' title='bbox 1691 513 1799 585; x_wconf 67' lang='grc' dir='ltr'><em>(τὴν</em></span> <span class='ocrx_word' id='word_1_27' title='bbox 1852 532 2019 577; x_wconf 79' lang='grc' dir='ltr'><em>γερον-</em></span> 
     </span>
    </p>
   </div>
   <div class='ocr_carea' id='block_1_4' title="bbox 49 600 2021 675">
    <p class='ocr_par' dir='ltr' id='par_1_4' title="bbox 49 600 2021 675">
     <span class='ocr_line' id='line_1_5' title="bbox 49 600 2021 675; baseline -0.004 -15"><span class='ocrx_word' id='word_1_28' title='bbox 49 604 223 675; x_wconf 81' lang='grc' dir='ltr'><em>τίαν),</em></span> <span class='ocrx_word' id='word_1_29' title='bbox 285 617 473 672; x_wconf 86' lang='lat' dir='ltr'>nempe</span> <span class='ocrx_word' id='word_1_30' title='bbox 530 600 625 653; x_wconf 86' lang='lat' dir='ltr'>hoc</span> <span class='ocrx_word' id='word_1_31' title='bbox 686 608 765 653; x_wconf 83' lang='lat' dir='ltr'>est</span> <span class='ocrx_word' id='word_1_32' title='bbox 824 601 916 661; x_wconf 72' lang='grc' dir='ltr'>τὴν</span> <span class='ocrx_word' id='word_1_33' title='bbox 978 601 1135 666; x_wconf 81' lang='grc' dir='ltr'><em>κρίσιν</em></span> <span class='ocrx_word' id='word_1_34' title='bbox 1192 605 1285 660; x_wconf 77' lang='grc' dir='ltr'><em>τῆς</em></span> <span class='ocrx_word' id='word_1_35' title='bbox 1345 602 1608 666; x_wconf 82' lang='grc' dir='ltr'><em>γεροντιάς</em></span> <span class='ocrx_word' id='word_1_36' title='bbox 1664 601 2021 666; x_wconf 79' lang='grc' dir='ltr'><em>ὂΛυκοῦργος</em></span> 
     </span>
    </p>
   </div>
   <div class='ocr_carea' id='block_1_5' title="bbox 10 687 2026 1387">
    <p class='ocr_par' dir='ltr' id='par_1_5' title="bbox 10 687 2026 1387">
     <span class='ocr_line' id='line_1_6' title="bbox 15 687 2022 760; baseline -0.002 -15"><span class='ocrx_word' id='word_1_37' title='bbox 15 692 462 760; x_wconf 44' lang='grc' dir='ltr'><em>ῖπροῦθηκεν,</em></span> <span class='ocrx_word' id='word_1_38' title='bbox 505 705 607 741; x_wconf 87' lang='lat' dir='ltr'>non</span> <span class='ocrx_word' id='word_1_39' title='bbox 658 689 992 755; x_wconf 72' lang='grc' dir='ltr'><em>προσέθηκεν,</em></span> <span class='ocrx_word' id='word_1_40' title='bbox 1034 695 1084 741; x_wconf 83' lang='lat' dir='ltr'>et</span> <span class='ocrx_word' id='word_1_41' title='bbox 1127 688 1204 740; x_wconf 84' lang='lat' dir='ltr'>sic</span> <span class='ocrx_word' id='word_1_42' title='bbox 1245 687 1419 741; x_wconf 82' lang='lat' dir='ltr'>ell&#39;ecit</span> <span class='ocrx_word' id='word_1_43' title='bbox 1455 688 1509 741; x_wconf 89' lang='lat' dir='ltr'>id</span> <span class='ocrx_word' id='word_1_44' title='bbox 1551 688 1689 759; x_wconf 85' lang='lat' dir='ltr'>quod</span> <span class='ocrx_word' id='word_1_45' title='bbox 1733 687 2022 759; x_wconf 73' lang='lat' dir='ltr'>Xenophon</span> 
     </span>
     <span class='ocr_line' id='line_1_7' title="bbox 50 777 2024 854; baseline -0.002 -20.07"><span class='ocrx_word' id='word_1_46' title='bbox 15 775 351 854; x_wconf 80' lang='lat' dir='ltr'>praedicat:</span> <span class='ocrx_word' id='word_1_47' title='bbox 407 778 612 838; x_wconf 77' lang='grc' dir='ltr'><em>ἐποίησε</em></span> <span class='ocrx_word' id='word_1_48' title='bbox 664 777 792 841; x_wconf 72' lang='grc' dir='ltr'><em>μηδὲ</em></span> <span class='ocrx_word' id='word_1_49' title='bbox 846 779 895 829; x_wconf 82' lang='grc' dir='ltr'><em>ἐν</em></span> <span class='ocrx_word' id='word_1_50' title='bbox 936 778 1006 843; x_wconf 83' lang='grc' dir='ltr'><em>τῷ</em></span> <span class='ocrx_word' id='word_1_51' title='bbox 1045 778 1181 844; x_wconf 70' lang='grc' dir='ltr'><em>γήρα</em></span> <span class='ocrx_word' id='word_1_52' title='bbox 1236 778 1542 840; x_wconf 79' lang='grc' dir='ltr'><em>ἀμελεῖσθαι</em></span> <span class='ocrx_word' id='word_1_53' title='bbox 1583 780 1674 839; x_wconf 74' lang='grc' dir='ltr'>τὴν</span> <span class='ocrx_word' id='word_1_54' title='bbox 1718 779 2024 840; x_wconf 80' lang='grc' dir='ltr'><em>καλοκάγα-</em></span> 
     </span>
     <span class='ocr_line' id='line_1_8' title="bbox 14 863 2023 962; baseline -0.002 -39"><span class='ocrx_word' id='word_1_55' title='bbox 14 870 180 962; x_wconf 51' lang='grc' dir='ltr'><em>ῐθίαν.</em></span> <span class='ocrx_word' id='word_1_56' title='bbox 261 865 398 934; x_wconf 87' lang='lat' dir='ltr'>Quid</span> <span class='ocrx_word' id='word_1_57' title='bbox 434 873 611 918; x_wconf 85' lang='lat' dir='ltr'>autem</span> <span class='ocrx_word' id='word_1_58' title='bbox 652 881 768 918; x_wconf 88' lang='lat' dir='ltr'>esse</span> <span class='ocrx_word' id='word_1_59' title='bbox 810 872 978 935; x_wconf 87' lang='lat' dir='ltr'>potest</span> <span class='ocrx_word' id='word_1_60' title='bbox 1011 863 1266 916; x_wconf 81' lang='lat' dir='ltr'>disertius</span> <span class='ocrx_word' id='word_1_61' title='bbox 1303 881 1463 934; x_wconf 85' lang='lat' dir='ltr'>quam</span> <span class='ocrx_word' id='word_1_62' title='bbox 1502 865 1641 934; x_wconf 85' lang='lat' dir='ltr'>quod</span> <span class='ocrx_word' id='word_1_63' title='bbox 1682 866 1865 919; x_wconf 88' lang='lat' dir='ltr'>statim</span> <span class='ocrx_word' id='word_1_64' title='bbox 1903 865 2023 918; x_wconf 85' lang='lat' dir='ltr'>suh·</span> 
     </span>
     <span class='ocr_line' id='line_1_9' title="bbox 10 954 2024 1026; baseline -0 -18"><span class='ocrx_word' id='word_1_65' title='bbox 10 956 205 1026; x_wconf 57' lang='lat' dir='ltr'>fiicit:</span> <span class='ocrx_word' id='word_1_66' title='bbox 255 956 278 1007; x_wconf 80' lang='grc' dir='ltr'><strong><em>ὁ</em></strong></span> <span class='ocrx_word' id='word_1_67' title='bbox 315 956 367 1008; x_wconf 83' lang='grc' dir='ltr'>δὲ</span> <span class='ocrx_word' id='word_1_68' title='bbox 409 954 519 1020; x_wconf 74' lang='grc' dir='ltr'><em>περὶ</em></span> <span class='ocrx_word' id='word_1_69' title='bbox 556 959 648 1015; x_wconf 77' lang='grc' dir='ltr'><em>τῆς</em></span> <span class='ocrx_word' id='word_1_70' title='bbox 687 954 950 1019; x_wconf 85' lang='grc' dir='ltr'><em>γεροντίας</em></span> <span class='ocrx_word' id='word_1_71' title='bbox 991 955 1131 1016; x_wconf 83' lang='grc' dir='ltr'><em>ἀγὼν</em></span> <span class='ocrx_word' id='word_1_72' title='bbox 1172 958 1356 1019; x_wconf 82' lang='grc' dir='ltr'><em>ψυχῶν</em></span> <span class='ocrx_word' id='word_1_73' title='bbox 1412 955 1619 1016; x_wconf 82' lang='grc' dir='ltr'><em>ἀγαθῶν</em></span> <span class='ocrx_word' id='word_1_74' title='bbox 1673 954 1828 1020; x_wconf 79' lang='grc' dir='ltr'><em>κρίσιν</em></span> <span class='ocrx_word' id='word_1_75' title='bbox 1870 954 2024 1021; x_wconf 77' lang='grc' dir='ltr'><em>παρέ-</em></span> 
     </span>
     <span class='ocr_line' id='line_1_10' title="bbox 11 1011 2026 1140; baseline -0 -44"><span class='ocrx_word' id='word_1_76' title='bbox 11 1011 183 1140; x_wconf 53' lang='grc' dir='ltr'>ξχειῖ</span> <span class='ocrx_word' id='word_1_77' title='bbox 265 1042 428 1095; x_wconf 88' lang='lat' dir='ltr'>Senes</span> <span class='ocrx_word' id='word_1_78' title='bbox 468 1047 654 1095; x_wconf 87' lang='lat' dir='ltr'>exacta</span> <span class='ocrx_word' id='word_1_79' title='bbox 692 1049 866 1095; x_wconf 87' lang='lat' dir='ltr'>aetate</span> <span class='ocrx_word' id='word_1_80' title='bbox 906 1041 971 1094; x_wconf 87' lang='lat' dir='ltr'>de</span> <span class='ocrx_word' id='word_1_81' title='bbox 1012 1039 1330 1110; x_wconf 76' lang='lat' dir='ltr'>amplissimi</span> <span class='ocrx_word' id='word_1_82' title='bbox 1381 1040 1584 1094; x_wconf 90' lang='lat' dir='ltr'>ordinis</span> <span class='ocrx_word' id='word_1_83' title='bbox 1618 1041 1817 1094; x_wconf 83' lang='lat' dir='ltr'><strong>honore</strong></span> <span class='ocrx_word' id='word_1_84' title='bbox 1858 1042 2026 1095; x_wconf 88' lang='lat' dir='ltr'>animi</span> 
     </span>
     <span class='ocr_line' id='line_1_11' title="bbox 14 1127 2024 1200; baseline -0 -17"><span class='ocrx_word' id='word_1_85' title='bbox 14 1129 350 1183; x_wconf 64' lang='lat' dir='ltr'>&lt;virtutibus</span> <span class='ocrx_word' id='word_1_86' title='bbox 384 1130 526 1183; x_wconf 90' lang='lat' dir='ltr'>inter</span> <span class='ocrx_word' id='word_1_87' title='bbox 557 1146 613 1182; x_wconf 89' lang='lat' dir='ltr'>se</span> <span class='ocrx_word' id='word_1_88' title='bbox 647 1128 969 1182; x_wconf 88' lang='lat' dir='ltr'>contendere</span> <span class='ocrx_word' id='word_1_89' title='bbox 1006 1127 1154 1181; x_wconf 89' lang='lat' dir='ltr'>dicit.</span> <span class='ocrx_word' id='word_1_90' title='bbox 1235 1127 1512 1182; x_wconf 77' lang='lat' dir='ltr'><strong>Caeterum</strong></span> <span class='ocrx_word' id='word_1_91' title='bbox 1559 1145 1694 1199; x_wconf 85' lang='lat' dir='ltr'>quae</span> <span class='ocrx_word' id='word_1_92' title='bbox 1737 1129 2024 1200; x_wconf 83' lang='lat' dir='ltr'><strong>Xenophon</strong></span> 
     </span>
     <span class='ocr_line' id='line_1_12' title="bbox 58 1215 2025 1289; baseline -0.003 -13.131"><span class='ocrx_word' id='word_1_93' title='bbox 14 1217 299 1289; x_wconf 84' lang='lat' dir='ltr'>..impense</span> <span class='ocrx_word' id='word_1_94' title='bbox 335 1217 665 1281; x_wconf 78' lang='lat' dir='ltr'>admiratur,</span> <span class='ocrx_word' id='word_1_95' title='bbox 717 1216 899 1270; x_wconf 89' lang='lat' dir='ltr'>eadem</span> <span class='ocrx_word' id='word_1_96' title='bbox 935 1217 1176 1287; x_wconf 87' lang='lat' dir='ltr'>graviter</span> <span class='ocrx_word' id='word_1_97' title='bbox 1223 1215 1568 1287; x_wconf 80' lang='lat' dir='ltr'>reprehendit</span> <span class='ocrx_word' id='word_1_98' title='bbox 1614 1217 1927 1270; x_wconf 84' lang='lat' dir='ltr'>Aristoteles</span> <span class='ocrx_word' id='word_1_99' title='bbox 1969 1218 2025 1270; x_wconf 89' lang='lat' dir='ltr'>in</span> 
     </span>
     <span class='ocr_line' id='line_1_13' title="bbox 10 1301 2025 1387; baseline -0.001 -27"><span class='ocrx_word' id='word_1_100' title='bbox 10 1333 35 1387; x_wconf 64' lang='lat' dir='ltr'>‘t&#39;</span> <span class='ocrx_word' id='word_1_101' title='bbox 59 1305 211 1360; x_wconf 81' lang='lat' dir='ltr'>Petit.</span> <span class='ocrx_word' id='word_1_102' title='bbox 235 1306 300 1359; x_wconf 81' lang='lat' dir='ltr'>ll.</span> <span class='ocrx_word' id='word_1_103' title='bbox 342 1309 394 1359; x_wconf 90' lang='grc'>6.</span> <span class='ocrx_word' id='word_1_104' title='bbox 450 1306 542 1375; x_wconf 88' lang='lat' dir='ltr'>qui</span> <span class='ocrx_word' id='word_1_105' title='bbox 584 1303 722 1375; x_wconf 86' lang='lat' dir='ltr'>quod</span> <span class='ocrx_word' id='word_1_106' title='bbox 763 1304 926 1358; x_wconf 85' lang='lat' dir='ltr'>dicit:</span> <span class='ocrx_word' id='word_1_107' title='bbox 966 1306 1057 1366; x_wconf 72' lang='grc' dir='ltr'>τὴν</span> <span class='ocrx_word' id='word_1_108' title='bbox 1092 1301 1279 1371; x_wconf 77' lang='grc' dir='ltr'><em>αἵρεσιν</em></span> <span class='ocrx_word' id='word_1_109' title='bbox 1328 1309 1425 1358; x_wconf 78' lang='grc' dir='ltr'>τῶν</span> <span class='ocrx_word' id='word_1_110' title='bbox 1465 1303 1712 1371; x_wconf 73' lang='grc' dir='ltr'><em>γερόντων</em></span> <span class='ocrx_word' id='word_1_111' title='bbox 1752 1305 1893 1358; x_wconf 73' lang='grc' dir='ltr'><em>κατὰ</em></span> <span class='ocrx_word' id='word_1_112' title='bbox 1934 1308 2025 1367; x_wconf 71' lang='grc' dir='ltr'>τὴν</span> 
     </span>
    </p>
   </div>
   <div class='ocr_carea' id='block_1_6' title="bbox 0 1391 2028 1641">
    <p class='ocr_par' dir='ltr' id='par_1_6' title="bbox 0 1391 2028 1641">
     <span class='ocr_line' id='line_1_14' title="bbox 0 1391 2028 1474; baseline 0 -28"><span class='ocrx_word' id='word_1_113' title='bbox 0 1448 2 1474; x_wconf 51' lang='grc'><strong>,</strong></span> <span class='ocrx_word' id='word_1_114' title='bbox 57 1395 215 1460; x_wconf 81' lang='grc' dir='ltr'>κρίσιν</span> <span class='ocrx_word' id='word_1_115' title='bbox 256 1391 383 1447; x_wconf 82' lang='grc' dir='ltr'><em>εἶναι</em></span> <span class='ocrx_word' id='word_1_116' title='bbox 424 1394 765 1459; x_wconf 76' lang='grc' dir='ltr'><em>παιδαριώδη,</em></span> <span class='ocrx_word' id='word_1_117' title='bbox 823 1410 980 1447; x_wconf 90' lang='lat' dir='ltr'>nemo</span> <span class='ocrx_word' id='word_1_118' title='bbox 1035 1393 1323 1446; x_wconf 87' lang='lat' dir='ltr'>mirabitur</span> <span class='ocrx_word' id='word_1_119' title='bbox 1370 1393 1463 1463; x_wconf 88' lang='lat' dir='ltr'>qui</span> <span class='ocrx_word' id='word_1_120' title='bbox 1516 1393 1838 1463; x_wconf 90' lang='lat' dir='ltr'>quomodum</span> <span class='ocrx_word' id='word_1_121' title='bbox 1896 1392 2028 1447; x_wconf 88' lang='lat' dir='ltr'>illud</span> 
     </span>
     <span class='ocr_line' id='line_1_15' title="bbox 0 1480 2024 1556; baseline 0 -21"><span class='ocrx_word' id='word_1_122' title='bbox 0 1495 4 1556; x_wconf 56' lang='lat' dir='ltr'>g</span> <span class='ocrx_word' id='word_1_123' title='bbox 57 1481 319 1535; x_wconf 87' lang='lat' dir='ltr'>iudicium</span> <span class='ocrx_word' id='word_1_124' title='bbox 364 1480 526 1535; x_wconf 80' lang='lat' dir='ltr'>suerit</span> <span class='ocrx_word' id='word_1_125' title='bbox 562 1481 871 1534; x_wconf 80' lang='lat' dir='ltr'>institutum</span> <span class='ocrx_word' id='word_1_126' title='bbox 915 1481 1106 1551; x_wconf 83' lang='lat' dir='ltr'>legerit</span> <span class='ocrx_word' id='word_1_127' title='bbox 1147 1480 1287 1551; x_wconf 88' lang='lat' dir='ltr'>apud</span> <span class='ocrx_word' id='word_1_128' title='bbox 1331 1481 1469 1534; x_wconf 86' lang='lat' dir='ltr'>Plut.</span> <span class='ocrx_word' id='word_1_129' title='bbox 1512 1481 1741 1552; x_wconf 87' lang='lat' dir='ltr'>Lycurg.</span> <span class='ocrx_word' id='word_1_130' title='bbox 1784 1498 1898 1551; x_wconf 88' lang='lat' dir='ltr'>cap.</span> <span class='ocrx_word' id='word_1_131' title='bbox 1936 1484 2024 1535; x_wconf 70' lang='lat'>26.</span> 
     </span>
     <span class='ocr_line' id='line_1_16' title="bbox 0 1563 2027 1641; baseline 0.001 -20"><span class='ocrx_word' id='word_1_132' title='bbox 0 1563 32 1595; x_wconf 90' lang='grc'><strong>’</strong></span> <span class='ocrx_word' id='word_1_133' title='bbox 53 1568 239 1641; x_wconf 82' lang='lat' dir='ltr'>Neque</span> <span class='ocrx_word' id='word_1_134' title='bbox 279 1568 567 1640; x_wconf 85' lang='lat' dir='ltr'><strong>Xenophon</strong></span> <span class='ocrx_word' id='word_1_135' title='bbox 613 1585 783 1640; x_wconf 86' lang='lat' dir='ltr'>neque</span> <span class='ocrx_word' id='word_1_136' title='bbox 824 1569 1145 1624; x_wconf 76' lang='lat' dir='ltr'>Plutarchus</span> <span class='ocrx_word' id='word_1_137' title='bbox 1180 1578 1600 1623; x_wconf 87' lang='lat' dir='ltr'>commemorant</span> <span class='ocrx_word' id='word_1_138' title='bbox 1643 1568 1696 1622; x_wconf 90' lang='lat' dir='ltr'>id</span> <span class='ocrx_word' id='word_1_139' title='bbox 1739 1570 1878 1640; x_wconf 91' lang='lat' dir='ltr'>quod</span> <span class='ocrx_word' id='word_1_140' title='bbox 1909 1571 2027 1624; x_wconf 89' lang='lat' dir='ltr'>iure</span> 
     </span>
    </p>
   </div>
   <div class='ocr_carea' id='block_1_7' title="bbox 0 1650 2029 1904">
    <p class='ocr_par' dir='ltr' id='par_1_7' title="bbox 0 1650 2029 1904">
     <span class='ocr_line' id='line_1_17' title="bbox 0 1650 2028 1728; baseline 0.001 -16"><span class='ocrx_word' id='word_1_141' title='bbox 0 1650 29 1726; x_wconf 18' lang='grc' dir='ltr'>ἶ,</span> <span class='ocrx_word' id='word_1_142' title='bbox 57 1657 371 1712; x_wconf 76' lang='lat' dir='ltr'>Aristoteles</span> <span class='ocrx_word' id='word_1_143' title='bbox 404 1655 700 1728; x_wconf 83' lang='lat' dir='ltr'>improbat,</span> <span class='ocrx_word' id='word_1_144' title='bbox 752 1658 810 1711; x_wconf 84' lang='grc' dir='ltr'><em>τὸ</em></span> <span class='ocrx_word' id='word_1_145' title='bbox 852 1660 1054 1712; x_wconf 79' lang='grc' dir='ltr'><em>αὐτὸν</em></span> <span class='ocrx_word' id='word_1_146' title='bbox 1103 1661 1456 1713; x_wconf 82' lang='grc' dir='ltr'><em>αἰτεῖσθαι</em></span> <span class='ocrx_word' id='word_1_147' title='bbox 1510 1660 1595 1712; x_wconf 85' lang='grc' dir='ltr'>τὸν</span> <span class='ocrx_word' id='word_1_148' title='bbox 1629 1657 2028 1725; x_wconf 67' lang='grc' dir='ltr'><em>ἀξιωθησόμενον</em></span> 
     </span>
     <span class='ocr_line' id='line_1_18' title="bbox 57 1745 2029 1817; baseline 0.001 -17.96"><span class='ocrx_word' id='word_1_149' title='bbox 17 1753 151 1813; x_wconf 78' lang='grc' dir='ltr'><em>τῆς</em></span> <span class='ocrx_word' id='word_1_150' title='bbox 191 1747 378 1813; x_wconf 74' lang='grc' dir='ltr'><em>ἀρχῆς.</em></span> <span class='ocrx_word' id='word_1_151' title='bbox 458 1745 734 1816; x_wconf 75' lang='lat' dir='ltr'>Lycuryus</span> <span class='ocrx_word' id='word_1_152' title='bbox 778 1746 951 1808; x_wconf 79' lang='lat' dir='ltr'>enim,</span> <span class='ocrx_word' id='word_1_153' title='bbox 1012 1747 1226 1817; x_wconf 87' lang='lat' dir='ltr'>inquit,</span> <span class='ocrx_word' id='word_1_154' title='bbox 1283 1748 1586 1815; x_wconf 79' lang='grc' dir='ltr'><em>φιλοτίμους</em></span> <span class='ocrx_word' id='word_1_155' title='bbox 1626 1746 2029 1814; x_wconf 64' lang='grc' dir='ltr'><em>κατασκευάζων</em></span> 
     </span>
     <span class='ocr_line' id='line_1_19' title="bbox 15 1823 2026 1904; baseline 0.001 -16"><span class='ocrx_word' id='word_1_156' title='bbox 15 1823 179 1898; x_wconf 41' lang='grc' dir='ltr'>ιζϊοὺς·</span> <span class='ocrx_word' id='word_1_157' title='bbox 219 1835 439 1894; x_wconf 81' lang='grc' dir='ltr'><em>πολίτας</em></span> <span class='ocrx_word' id='word_1_158' title='bbox 492 1834 689 1893; x_wconf 80' lang='grc' dir='ltr'><em>τούτοις</em></span> <span class='ocrx_word' id='word_1_159' title='bbox 739 1834 992 1901; x_wconf 75' lang='grc' dir='ltr'><em>κέχρηται</em></span> <span class='ocrx_word' id='word_1_160' title='bbox 1052 1837 1172 1904; x_wconf 78' lang='grc' dir='ltr'><em>πρὸς</em></span> <span class='ocrx_word' id='word_1_161' title='bbox 1229 1838 1320 1898; x_wconf 69' lang='grc' dir='ltr'>τὴν</span> <span class='ocrx_word' id='word_1_162' title='bbox 1371 1834 1558 1902; x_wconf 75' lang='grc' dir='ltr'><em>αἵρεσιν</em></span> <span class='ocrx_word' id='word_1_163' title='bbox 1610 1842 1707 1889; x_wconf 82' lang='grc' dir='ltr'>τῶν</span> <span class='ocrx_word' id='word_1_164' title='bbox 1761 1836 2026 1902; x_wconf 87' lang='grc' dir='ltr'><em>γερόντων.</em></span> 
     </span>
    </p>
   </div>
   <div class='ocr_carea' id='block_1_8' title="bbox 57 1920 2028 2082">
    <p class='ocr_par' dir='ltr' id='par_1_8' title="bbox 57 1920 2028 2082">
     <span class='ocr_line' id='line_1_20' title="bbox 57 1920 2028 1991; baseline 0.001 -14"><span class='ocrx_word' id='word_1_165' title='bbox 57 1922 217 1982; x_wconf 77' lang='grc' dir='ltr'><em>οὐδεὶς</em></span> <span class='ocrx_word' id='word_1_166' title='bbox 257 1923 362 1989; x_wconf 73' lang='grc' dir='ltr'>γὰρ</span> <span class='ocrx_word' id='word_1_167' title='bbox 414 1922 478 1975; x_wconf 77' lang='grc' dir='ltr'><em>ἂν</em></span> <span class='ocrx_word' id='word_1_168' title='bbox 536 1920 715 1989; x_wconf 78' lang='grc' dir='ltr'><em>ἄρχειν</em></span> <span class='ocrx_word' id='word_1_169' title='bbox 773 1924 1045 1985; x_wconf 73' lang='grc' dir='ltr'><em>αἰτήσαιτο</em></span> <span class='ocrx_word' id='word_1_170' title='bbox 1099 1926 1172 1989; x_wconf 68' lang='grc' dir='ltr'>μὴ</span> <span class='ocrx_word' id='word_1_171' title='bbox 1226 1925 1502 1991; x_wconf 82' lang='grc' dir='ltr'><em>φιλότιμος</em></span> <span class='ocrx_word' id='word_1_172' title='bbox 1559 1924 1638 1977; x_wconf 79' lang='grc' dir='ltr'><em>ὤν.</em></span> <span class='ocrx_word' id='word_1_173' title='bbox 1732 1923 1908 1978; x_wconf 90' lang='lat' dir='ltr'>Redeo</span> <span class='ocrx_word' id='word_1_174' title='bbox 1961 1923 2028 1978; x_wconf 85' lang='lat' dir='ltr'>ad</span> 
     </span>
     <span class='ocr_line' id='line_1_21' title="bbox 58 2010 2026 2082; baseline 0.001 -17"><span class='ocrx_word' id='word_1_175' title='bbox 58 2010 425 2082; x_wconf 78' lang='lat' dir='ltr'>Xenophontis</span> <span class='ocrx_word' id='word_1_176' title='bbox 464 2010 672 2073; x_wconf 88' lang='lat' dir='ltr'>locum,</span> <span class='ocrx_word' id='word_1_177' title='bbox 727 2010 778 2062; x_wconf 93' lang='lat' dir='ltr'>in</span> <span class='ocrx_word' id='word_1_178' title='bbox 822 2027 927 2081; x_wconf 89' lang='lat' dir='ltr'>quo</span> <span class='ocrx_word' id='word_1_179' title='bbox 968 2019 1112 2066; x_wconf 85' lang='lat' dir='ltr'>recte</span> <span class='ocrx_word' id='word_1_180' title='bbox 1163 2012 1468 2066; x_wconf 82' lang='lat' dir='ltr'>Diodorfius</span> <span class='ocrx_word' id='word_1_181' title='bbox 1510 2012 1563 2065; x_wconf 91' lang='lat' dir='ltr'>in</span> <span class='ocrx_word' id='word_1_182' title='bbox 1605 2011 1812 2066; x_wconf 89' lang='lat' dir='ltr'>verbis:</span> <span class='ocrx_word' id='word_1_183' title='bbox 1874 2033 2026 2067; x_wconf 79' lang='grc' dir='ltr'><em>σπου-</em></span> 
     </span>
    </p>
   </div>
   <div class='ocr_carea' id='block_1_9' title="bbox 22 2098 2030 2525">
    <p class='ocr_par' dir='ltr' id='par_1_9' title="bbox 18 2095 2030 2525">
     <span class='ocr_line' id='line_1_22' title="bbox 57 2098 2028 2171; baseline 0.001 -18.942"><span class='ocrx_word' id='word_1_184' title='bbox 57 2098 274 2166; x_wconf 76' lang='grc' dir='ltr'><em>δάζεται</em></span> <span class='ocrx_word' id='word_1_185' title='bbox 308 2100 332 2152; x_wconf 83' lang='grc' dir='ltr'><strong><em>ὅ</em></strong></span> <span class='ocrx_word' id='word_1_186' title='bbox 371 2100 514 2164; x_wconf 83' lang='grc' dir='ltr'><em>ἀγὼν</em></span> <span class='ocrx_word' id='word_1_187' title='bbox 543 2098 752 2164; x_wconf 75' lang='grc' dir='ltr'><em>μάλιςα</em></span> <span class='ocrx_word' id='word_1_188' title='bbox 789 2101 903 2153; x_wconf 83' lang='grc' dir='ltr'>τῶν</span> <span class='ocrx_word' id='word_1_189' title='bbox 943 2101 1208 2168; x_wconf 79' lang='grc' dir='ltr'><em>ἀνθρώπων</em></span> <span class='ocrx_word' id='word_1_190' title='bbox 1245 2101 1613 2171; x_wconf 86' lang='lat' dir='ltr'>importunum</span> <span class='ocrx_word' id='word_1_191' title='bbox 1650 2102 1747 2154; x_wconf 80' lang='grc' dir='ltr'>τῶν</span> <span class='ocrx_word' id='word_1_192' title='bbox 1789 2117 2028 2155; x_wconf 87' lang='lat' dir='ltr'>resecan-</span> 
     </span>
     <span class='ocr_line' id='line_1_23' title="bbox 22 2179 2030 2260; baseline 0.001 -20"><span class='ocrx_word' id='word_1_193' title='bbox 22 2179 28 2194; x_wconf 85' lang='lat'><strong><em>‘</em></strong></span> <span class='ocrx_word' id='word_1_194' title='bbox 59 2185 190 2241; x_wconf 90' lang='lat' dir='ltr'>dum</span> <span class='ocrx_word' id='word_1_195' title='bbox 227 2204 342 2242; x_wconf 85' lang='lat' dir='ltr'>esse</span> <span class='ocrx_word' id='word_1_196' title='bbox 374 2187 525 2242; x_wconf 85' lang='lat' dir='ltr'>vidit.</span> <span class='ocrx_word' id='word_1_197' title='bbox 589 2186 940 2241; x_wconf 74' lang='lat' dir='ltr'>Verissimum</span> <span class='ocrx_word' id='word_1_198' title='bbox 977 2196 1056 2243; x_wconf 87' lang='lat' dir='ltr'>est</span> <span class='ocrx_word' id='word_1_199' title='bbox 1096 2189 1282 2254; x_wconf 77' lang='grc' dir='ltr'><em>μάλις’</em></span> <span class='ocrx_word' id='word_1_200' title='bbox 1317 2189 1580 2255; x_wconf 79' lang='grc' dir='ltr'><em>ἀνθρώπων</em></span> <span class='ocrx_word' id='word_1_201' title='bbox 1603 2231 1616 2253; x_wconf 92' lang='grc'><em>,</em></span> <span class='ocrx_word' id='word_1_202' title='bbox 1657 2189 1797 2260; x_wconf 81' lang='lat' dir='ltr'>quod</span> <span class='ocrx_word' id='word_1_203' title='bbox 1838 2190 2030 2244; x_wconf 88' lang='lat' dir='ltr'>tritum</span> 
     </span>
     <span class='ocr_line' id='line_1_24' title="bbox 25 2267 2030 2354; baseline 0.002 -21"><span class='ocrx_word' id='word_1_204' title='bbox 25 2318 33 2354; x_wconf 62' lang='lat'>3</span> <span class='ocrx_word' id='word_1_205' title='bbox 58 2279 115 2333; x_wconf 88' lang='lat' dir='ltr'>in</span> <span class='ocrx_word' id='word_1_206' title='bbox 174 2278 373 2335; x_wconf 88' lang='lat' dir='ltr'>talibus</span> <span class='ocrx_word' id='word_1_207' title='bbox 431 2281 612 2335; x_wconf 84' lang='lat' dir='ltr'>sciunt</span> <span class='ocrx_word' id='word_1_208' title='bbox 676 2297 876 2335; x_wconf 81' lang='lat' dir='ltr'>omnes,</span> <span class='ocrx_word' id='word_1_209' title='bbox 973 2281 1253 2352; x_wconf 82' lang='lat' dir='ltr'>Scriptura</span> <span class='ocrx_word' id='word_1_210' title='bbox 1315 2288 1466 2335; x_wconf 86' lang='lat' dir='ltr'>vetus</span> <span class='ocrx_word' id='word_1_211' title='bbox 1523 2267 2030 2338; x_wconf 63' lang='lat' dir='ltr'>MAAIZTAffiN</span> 
     </span>
     <span class='ocr_line' id='line_1_25' title="bbox 29 2368 2030 2441; baseline 0.003 -21"><span class='ocrx_word' id='word_1_212' title='bbox 29 2368 330 2438; x_wconf 59' lang='lat' dir='ltr'>‘peperisse</span> <span class='ocrx_word' id='word_1_213' title='bbox 381 2368 595 2423; x_wconf 88' lang='lat' dir='ltr'>videtur</span> <span class='ocrx_word' id='word_1_214' title='bbox 644 2369 853 2434; x_wconf 80' lang='grc' dir='ltr'><em>μάλιςα</em></span> <span class='ocrx_word' id='word_1_215' title='bbox 905 2374 1038 2433; x_wconf 85' lang='grc' dir='ltr'><em>τῶν,</em></span> <span class='ocrx_word' id='word_1_216' title='bbox 1093 2368 1284 2424; x_wconf 88' lang='lat' dir='ltr'>deinde</span> <span class='ocrx_word' id='word_1_217' title='bbox 1324 2386 1386 2423; x_wconf 85' lang='lat' dir='ltr'>ex</span> <span class='ocrx_word' id='word_1_218' title='bbox 1428 2369 1788 2441; x_wconf 85' lang='lat' dir='ltr'>dittographia</span> <span class='ocrx_word' id='word_1_219' title='bbox 1843 2379 2030 2427; x_wconf 81' lang='lat' dir='ltr'>natum</span> 
     </span>
     <span class='ocr_line' id='line_1_26' title="bbox 30 2454 853 2525; baseline 0.005 -17"><span class='ocrx_word' id='word_1_220' title='bbox 30 2461 144 2509; x_wconf 64' lang='lat' dir='ltr'>«est</span> <span class='ocrx_word' id='word_1_221' title='bbox 181 2454 391 2520; x_wconf 79' lang='grc' dir='ltr'><em>μάλιςα</em></span> <span class='ocrx_word' id='word_1_222' title='bbox 429 2463 526 2511; x_wconf 81' lang='grc' dir='ltr'>τῶν</span> <span class='ocrx_word' id='word_1_223' title='bbox 572 2458 853 2525; x_wconf 80' lang='grc' dir='ltr'><em>ἀνθρώπων.</em></span> 
     </span>
    </p>
   </div>
   <div class='ocr_carea' id='block_1_10' title="bbox 152 2541 2030 2616">
    <p class='ocr_par' dir='ltr' id='par_1_10' title="bbox 152 2541 2030 2616">
     <span class='ocr_line' id='line_1_27' title="bbox 152 2541 2030 2616; baseline 0.003 -20"><span class='ocrx_word' id='word_1_224' title='bbox 152 2541 347 2597; x_wconf 81' lang='lat' dir='ltr'>Contra</span> <span class='ocrx_word' id='word_1_225' title='bbox 403 2546 583 2599; x_wconf 88' lang='lat' dir='ltr'>miuus</span> <span class='ocrx_word' id='word_1_226' title='bbox 635 2553 780 2600; x_wconf 87' lang='lat' dir='ltr'>recte</span> <span class='ocrx_word' id='word_1_227' title='bbox 823 2545 1127 2601; x_wconf 84' lang='lat' dir='ltr'>Dindorlius</span> <span class='ocrx_word' id='word_1_228' title='bbox 1179 2544 1301 2600; x_wconf 73' lang='grc' dir='ltr'><em>ὅπου</em></span> <span class='ocrx_word' id='word_1_229' title='bbox 1354 2547 1511 2600; x_wconf 85' lang='lat' dir='ltr'>eiecit</span> <span class='ocrx_word' id='word_1_230' title='bbox 1563 2564 1626 2600; x_wconf 90' lang='lat' dir='ltr'>ex</span> <span class='ocrx_word' id='word_1_231' title='bbox 1685 2549 1802 2616; x_wconf 80' lang='lat'>§4.</span> <span class='ocrx_word' id='word_1_232' title='bbox 1857 2549 2030 2611; x_wconf 71' lang='grc' dir='ltr'><em>ἐπειδὴ</em></span> 
     </span>
    </p>
   </div>
   <div class='ocr_carea' id='block_1_11' title="bbox 28 2611 2033 2975">
    <p class='ocr_par' dir='ltr' id='par_1_11' title="bbox 28 2611 2033 2975">
     <span class='ocr_line' id='line_1_28' title="bbox 28 2611 2031 2706; baseline 0.002 -20"><span class='ocrx_word' id='word_1_233' title='bbox 28 2611 355 2695; x_wconf 63' lang='grc' dir='ltr'><em>Ῐκατέμαθεν</em></span> <span class='ocrx_word' id='word_1_234' title='bbox 394 2630 475 2702; x_wconf 73' lang='grc' dir='ltr'><em>ὅτι</em></span> <span class='ocrx_word' id='word_1_235' title='bbox 512 2631 685 2704; x_wconf 74' lang='grc' dir='ltr'><em>[ὅπου]</em></span> <span class='ocrx_word' id='word_1_236' title='bbox 726 2636 768 2688; x_wconf 83' lang='grc' dir='ltr'><em>οἰ</em></span> <span class='ocrx_word' id='word_1_237' title='bbox 806 2634 1107 2701; x_wconf 80' lang='grc' dir='ltr'><em>βουλόμενοι</em></span> <span class='ocrx_word' id='word_1_238' title='bbox 1159 2636 1515 2699; x_wconf 75' lang='grc' dir='ltr'><em>ἐπιμελεῖσθαι</em></span> <span class='ocrx_word' id='word_1_239' title='bbox 1568 2641 1659 2696; x_wconf 76' lang='grc' dir='ltr'><em>τῆς</em></span> <span class='ocrx_word' id='word_1_240' title='bbox 1701 2637 1884 2702; x_wconf 76' lang='grc' dir='ltr'><em>ἀρετῆς</em></span> <span class='ocrx_word' id='word_1_241' title='bbox 1931 2640 2031 2706; x_wconf 80' lang='grc' dir='ltr'><em>οὐχ</em></span> 
     </span>
     <span class='ocr_line' id='line_1_29' title="bbox 28 2702 2033 2794; baseline 0.003 -21"><span class='ocrx_word' id='word_1_242' title='bbox 28 2702 225 2774; x_wconf 51' lang='grc' dir='ltr'><em>,Ἱκανοί</em></span> <span class='ocrx_word' id='word_1_243' title='bbox 263 2721 359 2774; x_wconf 86' lang='grc' dir='ltr'><em>εἰσι</em></span> <span class='ocrx_word' id='word_1_244' title='bbox 402 2722 501 2781; x_wconf 74' lang='grc' dir='ltr'><em>τὰς</em></span> <span class='ocrx_word' id='word_1_245' title='bbox 542 2724 795 2789; x_wconf 76' lang='grc' dir='ltr'><em>πατρίδας</em></span> <span class='ocrx_word' id='word_1_246' title='bbox 849 2722 1038 2786; x_wconf 79' lang='grc' dir='ltr'><em>αὔξειν.</em></span> <span class='ocrx_word' id='word_1_247' title='bbox 1120 2724 1207 2778; x_wconf 83' lang='lat' dir='ltr'>Sic</span> <span class='ocrx_word' id='word_1_248' title='bbox 1262 2730 1405 2776; x_wconf 83' lang='lat' dir='ltr'>certe</span> <span class='ocrx_word' id='word_1_249' title='bbox 1449 2723 1678 2794; x_wconf 81' lang='lat' dir='ltr'>positum</span> <span class='ocrx_word' id='word_1_250' title='bbox 1717 2720 1840 2777; x_wconf 69' lang='grc' dir='ltr'><em>ὅπου</em></span> <span class='ocrx_word' id='word_1_251' title='bbox 1882 2725 2033 2779; x_wconf 83' lang='lat' dir='ltr'>intel-</span> 
     </span>
     <span class='ocr_line' id='line_1_30' title="bbox 32 2796 2031 2879; baseline 0.004 -18"><span class='ocrx_word' id='word_1_252' title='bbox 32 2796 155 2877; x_wconf 69' lang='lat' dir='ltr'>·-3‘ligi</span> <span class='ocrx_word' id='word_1_253' title='bbox 201 2823 303 2861; x_wconf 91' lang='lat' dir='ltr'>non</span> <span class='ocrx_word' id='word_1_254' title='bbox 346 2817 554 2879; x_wconf 87' lang='lat' dir='ltr'>potest,</span> <span class='ocrx_word' id='word_1_255' title='bbox 595 2810 685 2865; x_wconf 89' lang='lat' dir='ltr'>sed</span> <span class='ocrx_word' id='word_1_256' title='bbox 728 2818 786 2864; x_wconf 88' lang='lat' dir='ltr'>tu</span> <span class='ocrx_word' id='word_1_257' title='bbox 823 2811 997 2865; x_wconf 87' lang='lat' dir='ltr'>scribe</span> <span class='ocrx_word' id='word_1_258' title='bbox 1036 2811 1139 2869; x_wconf 72' lang='grc' dir='ltr'><em>ἔςιν</em></span> <span class='ocrx_word' id='word_1_259' title='bbox 1180 2810 1330 2874; x_wconf 75' lang='grc' dir='ltr'><em>ὅπου,</em></span> <span class='ocrx_word' id='word_1_260' title='bbox 1372 2810 1425 2863; x_wconf 91' lang='lat' dir='ltr'>id</span> <span class='ocrx_word' id='word_1_261' title='bbox 1471 2818 1551 2865; x_wconf 86' lang='lat' dir='ltr'>est</span> <span class='ocrx_word' id='word_1_262' title='bbox 1590 2812 1639 2865; x_wconf 83' lang='grc' dir='ltr'><em>ἐν</em></span> <span class='ocrx_word' id='word_1_263' title='bbox 1684 2812 1836 2873; x_wconf 83' lang='grc' dir='ltr'><em>ἐνίαις</em></span> <span class='ocrx_word' id='word_1_264' title='bbox 1879 2814 2031 2868; x_wconf 74' lang='grc' dir='ltr'><em>πόλε·</em></span> 
     </span>
     <span class='ocr_line' id='line_1_31' title="bbox 28 2877 1765 2975; baseline 0.003 -25"><span class='ocrx_word' id='word_1_265' title='bbox 28 2877 41 2975; x_wconf 62' lang='lat' dir='ltr'>l</span> <span class='ocrx_word' id='word_1_266' title='bbox 62 2915 159 2950; x_wconf 87' lang='grc' dir='ltr'><em>σιν.</em></span> <span class='ocrx_word' id='word_1_267' title='bbox 242 2894 418 2951; x_wconf 84' lang='lat' dir='ltr'>Facile</span> <span class='ocrx_word' id='word_1_268' title='bbox 458 2898 731 2953; x_wconf 79' lang='lat' dir='ltr'>intercidit</span> <span class='ocrx_word' id='word_1_269' title='bbox 771 2898 874 2956; x_wconf 77' lang='grc' dir='ltr'><em>ἔςιν</em></span> <span class='ocrx_word' id='word_1_270' title='bbox 917 2907 1038 2954; x_wconf 87' lang='lat' dir='ltr'>noto</span> <span class='ocrx_word' id='word_1_271' title='bbox 1078 2898 1441 2971; x_wconf 87' lang='lat' dir='ltr'>compendiolo</span> <span class='ocrx_word' id='word_1_272' title='bbox 1482 2899 1765 2970; x_wconf 82' lang='lat' dir='ltr'>scriptum.</span> 
     </span>
    </p>
   </div>
   <div class='ocr_carea' id='block_1_12' title="bbox 39 2982 2035 3138">
    <p class='ocr_par' dir='ltr' id='par_1_12' title="bbox 39 2982 2035 3138">
     <span class='ocr_line' id='line_1_32' title="bbox 139 2982 2032 3058; baseline 0.005 -22"><span class='ocrx_word' id='word_1_273' title='bbox 139 2982 197 3037; x_wconf 86' lang='lat' dir='ltr'>In</span> <span class='ocrx_word' id='word_1_274' title='bbox 254 2999 370 3055; x_wconf 83' lang='lat' dir='ltr'>cap.</span> <span class='ocrx_word' id='word_1_275' title='bbox 410 2983 471 3039; x_wconf 88' lang='lat' dir='ltr'>X.</span> <span class='ocrx_word' id='word_1_276' title='bbox 516 2991 565 3041; x_wconf 82' lang='lat'>4.</span> <span class='ocrx_word' id='word_1_277' title='bbox 619 2987 811 3042; x_wconf 85' lang='grc' dir='ltr'><em>ἰδιῶται</em></span> <span class='ocrx_word' id='word_1_278' title='bbox 866 2988 1068 3042; x_wconf 75' lang='grc' dir='ltr'><em>ἰδιωτῶν</em></span> <span class='ocrx_word' id='word_1_279' title='bbox 1108 2989 1428 3058; x_wconf 75' lang='grc' dir='ltr'><em>διαφέρουσιν</em></span> <span class='ocrx_word' id='word_1_280' title='bbox 1480 2989 1636 3055; x_wconf 71' lang='grc' dir='ltr'><em>ἀρετῇ</em></span> <span class='ocrx_word' id='word_1_281' title='bbox 1676 2992 1719 3044; x_wconf 84' lang='grc' dir='ltr'><em>οἱ</em></span> <span class='ocrx_word' id='word_1_282' title='bbox 1756 2991 2032 3055; x_wconf 81' lang='grc' dir='ltr'><em>ἀσκοῦντες</em></span> 
     </span>
     <span class='ocr_line' id='line_1_33' title="bbox 39 3071 2035 3138; baseline 0.008 -18"><span class='ocrx_word' id='word_1_283' title='bbox 39 3077 163 3127; x_wconf 63' lang='grc' dir='ltr'><em>»τῶν</em></span> <span class='ocrx_word' id='word_1_284' title='bbox 182 3071 540 3138; x_wconf 71' lang='grc' dir='ltr'><em>ἀμελούντων,</em></span> <span class='ocrx_word' id='word_1_285' title='bbox 578 3075 650 3127; x_wconf 86' lang='lat' dir='ltr'>ita</span> <span class='ocrx_word' id='word_1_286' title='bbox 682 3074 896 3129; x_wconf 82' lang='lat' dir='ltr'>demum</span> <span class='ocrx_word' id='word_1_287' title='bbox 939 3075 1067 3131; x_wconf 85' lang='lat' dir='ltr'>bene</span> <span class='ocrx_word' id='word_1_288' title='bbox 1090 3076 1287 3132; x_wconf 87' lang='lat' dir='ltr'>Graece</span> <span class='ocrx_word' id='word_1_289' title='bbox 1318 3075 1521 3130; x_wconf 88' lang='lat' dir='ltr'>dictum</span> <span class='ocrx_word' id='word_1_290' title='bbox 1558 3077 1661 3130; x_wconf 85' lang='lat' dir='ltr'>crit</span> <span class='ocrx_word' id='word_1_291' title='bbox 1700 3077 1789 3131; x_wconf 90' lang='lat' dir='ltr'>uhi</span> <span class='ocrx_word' id='word_1_292' title='bbox 1829 3087 2035 3135; x_wconf 85' lang='lat' dir='ltr'>utrum-</span> 
     </span>
    </p>
   </div>
   <div class='ocr_carea' id='block_1_13' title="bbox 36 3148 2036 3231">
    <p class='ocr_par' dir='ltr' id='par_1_13' title="bbox 36 3148 2036 3231">
     <span class='ocr_line' id='line_1_34' title="bbox 36 3148 2036 3231; baseline 0.005 -18"><span class='ocrx_word' id='word_1_293' title='bbox 36 3148 172 3231; x_wconf 67' lang='lat' dir='ltr'>¹&#39;que</span> <span class='ocrx_word' id='word_1_294' title='bbox 212 3159 500 3214; x_wconf 81' lang='lat' dir='ltr'>articulum</span> <span class='ocrx_word' id='word_1_295' title='bbox 537 3162 839 3217; x_wconf 75' lang='lat' dir='ltr'>sustuleris,</span> <span class='ocrx_word' id='word_1_296' title='bbox 921 3164 1095 3231; x_wconf 89' lang='lat' dir='ltr'>Quum</span> <span class='ocrx_word' id='word_1_297' title='bbox 1139 3165 1423 3220; x_wconf 89' lang='lat' dir='ltr'>dicendum</span> <span class='ocrx_word' id='word_1_298' title='bbox 1478 3173 1559 3219; x_wconf 86' lang='lat' dir='ltr'>est</span> <span class='ocrx_word' id='word_1_299' title='bbox 1591 3166 1783 3220; x_wconf 80' lang='grc' dir='ltr'><em>ἰδιῶται</em></span> <span class='ocrx_word' id='word_1_300' title='bbox 1825 3170 2036 3223; x_wconf 81' lang='grc' dir='ltr'><em>ἀσκοῦν-</em></span> 
     </span>
    </p>
   </div>
   <div class='ocr_carea' id='block_1_14' title="bbox 46 3249 2038 3415">
    <p class='ocr_par' dir='ltr' id='par_1_14' title="bbox 46 3249 2038 3415">
     <span class='ocr_line' id='line_1_35' title="bbox 46 3249 2034 3325; baseline 0.006 -25"><span class='ocrx_word' id='word_1_301' title='bbox 46 3265 155 3308; x_wconf 65' lang='grc' dir='ltr'><em>ιτες</em></span> <span class='ocrx_word' id='word_1_302' title='bbox 194 3250 377 3315; x_wconf 69' lang='grc' dir='ltr'><em>ἀρετὴν</em></span> <span class='ocrx_word' id='word_1_303' title='bbox 427 3249 630 3306; x_wconf 77' lang='grc' dir='ltr'><em>ἰδιωτῶν</em></span> <span class='ocrx_word' id='word_1_304' title='bbox 677 3254 860 3318; x_wconf 76' lang='grc' dir='ltr'><em>ἀρετῆς</em></span> <span class='ocrx_word' id='word_1_305' title='bbox 891 3255 1218 3318; x_wconf 78' lang='grc' dir='ltr'><em>ἀμελούντων</em></span> <span class='ocrx_word' id='word_1_306' title='bbox 1261 3252 1610 3322; x_wconf 76' lang='grc' dir='ltr'><em>διαφέρουσιν,</em></span> <span class='ocrx_word' id='word_1_307' title='bbox 1653 3255 1742 3325; x_wconf 84' lang='lat' dir='ltr'>qui</span> <span class='ocrx_word' id='word_1_308' title='bbox 1780 3255 2034 3312; x_wconf 88' lang='lat' dir='ltr'>Veterum</span> 
     </span>
     <span class='ocr_line' id='line_1_36' title="bbox 62 3331 2038 3415; baseline 0.007 -28"><span class='ocrx_word' id='word_1_309' title='bbox 62 3331 297 3405; x_wconf 75' lang='lat' dir='ltr'>eleganti</span> <span class='ocrx_word' id='word_1_310' title='bbox 340 3337 620 3392; x_wconf 83' lang='lat' dir='ltr'>verborum</span> <span class='ocrx_word' id='word_1_311' title='bbox 656 3342 1037 3412; x_wconf 85' lang='lat' dir='ltr'>compositione</span> <span class='ocrx_word' id='word_1_312' title='bbox 1075 3349 1306 3397; x_wconf 88' lang='lat' dir='ltr'>utuntur</span> <span class='ocrx_word' id='word_1_313' title='bbox 1342 3357 1403 3395; x_wconf 90' lang='lat' dir='ltr'>ea</span> <span class='ocrx_word' id='word_1_314' title='bbox 1443 3340 1602 3395; x_wconf 86' lang='lat' dir='ltr'>verba</span> <span class='ocrx_word' id='word_1_315' title='bbox 1643 3343 1720 3396; x_wconf 85' lang='lat' dir='ltr'>sic</span> <span class='ocrx_word' id='word_1_316' title='bbox 1760 3342 2038 3415; x_wconf 84' lang='lat' dir='ltr'>disponere</span> 
     </span>
    </p>
   </div>
   <div class='ocr_carea' id='block_1_15' title="bbox 69 3421 2038 3584">
    <p class='ocr_par' dir='ltr' id='par_1_15' title="bbox 69 3421 2038 3584">
     <span class='ocr_line' id='line_1_37' title="bbox 69 3421 2038 3499; baseline 0.005 -20"><span class='ocrx_word' id='word_1_317' title='bbox 69 3421 274 3479; x_wconf 70' lang='lat' dir='ltr'>notent:</span> <span class='ocrx_word' id='word_1_318' title='bbox 316 3425 508 3481; x_wconf 83' lang='grc' dir='ltr'><em>ἰδιῶται</em></span> <span class='ocrx_word' id='word_1_319' title='bbox 556 3427 757 3482; x_wconf 79' lang='grc' dir='ltr'><em>ἰδιωτῶν</em></span> <span class='ocrx_word' id='word_1_320' title='bbox 798 3429 1120 3499; x_wconf 82' lang='grc' dir='ltr'><em>διαφέρουσιν</em></span> <span class='ocrx_word' id='word_1_321' title='bbox 1160 3433 1316 3499; x_wconf 74' lang='grc' dir='ltr'><em>ἀρετῇ</em></span> <span class='ocrx_word' id='word_1_322' title='bbox 1357 3432 1634 3491; x_wconf 80' lang='grc' dir='ltr'><em>ἀσκοῦντες</em></span> <span class='ocrx_word' id='word_1_323' title='bbox 1678 3431 2038 3499; x_wconf 72' lang='grc' dir='ltr'><em>ἀμελούντων,</em></span> 
     </span>
     <span class='ocr_line' id='line_1_38' title="bbox 70 3511 834 3584; baseline 0.009 -20"><span class='ocrx_word' id='word_1_324' title='bbox 70 3515 135 3564; x_wconf 84' lang='lat' dir='ltr'>nt.</span> <span class='ocrx_word' id='word_1_325' title='bbox 171 3511 310 3584; x_wconf 82' lang='lat' dir='ltr'>apud</span> <span class='ocrx_word' id='word_1_326' title='bbox 355 3512 543 3569; x_wconf 84' lang='lat' dir='ltr'>Herod.</span> <span class='ocrx_word' id='word_1_327' title='bbox 580 3514 664 3569; x_wconf 84' lang='lat' dir='ltr'>tv.</span> <span class='ocrx_word' id='word_1_328' title='bbox 712 3521 834 3571; x_wconf 78' lang='lat'><strong>157.</strong></span> 
     </span>
    </p>
   </div>
  </div>
 </body>
</html>
