2436 4068
1250 180 1356 229 570

409 328 474 382 ln
519 331 547 398 §
593 331 675 380 11.
727 327 812 379 καὶ
856 323 1271 391 ὁμολογουμένως
1309 343 1372 387 γε
1412 323 1434 374 0‘
1475 322 1631 387 λόγος
1675 324 1797 388 ἡμῖν
1836 331 1997 392 χωρεῖ
2028 331 2080 379 et
2120 326 2313 380 vitium

342 415 688 470 manifestum
731 420 808 466 est
855 418 908 466 et
958 409 1259 466 emendatio
1313 417 1477 464 certa.
1558 410 1757 482 Nempe
1811 412 2192 483 corrigendum
2235 422 2317 468 est

342 504 429 561 καὶ
468 504 528 558 δι’
569 500 985 568 ὁμολογουμένων
1025 520 1128 564 γε,
1166 498 1307 569 quod
1363 504 1416 552 et
1469 505 1616 553 recte
1670 505 1723 552 et
1783 499 2055 570 eleganter
2111 501 2316 556 dictum

342 599 442 646 est.
521 590 636 644 Non
697 597 777 643 est
831 588 1019 643 melior
1071 586 1352 640 fideiussor
1403 602 1565 657 quam
1619 587 1732 658 ipse
1788 588 2081 660 Xenophon
2121 590 2176 643 in
2218 589 2319 644 Me·

343 678 546 733 morab.
582 677 671 731 IV.
715 695 782 730 vl.
830 681 913 730 15.
973 676 1058 730 διαὶ
1114 680 1212 728 τῶν
1263 674 1472 739 μάλιςοο
1511 675 1928 741 ὁμολογουμένων
1967 678 2227 745 ἐπορεύετο
2268 683 2322 732 et

345 768 401 820 in
441 765 792 822 Oeconomico
835 763 983 818 XIX.
1033 768 1118 817 15.
1172 761 1350 828 ἄγων
1387 784 1465 828 με
1518 764 1589 818 δι’
1645 761 1719 818 ὧν
1774 765 2110 830 ε’πίςοιμοιι
2168 763 2319 832 ὅμοιοι

343 853 540 914 τούτοις
580 853 860 912 ἐπιδεικνὺς
898 849 934 906 ἃ
976 853 1064 905 οὐκ
1105 851 1330 919 ἐνόμιζον
1381 851 1659 908 ἐπίςωσθοιι
1683 894 1694 915 ,
1735 854 2028 915 duan-siam
2063 851 2204 920 οἶμαι
2256 857 2320 915 ὡς

343 946 520 995 τοιῦτοο
562 943 838 1007 ἐπίςοιμοιι.
918 940 1374 1006 Ὀμολογουμένως
1415 940 1516 995 hoc
1555 940 1670 995 loco
1711 941 1846 995 nihil
1886 942 2191 1012 significare
2230 959 2319 1014 pa·

343 1030 449 1084 lam
494 1037 605 1094 est,
646 1037 699 1085 et
733 1030 864 1084 satis
901 1035 1113 1083 constat
1153 1029 1366 1099 saepius
1387 1029 1789 1095 ὁμολογούμενος
1813 1037 1866 1085 et
1906 1031 2320 1096 ὁμολογουμένως
2394 1046 2436 1135 34⁴,

341 1121 484 1173 inter
524 1135 580 1172 se
619 1117 914 1181 confundi,
970 1116 1127 1170 cuius
1167 1117 1247 1169 rei
1301 1123 1354 1170 et
1400 1118 1502 1187 ipsi
1561 1134 1725 1188 supra
1774 1119 2014 1190 exempla
2059 1120 2320 1190 quaedam

341 1206 642 1261 attulimus,
723 1207 824 1274 Qui
868 1205 1069 1259 sactum
1112 1205 1182 1258 sit
1222 1212 1280 1258 ut
1321 1205 1381 1259 δι’
1424 1205 1685 1260 exciderit
1725 1205 1899 1260 vides:
1942 1224 2322 1280 nempeprae·

343 1295 538 1350 cedens
575 1304 694 1349 ΚΑΙ
749 1295 881 1348 duas
933 1292 1201 1347 litterulas
1243 1300 1526 1364 sequentes
1563 1302 1670 1358 ΔΙ,
1711 1300 1773 1348 ut
1814 1296 1974 1350 toties
2027 1295 2191 1358 alibi,
2236 1295 2323 1349 ab·

344 1384 558 1438 sorhsit.

421 1472 582 1526 Plane
622 1488 782 1525 sensu
824 1487 1038 1524 cassum
1084 1477 1168 1524 est
1208 1470 1349 1579 quod
1389 1469 1589 1540 legitur
1629 1470 1683 1523 in
1743 1473 1772 1541 §
1817 1475 1902 1524 12.
1956 1474 1999 1527 εἶ
2037 1473 2090 1527 δὲ
2132 1474 2323 1536 πωλοίη
2400 1405 2436 1541 ss

344 1559 412 1616 αὖ
471 1580 591 1628 προς
652 1565 869 1614 τοῦτον
924 1581 982 1619 ος
1036 1579 1111 1624 μη
1169 1559 1404 1615 ἑπίςοιιτο
1442 1559 1666 1625 χρῆσθαι
1714 1559 1823 1613 οὐδὲ
1878 1561 2199 1627 πωλούμενοί
2229 1563 2324 1616 εἷο-ι
2399 1517 2436 1655 iii

344 1651 604 1718 χρήματα
637 1647 780 1702 κοιτοέ
820 1669 886 1712 γε
924 1649 1011 1701 τὸν
1051 1648 1136 1701 σὸν
1177 1647 1365 1710 λόγον,
1406 1662 1532 1700 nam
1573 1646 1617 1699 si
1664 1648 1787 1718 quis
1820 1647 1949 1719 quid
1989 1651 2181 1704 emerit
2222 1667 2328 1721 quo
2392 1610 2436 1724 i

348 1739 556 1793 nesciat
594 1738 675 1791 uti
717 1735 845 1808 quid
897 1753 957 1790 ea
1014 1753 1102 1790 res
1147 1734 1212 1788 ad
1254 1734 1622 1798 venditorem,
1663 1753 1899 1807 quaeso,
1943 1738 2179 1792 attinet?
2259 1738 2328 1792 Et
2392 1710 2436 1844 λέ

349 1826 612 1899 quomodo
665 1824 880 1879 tandem
932 1841 996 1878 ex
1048 1823 1133 1877 his
1174 1823 1424 1894 colligere
1466 1825 1643 1895 potuit
1695 1825 2000 1881 Critobulus
2053 1826 2196 1897 quod
2247 1843 2328 1881 re·
2394 1804 2436 1901 {2

349 1915 607 1987 spondet:
660 1915 836 1979 λέγειν
869 1913 1071 1976 ἔοικας,
1125 1909 1159 1965 ὦ
1213 1913 1519 1980 Σώκρατες,
1572 1910 1648 1967 ὅτι
1697 1915 1807 1968 οὐδὲ
1865 1917 1923 1969 τὸ
1977 1914 2214 1982 ἀργύριόν
2253 1917 2328 1974 ἕςι
2397 1893 2436 1994 ij?

347 2006 606 2072 χρήματα
642 2005 684 2058 εἶ
725 2004 798 2068 μή
845 2023 923 2062 τις
965 2001 1201 2057 ἐπίςοιιτο
1240 2002 1463 2068 χρῆσθαι
1504 2001 1677 2069 ecda-43?
1761 2001 1863 2056 Sed
1904 2002 2181 2058 lenissima
2224 2020 2331 2059 me·
2405 1989 2436 2064 i?

351 2093 530 2147 ‹licina
571 2108 765 2146 manus
807 2089 1175 2160 Xenophontis
1211 2090 1427 2143 restitui
1464 2091 1660 2161 poterit
1695 2097 1746 2145 et
1787 2092 1967 2144 omnia
2002 2108 2130 2145 sana
2172 2098 2333 2146 erunt
2410 2069 2436 2153 2}

353 2187 407 2236 et
444 2181 644 2251 optime
692 2178 942 2251 procedet
982 2177 1295 2249 disputatio·
1375 2177 1575 2248 Nempe
1609 2178 2004 2234 emendandum
2038 2187 2145 2234 est:
2198 2182 2240 2234 εἰ
2281 2181 2334 2235 δὲ
2410 2158 2436 2234 ³1

356 2269 548 2331 πωλοίη
600 2265 840 2333 adon-,obs
879 2270 1112 2328 τοῦτο,
1169 2262 1203 2333 ᾧ
1239 2267 1312 2330 μὴ
1363 2267 1600 2323 ἐπίςοοιτο
1638 2268 1894 2334 χρῆσθαι,
1934 2267 1989 2321 id
2031 2276 2110 2322 est
2145 2271 2187 2324 εἶ
2228 2291 2333 2323 πω·
2408 2254 2436 2347 5}

357 2362 457 2411 λῶν
506 2354 902 2421 Υἀντ-ιλοομβοὲνοι
960 2358 1145 2416 τοῦτο,
1205 2349 1239 2421 ᾧ
1288 2355 1509 2422 χρῆσθαι
1567 2356 1640 2419 μὴ
1688 2355 1940 2413 ἑπίςοιιτο.
2035 2357 2142 2410 Hoc
2188 2358 2334 2412 enim
2406 2346 2436 2431 l*

360 2462 524 2500 sensu
562 2445 764 2498 dicitur
802 2442 1000 2497 Graece
1042 2448 1261 2505 πωλεῖν,
1301 2443 1566 2505 ὠνεῖσθαι,
1609 2443 1880 2510 οὶγοροὶζειν
1920 2444 2041 2512 πρός
2075 2466 2144 2499 τι.
2223 2446 2338 2500 Non
2405 2485 2421 2520 ,

363 2535 487 2589 novi
527 2533 722 2587 melius
755 2530 1055 2602 exemplum
1099 2547 1258 2602 qnam
1299 2531 1575 2586 Menandri
1623 2532 1951 2587 versiculum
1997 2533 2138 2605 apud
2180 2534 2341 2589 Zeno·
2406 2516 2436 2593 11

363 2621 512 2676 bium
546 2621 611 2675 11.
656 2624 743 2674 12.
2401 2594 2436 2683 Ἴ

672 2707 817 2778 Θρᾲξ
855 2708 1066 2772 εὐγενὴς
1108 2704 1159 2761 εἶ
1193 2708 1342 2775 πρὸς
1383 2706 1548 2769 ἅλοις
1591 2708 1967 2775 ἧγοροισμένος,

369 2797 462 2852 ubi
498 2796 760 2851 Zenobius
800 2797 875 2850 ita
911 2796 1127 2849 scribit:
1172 2798 1241 2856 εἷς
1279 2798 1370 2858 τὴν
1411 2797 1683 2861 μεσόγειον
1720 2798 2019 2863 οένοιβοὶντες
2054 2801 2098 2853 οἱ
2140 2799 2342 2868 ἔμποροι

371 2885 601 2952 ἐκόμιζον
639 2884 812 2949 ἅλοις,
851 2886 958 2938 ἀνθ’
996 2882 1059 2937 ὧν
1099 2885 1215 2944 τοὺς
1250 2885 1451 2946 οἰκέταις
1489 2884 1824 2950 ἐλάμβανον,
1853 2886 2142 2958 eodemque
2184 2904 2343 2942 sensu

373 2974 621 3028 dicebant
674 2981 862 3027 πωλεῖν
914 2974 1034 3039 πρὸς
1074 2973 1318 3039 χρυσίον,
1374 2975 1494 3040 πρὸς
1544 2974 1780 3041 οὲργύριον
1827 2982 1879 3028 et
1935 2976 2055 3028 sim.
2138 2975 2344 3042 Quanta
2404 3045 2405 3049 Ἰ

372 3062 492 3117 luce
543 3061 691 3114 locus
746 3061 1116 3130 Xenophontis
1167 3062 1244 3114 sic
1294 3062 1582 3115 restitutus
1625 3061 1899 3132 splendeat
1954 3063 2027 3115 nil
2084 3081 2215 3134 opus
2268 3071 2345 3118 est
2399 3105 2402 3109 -

375 3151 552 3206 verbis
600 3149 984 3203 demonstrare.

451 3239 512 3292 In
556 3239 584 3308 ᾗ
627 3242 712 3291 15.
766 3237 1114 3308 participium
1155 3190 1451 3293 intercidit.
1532 3238 1750 3292 Dixerat
1792 3239 2126 3293 Critobulus:
2174 3240 2344 3304 λέγειν

378 3326 572 3390 ἕοικοις,
614 3323 647 3379 ὠ
671 3327 940 3392 Σώκρατες
961 3366 975 3388 ,
1015 3321 1091 3378 ὅτι
1126 3325 1236 3378 οὐδὲ
1266 3325 1323 3378 τὸ
1361 3325 1598 3393 ἀργύριόν
1627 3327 1703 3383 ε’ςι
1724 3329 1981 3393 χρήματα
2005 3369 2016 3390 ,
2059 3329 2145 3380 cui
2166 3328 2347 3382 Socra-

372 3422 490 3469 tes:
533 3414 618 3468 κοοὶ
656 3416 717 3468 σὺ
741 3414 792 3468 δέ
811 3434 896 3478 μοι
929 3413 1090 3471 δοκεῖς
1112 3410 1245 3468 ,οὕτω
1269 3422 1661 3478 συνομολογεῖν,
1705 3417 1805 3482 ἀφ’
1841 3413 1903 3468 ὧν
1926 3437 2002 3475 τις
2038 3419 2344 3483 ὠφελεῖσθαι

375 3503 590 3557 δύναται
630 3503 886 3570 χρήματα
926 3497 1071 3554 εἶναι.
1134 3498 1282 3553 Οὕτω
1311 3500 1544 3555 refertur
1566 3502 1630 3555 ad
1662 3503 2036 3574 praecedentia
2057 3501 2131 3557 ὅτι
2161 3504 2345 3557 οὐδὲτὸ

371 3590 608 3658 ἀργύριόν
649 3591 723 3646 ἐςι
761 3591 1018 3657 χρήματα
1054 3595 1106 3643 et
1146 3587 1493 3644 manifestum
1531 3591 1783 3647 mendum
1823 3593 1898 3646 sie
1939 3591 2227 3645 tollendum
2269 3595 2347 3643 est
