2436 4068
1304 196 1409 245 554

364 348 405 403 εἱ
447 349 522 414 μὴ
561 344 714 399 πλέον
740 387 752 407 ,
793 341 940 395 ἄλλα
981 342 1106 405 μίαν
1150 338 1378 404 ἡμέραν,
1421 337 1528 390 imo
1581 355 1706 393 vero
1755 342 1902 396 οὲλλόι
1945 342 2072 406 μίαν
2124 345 2179 407 γ’
2219 344 2340 407 ἡμέ-

368 457 476 503 ραν.
553 431 686 488 lbid.
726 429 788 483 ll.
832 447 865 481 1.
902 431 989 481 22.
1031 432 1267 494 προεῖπεν
1307 428 1371 485 ὡς
1413 426 1592 490 μηδεὶς
1634 430 1879 491 κινήσοιτο
1921 431 2129 500 corrige
2179 429 2341 492 ὅπως

365 523 562 590 μηδείς.
641 518 839 588 Nempe
898 531 1021 568 cnm
1081 513 1257 568 verbis
1307 514 1519 566 iubendi
1557 521 1608 568 et
1646 516 1938 586 imperandi
1973 515 2107 578 ὅπως
2143 518 2343 588 optime

368 611 644 680 iungitur,
685 607 749 665 ὡς
797 620 899 657 non
942 603 1123 656 minus
1164 609 1243 656 est
1284 602 1536 655 vitiosum
1571 618 1732 672 quam
1773 600 1868 657 ὅτι.

442 699 503 752 In
546 693 752 750 Hellen.
793 692 833 746 I.
875 708 964 745 vu.
1009 695 1096 745 24.
1154 691 1386 745 servavit
1438 689 1744 744 Dindorlius
1795 691 2052 746 librorum
2113 694 2342 764 scriptu·

369 802 516 840 ram:
571 784 612 838 οἱ
651 782 746 847 μὲν
800 781 1091 839 οὶδικοῦντες
1141 777 1408 841 τεύξονται
1453 784 1545 839 τῆς
1599 778 1824 843 μεγίςης
1873 781 2156 848 τιμωρίας,
2215 783 2258 835 οἱ
2299 781 2345 835 δ’

366 873 582 927 οὶναίτιοι
638 868 1116 935 ἐλευθερωθήσονται
1175 867 1268 934 ὑφ’
1308 867 1444 931 ὑμῶν
1484 866 1570 919 καὶ
1625 867 1713 919 οὐκ
1764 867 2055 929 ἀδικοῦντες
2097 871 2346 923 απολοῦν·

364 982 485 1023 ται,
525 963 864 1013 commentus
919 955 1205 1009 mirificam
1256 952 1543 1025 quamdam
1586 954 1883 1017 rationem,
1930 972 2090 1025 quam
2134 959 2348 1028 aperuit

365 1048 429 1103 ad
472 1047 538 1102 ΙΙ.
581 1063 654 1100 111.
704 1049 789 1099 19.
845 1043 935 1097 ubi
973 1042 1210 1113 legitur:
1264 1043 1287 1096 ὂ
1329 1041 1631 1109 Θηραμένης
1680 1041 1860 1107 ἔλεγεν
1905 1040 1980 1098 ὅτι
2023 1043 2214 1099 ἄτοπον
2262 1046 2345 1101 δο-

362 1138 468 1198 κοιή
516 1135 679 1202 ἑαυτῷ
725 1153 790 1198 γε
837 1128 968 1186 εἶναι
1006 1132 1065 1185 τὸ
1119 1135 1308 1198 πρῶτον
1348 1131 1442 1195 μὲν
1499 1130 1840 1195 βουλομένους
1894 1131 2013 1193 τοὺς
2062 1134 2341 1199 βελτίςους

360 1232 458 1280 τῶν
499 1228 718 1278 πολιτῶν
758 1221 1010 1281 κοινωνοὺς
1052 1220 1360 1283 ποιήσασθαι
1402 1220 1751 1285 τρισχιλίους,
1805 1216 1970 1286 ὥσπερ
2010 1222 2095 1274 τὸν
2135 1223 2342 1289 αριθμὸν

360 1317 536 1368 τοῦτον
591 1309 785 1377 ἔχοντα
844 1329 961 1363 τινα
1019 1307 1255 1373 ανάγκην
1313 1307 1503 1367 καλοὺς
1555 1307 1816 1372 κοέχαθοὺς
1866 1305 2012 1361 εἶναι.
2106 1309 2341 1381 Nempe:

363 1400 556 1455 nsemel
591 1398 813 1470 positum
853 1397 1106 1456 κοινωνοὺς
1159 1397 1467 1458 ποιήσασθαι
1525 1395 1889 1468 (cogitatione)
1931 1398 2339 1466 repetendum,”

359 1489 573 1560 inquit,
626 1493 679 1540 et
719 1484 939 1539 adducit
993 1483 1059 1537 ad
1101 1483 1238 1538 hanc
1292 1483 1587 1538 inauditam
1641 1491 1694 1538 et
1750 1485 2072 1539 Graecitatis
2128 1486 2345 1557 ingenio

359 1578 730 1631 adversantem
792 1572 1016 1642 Ellipsin
1057 1571 1479 1625 confirmandam
1542 1573 1683 1626 locos
1743 1572 2000 1643 quosdam
2063 1582 2344 1646 corruptos

359 1673 453 1720 aut
507 1664 660 1736 plane
714 1660 1039 1723 (lissimileS,
1093 1659 1148 1712 in
1206 1658 1288 1713 his
1333 1659 1583 1723 Pindari,
1642 1661 1856 1714 Diodori
1902 1668 1955 1715 et
2010 1662 2341 1726 Pausaniae,

363 1753 560 1825 quibus
600 1767 702 1804 non
759 1754 840 1802 est
881 1748 935 1800 in
984 1746 1075 1800 tali
1119 1764 1279 1802 causa
1321 1748 1616 1801 testimonii
1666 1748 1848 1803 dictio.
1928 1750 2226 1822 Corruptus
2264 1758 2346 1805 est

359 1839 726 1912 Xenophontis
783 1836 931 1890 locus
986 1851 1144 1906 quem
1218 1835 1455 1906 primum
1508 1835 1693 1890 attulit
1745 1853 1810 1890 ex
1876 1837 2104 1892 Anabasi
2142 1839 2234 1892 111.
2275 1847 2348 1893 iv.

365 1934 452 1984 15.
531 1925 896 1994 Τισσαφέρνης
938 1922 1177 1991 ε’πεφοένη
1214 1921 1296 1984 οὕς
1337 1945 1395 1977 τε
1437 1924 1591 1985 αὐτὸς
1649 1925 1843 1986 ἱππέας
1896 1923 2042 1987 ἦλθεν
2079 1926 2214 1995 ἔχων
2254 1928 2341 1982 καὶ

361 2021 452 2080 τὴν
494 2015 734 2084 Ὀρόντου
775 2005 1024 2077 δύναμινε
1082 2011 1211 2066 haec
1249 2012 1390 2066 enim
1440 2012 1561 2083 quis
1617 2013 1757 2066 serio
1809 2014 1992 2069 eredat
2041 2015 2348 2085 significare

359 2104 441 2166 οὕς
482 2126 541 2158 τε
582 2105 738 2163 αὐτὸς
796 2101 992 2160 ἱππέας
1035 2096 1182 2160 ἦλθεν
1215 2099 1351 2167 ἔχων
1396 2099 1608 2173 (ἔχων),
1649 2109 1744 2154 aut
1794 2102 1847 2155 in
1895 2103 1987 2156 tali
2042 2121 2100 2158 re
2133 2103 2344 2175 ellipsin

361 2193 558 2248 hahere
597 2190 816 2244 locum?
901 2189 1003 2260 Qui
1044 2194 1215 2242 totum
1257 2187 1433 2241 locum
1475 2188 1817 2258 perpenderit
1865 2189 2123 2245 fatebitur
2156 2209 2343 2246 verum

364 2299 481 2336 esse
522 2295 672 2350 posse
729 2284 823 2332 aut
878 2276 1116 2345 ἐπεφάνη
1159 2276 1276 2335 τούς
1329 2297 1387 2329 τε
1428 2277 1584 2336 αὐτὸς
1626 2279 1785 2331 αὑτοῦ
1844 2278 2040 2340 ἱππέας
2081 2278 2214 2346 ἔχων
2255 2281 2344 2335 καὶ

367 2373 458 2433 τὴν
511 2366 749 2436 Ὀρόντου
794 2365 1008 2430 δύναμιν
1054 2370 1148 2417 aut
1188 2363 1388 2434 aliquid
1445 2363 1791 2429 huiusmodi,
1852 2366 1941 2420 sed
1992 2367 2136 2421 nullo
2194 2377 2352 2439 pacto

369 2457 483 2513 fieri
529 2472 716 2527 posse,
770 2460 830 2507 ut
888 2452 1234 2524 participium
1279 2453 1330 2504 in
1374 2452 1549 2506 verbis
1608 2450 1689 2513 οὓς
1740 2455 1895 2515 αὐτὸς
1951 2453 2096 2519 ἦλθεν
2147 2455 2346 2524 ἔχων,

370 2546 423 2600 id
477 2552 559 2599 est
603 2541 685 2604 οὓς
740 2542 896 2602 αὐτὸς
951 2540 1190 2605 ἤγαγεν,
1252 2539 1415 2593 ullam
1473 2541 1580 2594 vim
1638 2550 1850 2595 exserat
1909 2544 1960 2596 in
2014 2547 2349 2600 accusativos

369 2634 638 2693 ἱππέας-οι
661 2633 752 2694 τὴν
774 2628 1011 2697 Ὀρόντου
1053 2628 1283 2693 δύναμιν.
1339 2627 1524 2682 Simile
1561 2627 1658 2682 hoc
1692 2637 1770 2683 est
1795 2630 1986 2685 Sosihii
2020 2641 2355 2699 cominente,

369 2721 509 2793 quod
550 2735 708 2791 quam
751 2733 948 2771 vanum
991 2723 1130 2770 esset
1167 2715 1497 2787 lepidissimo
1539 2717 1653 2771 ioco
1695 2718 2028 2774 Ptolemaeus
2087 2720 2352 2776 Philadel-

374 2809 515 2881 phus
574 2805 963 2860 demonstravit
1022 2802 1162 2874 apud
1223 2804 1415 2858 Athen.
1456 2805 1544 2860 ΧΙ.
1601 2822 1649 2876 p.
1689 2810 1796 2860 495
1854 2807 1915 2862 D.
1997 2808 2056 2862 In
2119 2810 2352 2864 secundo

372 2898 489 2951 loco
532 2893 934 2964 Xenophontis,
977 2909 1080 2962 quo
1121 2891 1427 2946 Dindorfius
1470 2893 1673 2957 utitur,
1714 2894 2015 2950 Anahaseos
2055 2897 2142 2951 IV.
2179 2916 2228 2951 v.
2266 2904 2350 2953 15.

373 2986 458 3041 δια
497 2984 554 3038 τὸ
596 2981 949 3036 ἐκλελοιπέναι
991 2979 1165 3033 αὐτόθι
1207 2982 1297 3041 την
1355 2979 1510 3047 χιόνα
1551 2980 1748 3048 εἴκαζον
1790 2984 2093 3050 τετηκέναι,
2148 2986 2350 3055 puerile

378 3080 459 3127 est
499 3070 780 3140 cogitando
839 3068 1086 3139 supplere
1142 3067 1253 3141 (την
1310 3068 1485 3141 χιόνα)
1543 3069 1740 3137 εἴκαζον
1780 3072 2064 3133 τετηκέναι.
2143 3073 2352 3144 Ecquid

374 3167 555 3216 autem
616 3165 695 3211 est
752 3155 1120 3227 pervulgatius
1158 3172 1320 3225 quam
1374 3157 1536 3219 αὐτήν
1578 3157 1632 3209 in
1689 3158 1783 3211 tali
1837 3159 1950 3212 loco
1990 3161 2210 3214 omitti?
2290 3162 2350 3216 In

373 3246 588 3304 Diodori
630 3245 743 3298 loeo
786 3245 876 3299 ΧΙ.
913 3247 965 3297 8.
1009 3241 1083 3294 nil
1121 3259 1235 3296 esse
1277 3243 1528 3312 praesidii
1563 3245 1830 3314 intelliges
1870 3246 2027 3300 verba
2066 3249 2143 3301 sic
2180 3256 2352 3304 trans-

374 3333 651 3407 ponendo:
691 3334 745 3386 οὐ
781 3334 1140 3399 συνεχώρησαν
1176 3331 1233 3382 ἐκ
1277 3331 1518 3398 διαδοχῆς
1553 3334 1996 3398 μεταλαμβάνειν
2030 3344 2122 3398 τῆς
2163 3337 2351 3404 μάχης

325 3413 487 3484 ’τοὺς
540 3420 794 3480 εἰωθότας.
876 3418 1050 3473 Verba
1110 3417 1406 3471 Pausaniae
1457 3419 1522 3471 Il.
1571 3424 1654 3473 17.
1702 3425 1752 3475 7.
1816 3421 2041 3477 ridicule
2097 3433 2350 3496 corrupta

371 3517 530 3566 sunt:
577 3507 885 3583 (κατεκαύθη
926 3509 983 3561 τὸ
1022 3507 1229 3573 ’Ἥραιον
1269 3507 1361 3567 την
1409 3507 1588 3573 ἱέρειαν
1629 3510 1851 3575 Χρυσίδα
1896 3509 2050 3566 ὕπνου
2107 3527 2349 3567 καταλα-

367 3597 568 3669 βόντος)
624 3595 708 3651 ὅτε
750 3597 772 3648 ὁ
822 3594 1012 3661 λύχνος
1054 3596 1075 3648 ὁ
1125 3596 1217 3662 πρὸ
1278 3601 1373 3648 τῶν
1433 3597 1854 3663 ςεφανωμαίτων.
1884 3599 2111 3664 ἥπτετο,
2175 3601 2223 3654 id
2268 3607 2347 3654 est
