2436 4068
14 2787 29 2975 q-.v·
0 2710 27 2727 3

1016 203 1117 254 291

81 364 206 404 cum
246 348 422 419 priore
472 347 793 400 coniunctus
842 347 936 408 τὴν
989 345 1236 412 Θηβαίων
1274 348 1424 402 πόλιν
1468 349 1685 403 διοικιεῖν
1738 352 1869 406 satis
1923 354 2057 409 vale-

81 436 200 500 bat,
253 442 312 489 ut
351 435 640 507 Dionysius
694 435 983 506 prom-bes
1033 444 1165 489 totas
1203 435 1451 509 dispersis
1492 437 1675 491 ineolis
1724 447 1928 494 vastare
1979 441 2054 496 di-

82 540 203 579 cere
239 529 417 594 posset
456 524 635 584 πόλεις
672 521 798 583 ὅλας
838 522 1104 590 διοικίζειν.

156 611 281 666 Post
318 609 450 665 haec
490 611 671 665 omnia
709 611 843 665 satis
876 615 958 664 est
995 609 1164 680 digito
1197 618 1498 667 monstrare
1537 611 1713 668 locum
1763 614 2060 671 Pausaniae

81 699 137 753 in
186 698 431 753 Phocicis
465 698 528 752 X.
572 702 623 752 5.
677 704 707 771 §
748 702 799 752 2.
854 696 1272 766 κατεσκάφησαν
1327 699 1404 773 (αἱ
1451 706 1551 755 τῶν
1596 703 1806 783 &agatem
1859 703 2057 778 πόλεις)

79 787 167 842 καὶ
211 787 263 847 ἐς
302 785 482 852 κώμας
515 787 652 849 πλὴν
684 787 868 852 ’Ἄβας
905 786 1190 854 ᾠκίσθησαν
1242 789 1298 841 αἱ
1348 786 1533 843 ἄλλαι.
1613 790 1745 858 Quis
1804 808 1909 846 non
1955 799 2062 847 sla·

82 876 180 930 tim
221 874 367 930 videt
404 872 750 929 scribendum
789 889 907 928 esse
944 875 1082 936 πλὴν
1107 876 1284 941 ’Άβαι
1323 876 1652 944 διῳκίσθησαν
1686 882 1743 934 αἱ
1781 879 1965 935 ἄλλαι.

178 962 355 1031 Quum
412 963 725 1034 saepissime
763 962 817 1015 in
875 961 1028 1016 libris
1083 963 1282 1025 οἰκῆσαι
1335 980 1431 1034 pro
1468 966 1654 1019 οἰκίσαι
1707 966 1950 1038 legatur,
2004 977 2062 1024 et

82 1053 365 1116 διοικῆσαι,
405 1058 699 1114 συνοικῆσαι
729 1058 1046 1122 caeteraque
1079 1051 1371 1122 composita
1406 1068 1503 1123 pro
1542 1053 1776 1109 διοικίσαι
1799 1098 1812 1119 ,
1852 1060 2063 1113 συνοικί·

79 1161 169 1195 σαι
210 1147 312 1194 cet.
354 1155 524 1193 unum
566 1146 780 1194 tantum
821 1140 1000 1194 notavi
1037 1139 1214 1194 locum
1262 1138 1352 1193 ubi
1387 1147 1574 1195 contra
1617 1151 1898 1213 peccatum
1951 1153 2062 1210 est,

77 1227 171 1284 sed
223 1227 536 1283 Editoribus
590 1226 725 1281 nihil
784 1226 1057 1291 suboluit‚
1118 1229 1173 1281 in
1234 1227 1510 1294 Plutarchi
1569 1229 1744 1285 libello
1801 1232 1913 1301 περὶ
1971 1239 2060 1288 τοῦ

73 1316 259 1373 ἑαυτὸν
290 1317 517 1370 ἐπαινεῖν
561 1314 912 1384 ἀνεπιφθόνως
953 1332 1072 1387 pag.
1110 1319 1220 1371 540
1259 1316 1321 1370 Ε.
1362 1318 1757 1385 ἐγκαλουμένων
1803 1326 1900 1374 τῶν
1937 1343 2061 1390 ςρα-

73 1411 248 1471 πηγῶν
301 1403 572 1478 (Pelopida
626 1411 681 1459 et
724 1403 1116 1477 Epaminonda)
1158 1403 1235 1459 ὅτι
1274 1434 1351 1446 -—
1385 1407 1458 1467 εἰς
1493 1408 1586 1469 τὴν
1619 1412 1922 1472 Λακωνικὴν
1960 1411 2062 1465 ἐνέ-

72 1494 243 1560 βαλον
281 1492 370 1546 καὶ
411 1492 483 1546 τὰ
521 1492 635 1560 περὶ
671 1492 948 1555 Μεσσήνην
979 1491 1214 1560 διῴκισαν
1238 1535 1251 1556 ,
1293 1492 1449 1548 viden
1499 1494 1727 1552 ridicule
1761 1499 1841 1552 sic
1894 1499 2060 1553 scribi

75 1598 172 1655 pro
224 1580 517 1651 διῴκησανῖ
600 1579 864 1635 Similiter
915 1579 1128 1635 locutus
1167 1588 1250 1636 est
1286 1581 1550 1639 Isocrates
1589 1584 1652 1639 V.
1693 1590 1722 1658 §
1759 1590 1846 1641 74.
1887 1585 1952 1641 ἂν
1989 1589 2059 1641 τὰ

70 1671 185 1738 περὶ
226 1669 435 1732 Φωκέας
471 1670 720 1738 διοικήσῃς
741 1709 757 1733 ,
795 1676 850 1723 et
882 1683 1040 1740 saepe
1072 1668 1182 1723 alii.

840 1844 1108 1899 CAPUT
1179 1843 1268 1899 lv.

145 2022 607 2093 Quemadmodum
648 2021 855 2093 reliqua
886 2022 1066 2076 omnia
1105 2020 1431 2078 Graecorum
1482 2026 1683 2098 scripta
1723 2027 2062 2085 emblematis

69 2121 125 2170 et
162 2113 544 2169 additamentis
577 2127 735 2165 omne
764 2126 935 2181 genus
966 2109 1328 2182 deturpantur
1349 2155 1364 2177 ,
1405 2114 1483 2168 sic
1506 2115 1819 2186 saepissime
1851 2115 2058 2173 sactum

68 2209 182 2267 eet,
222 2209 283 2256 ut
324 2202 379 2255 in
421 2201 772 2271 Tragicorum
804 2199 1047 2253 carmina
1081 2215 1271 2254 versus
1312 2203 1483 2274 spurii
1526 2205 1857 2275 irreperent,
1902 2207 2059 2261 cuius

66 2288 307 2354 fraudis,
350 2305 489 2361 quae
528 2295 779 2360 pervetus
817 2294 935 2352 est,
976 2287 1178 2343 multae
1218 2295 1271 2343 et
1307 2289 1550 2346 diversae
1583 2308 1778 2348 causae
1818 2292 2056 2350 suerunt.

69 2379 214 2435 Satis
266 2384 480 2433 constat
528 2393 594 2432 ex
632 2384 874 2432 veterum
937 2375 1262 2432 Criticorum
1317 2381 1721 2435 commentariis
1779 2381 1922 2454 ipsos
1982 2383 2060 2438 hi·

17 2479 22 2486 '
67 2469 300 2523 stt-iones
334 2467 401 2522 de
439 2482 537 2520 suo
577 2464 831 2519 nonnulla
869 2467 1003 2520 satis
1035 2473 1236 2521 temere
1275 2473 1328 2521 et
1379 2468 1722 2539 impudenter
1755 2471 2056 2529 addidisse:

0 2547 2 2603 Ϊ
73 2554 269 2611 deinde
307 2554 495 2619 scioli,
555 2562 616 2609 ut
653 2553 862 2618 solent,
911 2561 964 2609 et
1004 2555 1251 2625 magistri
1292 2563 1345 2611 et
1394 2555 1621 2612 lectores
1670 2560 1948 2633 complura
2002 2564 2058 2618 in

0 2660 26 2676 '·
66 2643 327 2700 librorum
381 2641 714 2713 marginibus
757 2642 1163 2715 adscripserunt
1200 2651 1295 2699 aut
1352 2644 1418 2700 ab
1463 2645 1585 2700 aliis
1624 2650 1796 2719 poetis
1848 2659 1943 2706 aut
1990 2651 2057 2707 ab

28 2736 29 2740 ’
64 2731 248 2790 codem
290 2731 418 2787 alibi
463 2729 715 2786 similiter
753 2730 898 2785 dicta
921 2774 935 2795 ‚
975 2738 1068 2786 aut
1108 2731 1371 2804 quidquid
1424 2735 1556 2806 ipsis
1590 2735 1734 2790 inter
1769 2737 2056 2810 legendum

66 2827 284 2877 venerat
332 2821 386 2874 in
428 2826 661 2873 mentem
689 2860 703 2884 ,
746 2818 903 2873 modo
934 2818 1358 2886 admirantibuS,
1399 2821 1555 2878 modo
1595 2825 2056 2896 improbantibus,

66 2907 224 2965 modo
273 2907 699 2981 explicantibus:
753 2923 890 2978 quae
931 2925 1182 2981 magnam
1221 2918 1429 2983 partem
1467 2913 1593 2984 quia
1634 2912 1767 2968 nihil
1809 2925 1890 2971 est
1931 2916 2057 2972 saei-

64 2994 172 3052 lius
211 3013 373 3069 quam
411 2996 652 3051 senarios
690 2993 912 3051 sundere
948 2996 1037 3071 (iis
1078 2999 1266 3070 utique
1305 3001 1397 3071 qui
1439 3001 1710 3072 ingentem
1753 3004 2054 3062 iamborum

66 3099 352 3141 numerum
396 3084 663 3157 legerunt)
720 3092 908 3156 sponte
949 3086 1002 3139 in
1047 3102 1300 3142 numeros
1341 3089 1597 3145 iambicos
1630 3098 1866 3156 coeunt,
1928 3110 2056 3148 non-

68 3188 364 3246 numquam
405 3191 508 3228 non
558 3171 764 3235 maloe,
818 3189 974 3245 saepe
1027 3181 1206 3230 tamen
1242 3176 1481 3233 elumbes
1529 3187 1583 3234 et
1639 3196 1742 3233 non
1799 3182 2052 3253 antiquae

66 3261 218 3316 artiS.
296 3262 495 3318 Eadem
550 3260 807 3316 facilitate
847 3260 987 3317 leves
1027 3270 1080 3318 et
1122 3263 1320 3320 indocti
1362 3275 1691 3322 correctores
1730 3268 1870 3322 locos
1917 3269 2055 3324 male

69 3347 279 3405 habitos
313 3359 365 3407 et
402 3351 611 3406 lacunis
650 3350 895 3414 bianteS,
937 3358 989 3406 et
1029 3353 1074 3406 si
1120 3352 1250 3424 quid
1300 3355 1576 3410 commode
1624 3356 1729 3427 legi
1765 3363 1859 3410 aut
1900 3356 2055 3411 intel-

67 3435 160 3508 ligi
202 3453 304 3493 non
348 3445 557 3511 posset,
598 3437 980 3511 suppleverunt
1018 3439 1224 3496 scilieet
1262 3452 1317 3497 et
1368 3443 1590 3498 arbitrio
1630 3461 1726 3499 suo
1765 3445 2051 3499 constitue-

66 3532 238 3587 runt.
301 3526 353 3580 iu
409 3543 511 3598 qua
570 3543 628 3581 re
683 3526 999 3598 plerumque
1051 3529 1103 3584 in
1155 3530 1386 3603 aliquem
1440 3540 1648 3605 turpem
1706 3548 1940 3586 errorem
1998 3551 2054 3588 se

69 3612 388 3686 implicant,
453 3613 591 3669 uude
648 3614 792 3670 fraus
851 3617 1114 3689 arguitur.
1212 3619 1448 3685 Deinde,
1505 3623 1583 3675 uti
1642 3621 1734 3684 lit,
1790 3637 1852 3675 ex
1906 3620 2053 3678 libris
