2436 4068
1285 257 1385 305 114

355 402 633 475 graphium
671 417 785 456 esse
825 405 1077 472 putantes
1113 400 1165 450 in
1208 398 1507 451 ἐπαίδευσεν
1548 404 1601 452 et
1634 398 1944 452 ἐπαίδευσαν
1980 405 2089 452 tres
2127 398 2337 453 litteras

356 491 512 565 plane
551 489 880 544 necessarias
919 485 1256 540 sustulerunt
1289 491 1342 539 et
1373 484 1566 539 Suidas
1594 485 1730 556 ipse,
1771 486 1865 555 qui
1892 486 2007 540 sine
2036 487 2342 557 suspicione

359 579 541 634 docuit
575 578 858 642 ἀμύναιντο
889 574 996 628 dici
1029 589 1126 644 pro
1152 572 1404 638 ἆμύναιεν
1436 573 1785 647 (quamquam
1817 571 1916 626 hoc
1949 572 2340 644 perabsurdum

356 676 475 722 esse
511 672 657 736 patet
690 661 956 734 omnibus)
976 703 990 724 ‚
1031 677 1137 714 non
1170 659 1329 714 hahet
1362 659 1455 714 ubi
1487 661 1743 715 stolidum
1769 666 1829 715 et
1863 659 2140 715 indoctum
2181 666 2343 732 caput

360 752 666 809 abscondat.
747 749 1039 804 Aeschines
1090 765 1186 820 pro
1235 748 1354 802 uti-li
1397 765 1586 820 opera,
1627 765 1790 820 quam
1840 748 1994 802 nobis
2045 749 2344 819 praestitit,

363 841 462 894 hoc
516 838 742 910 praemii
791 837 954 901 serat,
996 843 1057 890 ut
1098 837 1146 890 ei
1183 837 1343 904 μέχρι
1382 837 1476 902 μὲν
1521 837 1652 903 ἥβης
1689 837 1713 890 ὂ
1748 839 1905 902 δῆμος
1946 835 2123 903 ἔθρεψε
2156 834 2345 889 redda-

361 936 455 980 tur
493 943 585 997 pro
624 926 828 995 ἔτρεφε.
909 925 1148 995 Denique
1186 931 1442 982 accentus
1479 925 1704 979 vitiosus
1743 925 1799 978 in
1836 921 1921 978 ἵνα
1957 921 2009 978 οἵ
2037 943 2165 978 ποτε
2207 923 2261 976 in
2302 918 2351 976 οἷ

361 1035 487 1068 ποτε
521 1020 671 1067 certa
702 1012 766 1067 de
798 1029 962 1070 causa
994 1012 1327 1082 corrigatur,
1369 1019 1429 1065 ut
1463 1019 1608 1067 recte
1641 1011 1783 1083 apud
1816 1011 2109 1065 Homerum
2145 1010 2346 1081 legitur

362 1101 512 1155 Iliad.
556 1102 614 1155 E.
657 1104 784 1157 800.

668 1187 699 1251 ἧ
739 1188 911 1253 ὀλίγον
946 1184 997 1241 οἷ
1031 1187 1200 1242 παῖδα
1240 1187 1442 1241 ἐοικότα
1481 1187 1693 1252 γείνατο
1733 1186 1952 1247 Τυδεύς.

363 1277 504 1348 quod
546 1275 798 1330 Herodoti
839 1291 1000 1329 causa
1039 1274 1323 1338 admoneO,
1364 1274 1456 1327 uhi
1488 1271 1538 1328 οἷ
1571 1273 1704 1328 illud
1751 1271 2068 1327 reflexivum
2114 1272 2349 1327 librariis

363 1364 518 1435 plane
555 1364 890 1434 incognitum
931 1361 1292 1417 foedissimam
1333 1361 1693 1433 corruptelam
1734 1362 1965 1432 peperit,
2002 1360 2349 1431 quamobrem

364 1467 522 1506 nemo
559 1450 627 1504 ad
659 1450 802 1504 hunc
841 1451 983 1505 diem
1020 1450 1152 1522 quid
1189 1449 1408 1504 tandem
1450 1448 1740 1503 historicus
1780 1448 1978 1502 dixerit
2019 1448 2141 1502 ullis
2178 1448 2350 1502 modis

361 1540 598 1611 potuerit
647 1539 968 1609 excogitare.
1052 1537 1156 1592 Sed
1200 1545 1489 1609 antequam
1545 1536 1689 1590 hunc
1741 1536 1918 1590 locum
1959 1535 2225 1607 proferam
2269 1553 2349 1590 os-

359 1626 578 1680 tendam
632 1628 784 1697 prius
822 1626 878 1679 in
915 1632 1115 1697 quanto
1154 1625 1391 1697 periculo
1431 1640 1722 1696 pronomen
1764 1622 1816 1679 οἷ
1851 1623 2066 1677 inscitia
2120 1624 2349 1678 Graecu-

360 1714 536 1767 lorum
579 1721 780 1769 temere
818 1714 1206 1784 corrigentium
1258 1712 1522 1784 quidquid
1563 1713 1631 1766 iis
1670 1729 1776 1766 non
1814 1718 1955 1767 esset
1993 1712 2125 1767 satis
2161 1718 2349 1766 notum

362 1802 529 1856 soleat
566 1803 619 1854 iu
653 1801 806 1855 libris
846 1802 1067 1856 versari.
1145 1801 1206 1856 In
1253 1801 1490 1855 Platonis
1538 1799 1819 1873 Symposio
1855 1817 1905 1870 p.
1953 1803 2074 1854 174.
2116 1799 2177 1853 E.
2219 1800 2349 1854 scri-

355 1890 457 1944 bae
497 1890 762 1944 dederunt
796 1890 903 1943 τὸν
938 1890 1033 1955 μὲν
1067 1889 1173 1956 γὰρ
1202 1891 1346 1950 εὐθὺς
1380 1888 1552 1943 παῖδα
1585 1908 1702 1942 τινα
1738 1886 1925 1941 ἔνδοθεν
1964 1889 2349 1952 ἀπαντήσαντα

360 1977 538 2042 etym:
581 1994 760 2031 voram
798 1977 1122 2048 scripturam
1147 1977 1355 2048 primus
1383 1977 1626 2029 omnium
1648 1976 1918 2029 Porsonus
1954 1975 2041 2050 (ad
2062 1975 2192 2030 Eur.
2214 1975 2349 2031 Med.

363 2066 492 2138 754)
545 2067 688 2120 eruit
738 2082 802 2120 ex
855 2065 1042 2119 Photio
1078 2083 1125 2118 V.
1168 2062 1231 2119 οἶ
1264 2063 1658 2132 περισπωμένως
1705 2063 1821 2117 ἀντὶ
1870 2067 1959 2118 τοῦ
2008 2065 2199 2131 ἐαυτῷ,
2239 2064 2349 2127 ὀξυ·

359 2153 515 2213 τόνως
558 2155 609 2207 δὲ
644 2156 703 2207 τὸ
737 2151 890 2207 οὗτοι.
954 2154 1263 2222 Συμποσίῳ’
1305 2150 1366 2207 οἷ
1398 2153 1512 2218 μὲν
1552 2151 1684 2219 γὰρ
1724 2153 1908 2213 εὐθὺς
1952 2151 2153 2206 waraei
2193 2172 2348 2206 τινα

359 2246 475 2294 τῶν
513 2239 761 2294 ἔνδοθεν
793 2243 1300 2304 ἀπαντήσαντα.
1381 2237 1674 2309 Descripsit
1714 2238 1846 2292 haec
1887 2238 2111 2293 Photius
2151 2255 2216 2293 ex
2257 2255 2349 2293 an·

360 2322 530 2398 tiq'uis
563 2329 618 2381 in
661 2327 934 2382 Platonem
988 2327 1245 2392 Scholiis,
1285 2326 1464 2399 qualia
1517 2325 1785 2398 permulta
1838 2331 1891 2379 et
1943 2327 2158 2396 egregia
2208 2326 2350 2398 apud

361 2432 486 2470 eum
523 2422 732 2470 exstare
770 2415 898 2470 alibi
932 2417 1040 2471 iam
1078 2415 1331 2470 diximus,
1413 2415 1602 2468 Postea
1641 2413 1826 2468 eadem
1867 2414 2138 2484 scriptura
2171 2414 2225 2467 in
2262 2431 2351 2486 op·

363 2504 514 2556 timis
566 2503 718 2557 libris
769 2511 982 2575 reperta
1027 2510 1138 2566 est,
1184 2503 1288 2556 nisi
1334 2501 1475 2574 quod
1524 2500 1694 2555 παῖδα
1739 2521 1856 2555 τινα
1911 2499 2096 2555 ἔνδοθεν
2137 2508 2352 2556 servant

360 2606 576 2650 omnes,
619 2608 786 2661 quum
823 2593 996 2663 potior
1034 2593 1104 2646 sit
1142 2589 1469 2645 Scholiastae
1515 2588 1673 2644 lectio
1720 2588 1890 2644 παῖδα
1928 2609 2045 2643 τινα
2087 2594 2183 2642 τῶν
2224 2588 2351 2644 ἔνδο-

365 2680 462 2731 θεν.
526 2679 649 2732 Post
683 2695 853 2750 pauca
890 2679 1029 2751 apud
1066 2678 1338 2732 Platonem
1378 2679 1430 2731 in
1472 2677 1655 2732 eadem
1690 2693 1748 2731 re
1783 2677 1996 2748 turpius
2036 2677 2200 2731 etiam
2237 2693 2354 2747 pcc·

367 2772 550 2818 catum
595 2773 675 2818 est
715 2767 768 2819 in
820 2767 972 2824 libris
1019 2766 1298 2830 omnibuS,
1351 2766 1569 2837 optimis
1622 2764 1868 2837 pessimis
1906 2781 1958 2836 p.
2001 2768 2125 2819 175.
2167 2766 2226 2818 A.
2264 2766 2350 2820 καὶ

365 2854 460 2918 ἐμὲ
502 2852 601 2921 ἔφη
639 2855 894 2922 ἀπονίζειν
933 2855 1019 2908 τὸν
1060 2856 1255 2919 παῖδα,
1297 2853 1388 2908 ubi
1429 2854 1642 2908 Bastius
1677 2869 1791 2906 rem
1831 2867 1932 2905 acu
1971 2852 2151 2922 tetigit
2191 2854 2354 2906 corri-

370 2960 502 3014 gens
542 2943 626 2996 καὶ
671 2942 820 3009 ἓμὲν
861 2945 981 3014 ἔφη.
1045 2945 1276 3015 Vulgata
1317 2951 1441 2998 nata
1478 2951 1559 2999 est
1599 2962 1663 3000 ex
1702 2930 1997 2999 ΚΑΙΕΜΞ.
2056 2944 2115 2998 In
2156 2943 2355 3017 Lyncei

370 3029 670 3100 fragmento
710 3032 849 3102 apud
890 3033 1082 3086 Athen.
1124 3032 1215 3088 IV.
1260 3037 1382 3086 151.
1420 3032 1479 3086 F.
1522 3034 1575 3086 in
1616 3031 1804 3086 Codice
1838 3037 1941 3086 est:

1082 3120 1335 3187 παρέθηκε
1369 3120 1566 3174 πίνακα
1601 3120 1707 3187 γαρ
1745 3119 1920 3185 μέγαν

713 3206 905 3274 ἔχοντα
946 3209 1153 3275 μικροὺς
1189 3209 1343 3261 πέντε
1382 3209 1713 3268 πινακίσκους
1754 3209 1806 3260 ἐν
1845 3205 1929 3270 ὧι,

370 3294 459 3347 cui
493 3292 798 3347 Dindorlius
831 3295 1030 3364 optime
1067 3297 1118 3348 ε’ν
1151 3293 1200 3348 οἷ
1228 3295 1478 3349 reddidit.
1540 3294 1776 3349 Habebat
1810 3293 1934 3346 olim
1971 3290 2052 3356 οὗ,
2091 3289 2160 3353 οἷ,
2205 3289 2230 3345 ἕ
2264 3309 2357 3346 no-

370 3381 722 3445 minativum,
775 3397 880 3451 quo
933 3382 1154 3436 Veteres
1199 3383 1492 3437 utebantur
1551 3382 1736 3436 eodem
1786 3380 1966 3443 mod0‚
2021 3396 2126 3450 quo
2179 3386 2352 3449 σφεῖς.

371 3467 599 3521 Unicum
641 3468 942 3539 exemplum
978 3476 1222 3540 superest
1263 3488 1293 3523 a
1326 3458 1533 3523 duobus
1573 3469 1745 3523 doctis
1778 3474 1831 3522 et
1865 3468 2104 3538 antiquis
2140 3468 2353 3523 Criticis

369 3563 641 3610 servatum
676 3573 740 3610 ex
777 3555 1052 3628 Sophoclis
1087 3558 1350 3625 Οἰνομάῳ,
1388 3557 1480 3611 sed
1516 3556 1657 3628 apud
1697 3562 1990 3627 utrumque
2029 3555 2189 3610 verba
2229 3556 2354 3609 Poe-

370 3649 454 3696 tae
494 3643 780 3716 depravata
815 3653 956 3700 sunt.
1038 3645 1348 3717 Apollonius
1381 3645 1642 3721 Dyscolus
1675 3645 1785 3713 περὶ
1829 3645 2152 3712 αντωνυμίας
2197 3661 2243 3715 p.
2286 3648 2355 3698 70
