2436 4068
1331 226 1437 278 410

393 391 507 428 esse
547 372 794 427 arbitror.
875 369 1062 424 Infelix
1098 367 1385 422 admodum
1423 376 1503 422 est
1541 369 1592 422 iu
1635 369 1785 426 libris
1826 371 1993 427 forma
2035 372 2211 426 Attica
2252 375 2358 427 ἐπι·

393 462 582 527 θόμην,
627 460 891 520 πιθέσθαι,
931 456 1227 521 πιθόμενος,
1270 455 1334 508 ad
1376 473 1536 526 quam
1590 457 1952 528 expellendam
2003 459 2210 513 librarii
2250 476 2358 515 om-

391 567 486 604 nes
528 548 690 602 veluti
739 546 1110 599 coniurarunt.
1189 542 1333 597 Nihil
1375 543 1709 615 frequentius
1748 552 1829 599 est
1860 563 2018 617 quam
2061 554 2120 600 ut
2171 548 2360 601 ἐπειθό-

390 658 492 702 μην
529 634 798 689 scribatur
834 632 922 686 ubi
964 632 1195 686 aoristus
1229 632 1546 702 requiritur.
1626 632 2002 704 Exemplorum
2046 634 2201 705 plena
2238 641 2364 689 sunt

389 723 567 777 omnia
607 728 658 775 et
698 737 1003 791 expromam
1065 719 1368 790 complura,
1425 720 1470 772 si
1527 720 1737 789 quando
1778 720 1911 774 mihi
1948 721 2002 774 in
2051 719 2364 776 Oratoribus

391 810 585 865 Atticis
626 807 973 862 emendandis
1025 823 1238 878 operam
1277 806 1532 860 collocare
1573 824 1666 878 per
1720 810 1887 863 otium
1935 808 2134 862 licebit.
2213 810 2365 865 Nunc

394 914 561 951 unum
615 895 836 950 afferam
882 895 1132 965 quoniam
1185 894 1250 948 ob
1299 893 1479 948 oculos
1524 902 1632 949 est:
1684 914 1873 968 nempe
1920 897 1974 949 in
2027 900 2174 967 §16.
2230 897 2369 951 male

390 986 620 1056 legitur:
663 985 978 1043 ἀκούσαντες
1019 987 1194 1036 ταῦτα
1245 983 1586 1036 ἐπείθοντο
1626 984 1713 1036 καὶ
1764 984 2040 1049 διέβησαν,
2083 983 2366 1038 dubitasne

392 1089 604 1126 mecum
646 1073 870 1127 ἐπίθοντο
910 1070 1218 1141 corrigere?

466 1161 676 1215 Puerile
715 1167 798 1214 est
837 1176 934 1215 nec
975 1159 1107 1212 bene
1157 1158 1354 1212 Graece
1407 1157 1612 1213 dictum
1650 1158 1688 1212 Ι.
1732 1176 1800 1212 1v.
1849 1165 1930 1214 17.
1988 1159 2074 1214 καὶ
2125 1166 2221 1214 τῶν
2259 1163 2366 1216 δια-

301 1286 304 1289 «
387 1249 666 1316 βαινόντων
705 1251 789 1302 τὸν
829 1248 1063 1312 ποταμὸν
1103 1246 1262 1306 οὐδεὶς
1303 1245 1526 1313 ἐβρέχθη
1586 1247 1813 1314 ἀνωτέρω
1867 1249 1963 1301 τῶν
2022 1254 2200 1313 μαςῶν
2248 1250 2365 1322 [ὑπὸ

392 1342 481 1392 τοῦ
522 1338 801 1406 ποταμοῦ]
882 1336 941 1388 In
976 1351 1033 1388 ea
1087 1350 1144 1387 re
1185 1335 1315 1388 satis
1351 1341 1432 1388 est
1482 1334 1766 1403 βρέχεσθαι
1819 1334 1997 1389 dicere
2047 1352 2218 1405 neque
2270 1339 2364 1391 ὑπὸ

394 1429 483 1479 τοῦ
530 1429 769 1490 ποταμοῦ
830 1423 944 1496 (aut
983 1423 1185 1476 rectius
1243 1424 1311 1490 τῷ
1365 1425 1605 1495 ποταμῷ)
1667 1423 1789 1477 addi
1847 1425 2056 1495 potuit,
2114 1425 2367 1494 quoniam

392 1512 537 1567 nulla
579 1512 680 1565 alia
728 1527 784 1565 re
825 1510 901 1563 illi
940 1516 1056 1563 tum
1093 1516 1338 1580 poterant
1377 1510 1676 1578 βρέχεσθαι.

468 1601 656 1654 Nescio
706 1597 1051 1670 quamobrem
1095 1598 1134 1651 1.
1177 1615 1224 1652 v.
1271 1602 1319 1652 2.
1375 1598 1672 1653 discessum
1727 1599 1798 1655 sit
1850 1615 1879 1652 a
1929 1601 2196 1671 scriptura
2251 1619 2364 1667 προ-

389 1688 667 1756 δραμόντες
702 1685 765 1740 ἂν
805 1684 1035 1750 ἕςασαν,
1075 1702 1234 1756 quam
1272 1686 1471 1756 optime
1513 1687 1779 1742 Porsonus
1820 1688 2186 1742 constituerat.
2246 1688 2365 1742 Per-

390 1776 636 1831 lubenter
687 1773 978 1844 Xenophon
1022 1772 1207 1827 vocula
1261 1772 1325 1827 ἄν
1366 1773 1455 1826 tali
1499 1791 1659 1829 sensu
1711 1775 1917 1838 utitur,
1971 1791 2130 1845 quam
2172 1792 2236 1828 ex
2289 1776 2365 1829 rei

389 1872 585 1919 natura
644 1878 768 1916 cum
830 1859 1157 1933 imperfectis
1217 1861 1494 1931 coniungit
1559 1879 1659 1916 non
1714 1878 1835 1915 cum
1896 1862 2143 1927 aoristiS‚
2202 1880 2367 1933 quare
2434 1856 2436 1858 ’

391 1953 454 2007 II.
498 1970 572 2006 111.
619 1956 704 2004 11.
762 1950 1099 2021 probaverim
1139 1948 1186 2002 εἴ
1237 1970 1313 2009 τις
1367 1951 1507 2017 αὐτῷ
1556 1951 1715 2012 δοκοίη
1755 1949 2035 2015 βλακεύειν
2087 1951 2367 2016 ἐκλεγόμε-

391 2063 467 2103 νος
527 2042 611 2094 τὸν
669 2040 947 2102 ἐπιτήδειον
1004 2037 1240 2092 ἔπαιεν
1291 2035 1383 2099 ἄν,
1445 2055 1550 2092 non
1603 2038 1831 2093 ἔπαισεν.
1911 2038 2229 2095 Rectissime
2270 2041 2366 2094 mi-

389 2130 446 2183 hi
518 2126 733 2199 quidem
809 2125 1021 2180 videtur
1079 2126 1388 2194 Kruegerus
1450 2127 1746 2181 correxisse
1801 2126 1891 2180 III.
1946 2144 2014 2180 ιν.
2070 2131 2156 2183 22.
2212 2127 2364 2182 ὁπότε
2434 2147 2436 2150 ⁴

391 2219 444 2272 δὲ
479 2215 740 2282 διάσχοιεν
780 2216 834 2268 αἱ
876 2213 1093 2280 πλευραὶ
1135 2218 1223 2267 τοῦ
1271 2214 1514 2268 πλαισίου
1553 2215 1610 2269 τὸ
1650 2214 1804 2280 μέσον
1844 2213 1908 2268 ἂν
1959 2213 2366 2281 ἐξεπίμπλασαν

390 2323 486 2379 pro
547 2303 806 2357 librorum
880 2301 1105 2355 lectione
1165 2299 1655 2367 ἀνεξεπίμπλασαν.
1750 2301 1914 2355 Nemo
1971 2309 2150 2357 tamen
2220 2311 2368 2358 certa

390 2391 760 2449 emendatione
814 2390 1016 2453 utitur,
1070 2405 1394 2459 quamquam
1453 2388 1623 2443 forma
1663 2389 2092 2455 ἀνεκπιμπλάναι
2146 2407 2249 2444 non
2284 2398 2366 2445 est
2424 2420 2426 2422 v

393 2482 592 2537 Graeca
633 2489 685 2533 et
724 2477 912 2531 vocula
951 2476 1016 2530 ἄν
1055 2479 1131 2530 sic
1167 2475 1598 2546 frequentissime
1640 2477 1763 2533 addi
1804 2477 1966 2541 solet,
2021 2477 2112 2532 ubi
2150 2495 2365 2550 respon-

392 2571 514 2625 deat
564 2567 742 2621 verbis
795 2566 957 2626 εἴτις
1007 2572 1101 2619 aut
1142 2563 1327 2628 ὁπότε,
1369 2572 1427 2619 ut
1462 2565 1552 2620 IV.
1597 2583 1685 2620 v11.
1734 2569 1819 2621 16.
1874 2566 2248 2632 ἀποτέμνοντες
2301 2567 2365 2621 ἂν

304 2685 308 2686 ’
388 2659 487 2719 τας
528 2655 774 2724 κεφαλὰς
814 2653 1022 2721 ἔχοντες
1077 2653 1364 2720 ἐπορεύοντο
1406 2654 1491 2707 καὶ
1541 2652 1650 2721 ᾖδον
1689 2654 1776 2708 καὶ
1827 2654 2093 2722 ἐχόρευον,
2133 2656 2284 2710 ὁπότε
2318 2658 2362 2710 οἱ

390 2746 622 2811 πολέμιοι
674 2742 888 2811 ἕψεσθαι
941 2742 1125 2801 αὐτοὺς
1167 2740 1401 2806 ἔμελλον.
1481 2741 1735 2818 Feliciter
1779 2742 2082 2796 emendavit
2126 2742 2362 2798 Hirschi-

394 2835 515 2905 gius
552 2833 727 2885 locum
773 2829 1144 2900 Aristophanis
1176 2830 1231 2883 in
1272 2830 1406 2885 Pace
1447 2846 1522 2883 vs,
1556 2834 1643 2884 67.
1687 2830 1779 2886 ubi
1810 2830 2013 2885 editur:

841 2916 1042 2985 ἔφασκε
1082 2919 1185 2985 γὰρ
1227 2919 1346 2985 πρὸς
1387 2918 1540 2972 αὑτὸν
1581 2919 1778 2973 ἐνθαδί·

393 3007 482 3062 sed
524 3005 653 3059 vidit
693 3022 880 3059 verum
922 3022 1038 3059 esse
1087 3005 1289 3074 ἔφασκε
1329 3007 1434 3074 γὰρ
1488 3008 1606 3074 πρὸς
1665 3008 1820 3060 αὑτὸν
1878 3006 1952 3061 ὢν
2005 3007 2175 3061 ταδί.
2260 3007 2357 3061 Fa-

388 3094 588 3149 cillime
636 3101 815 3147 autem
870 3092 934 3146 ἑὲν
989 3110 1050 3146 60
1104 3110 1264 3147 sensu
1317 3093 1645 3165 imperfectis
1686 3095 1985 3164 appositum
2027 3093 2091 3146 ab
2134 3094 2361 3149 indoctis

384 3181 621 3236 librariis
672 3180 869 3250 negligi
910 3186 964 3234 et
1011 3182 1183 3250 perIre
1226 3188 1434 3252 potest,
1474 3198 1576 3234 non
1626 3180 1992 3251 intelligebant
2048 3183 2190 3236 enim
2232 3182 2360 3253 quid

389 3269 491 3324 sihi
526 3268 681 3323 vellet
722 3285 779 3322 ea
823 3267 1008 3322 vocula
1051 3267 1272 3339 ideoque
1313 3268 1644 3323 omittebant.
1725 3269 1782 3322 In
1833 3268 2204 3340 Aristophanis
2254 3270 2358 3324 Nu·
2434 3269 2436 3313 ἕ

388 3357 544 3411 bibus
581 3360 740 3411 1567.
782 3355 942 3408 Bekk.
999 3355 1168 3409 Codex
1227 3355 1504 3409 Ravennas
1561 3355 1774 3410 exhibet
1812 3354 2045 3425 ἐξέφερον
2086 3358 2173 3412 καὶ
2215 3361 2361 3426 πρού-

383 3445 590 3513 σχόμην
633 3465 690 3499 σε
746 3443 986 3512 iugulato
1028 3452 1199 3496 metro
1238 3459 1333 3513 pro
1387 3442 1619 3512 ἐξέφερον
1653 3445 1716 3498 ἀν
1770 3444 1855 3499 καὶ
1897 3446 2231 3514 προύσχόμην
2278 3467 2354 3500 σε.
2406 3483 2436 3508 ,μ

388 3534 465 3589 Ex
507 3535 622 3589 eius
659 3532 734 3588 rei
773 3531 1136 3587 observatione
1178 3529 1449 3586 emendari
1483 3533 1676 3602 poterit
1718 3540 1768 3587 ct
1810 3533 1946 3588 alius
1999 3534 2139 3605 apud
2191 3535 2357 3589 Comi·
2429 3534 2436 3580 l
