2436 4068
1307 220 1414 271 580

436 362 559 421 Post
610 385 775 438 pauca
822 367 961 437 apud
1005 363 1406 434 Xenophontem
1449 364 1679 434 legitur:
1722 367 2080 432 αἰσχυνόμενοι
2124 371 2165 421 εἰ
2209 388 2335 435 παρ-

356 455 495 516 όντες
536 457 691 520 μηδὲν
746 455 1175 522 ὠφελήσειαν
1222 453 1338 511 τοὺς
1399 451 1746 518 συμμάχους,
1803 470 1906 506 11οη
1962 457 2207 508 convenil.
2257 459 2331 510 rei

358 544 590 596 acu-istus
628 542 950 610 ὠφελήσειαν
992 548 1043 594 et
1086 540 1387 610 requiritur
1430 555 1577 592 more
1617 539 1816 593 Graeco
1854 541 2135 605 futurum,
2191 545 2332 614 quod

357 630 422 684 de
468 630 557 682 illo
599 629 959 683 necessarium
1003 635 1085 681 est
1126 644 1322 699 ponere
1365 628 1458 698 qui
1500 634 1656 697 turpe
1693 627 1821 698 quid
1862 631 2097 699 facturus
2134 630 2334 700 pudore

359 735 425 771 ne
466 717 516 770 id
564 716 724 770 saciat
780 716 1095 770 retineatur.
1177 715 1362 786 ltaque
1416 714 1760 769 scribendum
1810 723 1920 769 est:
1976 718 2334 784 αἰσχυνόμενοι

357 807 399 858 εἶ
444 805 599 869 μηδὲν
651 804 1071 871 ὠφελήσοιεν
1123 804 1240 863 τοὺς
1294 802 1634 869 συμμάχους.
1727 802 1905 858 Alexis
1965 804 2222 859 Athenaei
2279 824 2333 877 p.

357 898 458 946 241
506 893 562 945 B.

1261 981 1387 1032 ἀλλ’
1427 978 1753 1045 αἰσχύνομαι

734 1069 817 1123 τὸν
857 1069 1067 1135 Κόρυδον
1108 1070 1151 1121 εἰ
1191 1067 1314 1131 δόξω
1357 1070 1633 1134 συναριςοῖν
1672 1087 1803 1121 τισιν

733 1155 860 1211 οὕτω
901 1156 1196 1223 προχείρως.
1238 1157 1326 1209 οὐκ
1366 1158 1694 1222 ἀπαρνοῦμαι
1735 1156 1778 1209 δ’
1816 1153 1981 1221 ὅμως,

731 1245 842 1298 οὐδὲ
882 1245 986 1310 γὰρ
1027 1246 1210 1305 ἐκεῖνος
1252 1244 1316 1298 ἂν
1357 1251 1493 1312 καλῇ
1534 1265 1632 1304 τις.

433 1332 607 1387 Simili
647 1330 818 1384 modo
870 1330 1165 1402 loquuntur
1211 1349 1412 1386 omnes,
1492 1332 1679 1405 Lysias
1717 1332 1806 1386 111.
1850 1338 1903 1386 5.
1957 1334 2328 1400 αἰσχυνόμενος

353 1423 394 1475 εἶ
435 1421 673 1486 μέλλοιεν
723 1420 908 1473 πολλοί
958 1440 1041 1484 μοι
1083 1421 1416 1474 συνείσεσθαι.
1498 1421 1743 1474 Aoristus
1782 1427 1835 1474 et
1884 1420 2128 1475 futurum
2170 1423 2332 1492 aptis-

354 1510 489 1562 sime
537 1507 830 1578 composita
868 1514 996 1560 sunt
1035 1507 1175 1578 apud
1220 1506 1627 1561 Demosthenem
1668 1508 1827 1562 XXV.
1870 1512 1959 1562 63.
2015 1512 2104 1563 οὐκ
2143 1511 2330 1578 αἰσχύ-

355 1599 494 1650 νεσθε
547 1597 588 1649 εἰ
634 1597 679 1648 ὀἱ
729 1595 823 1659 μὲν
865 1626 938 1635 -—
980 1597 1361 1660 ἡγήσαντο,
1417 1597 1561 1659 ὑμεῖς
1615 1597 1668 1650 δὲ
1708 1628 1765 1635 -
1820 1597 1891 1656 εἷς
1947 1598 2086 1662 ὑμᾶς
2142 1598 2329 1657 αὐτοὺς

353 1682 793 1749 καταμίξετε.
873 1681 1072 1735 Eadem
1131 1684 1268 1736 ratio
1320 1684 1372 1736 in
1414 1683 1600 1736 multis
1657 1681 1777 1737 aliis
1830 1683 2006 1738 verbis
2052 1686 2330 1749 cernitur,

353 1789 513 1843 quam
575 1769 763 1824 Graeci
821 1787 886 1822 ex
949 1771 1061 1841 ipsa
1122 1772 1200 1825 rei
1258 1779 1449 1825 natura
1511 1771 1944 1826 constantissime
2007 1781 2326 1843 sequuntur.

353 1861 530 1914 Pauca
567 1857 805 1929 exempla
851 1858 1159 1929 apposuisse
1201 1860 1304 1912 erit
1345 1860 1495 1913 satis.
1576 1858 1865 1930 Xenophon
1906 1858 2106 1913 Hellen.
2144 1860 2210 1913 ΙΙ.
2254 1879 2328 1915 ιιι.

354 1953 448 2003 55.
492 1945 736 2013 θαυμάζω
773 1947 816 1999 εἰ
850 1949 923 2012 μή
964 1948 1340 2013 βοηθήσετε,
1382 1955 1435 2001 et
1467 1947 1533 2001 II.
1574 1964 1644 2002 lv.
1689 1950 1776 2001 29.
1820 1949 2078 2016 φθονήσας
2118 1949 2328 2003 Λυσοὶν-

353 2040 443 2105 δρῳ
483 2037 525 2090 εἶ
567 2035 994 2100 εὐδοκιμήσοι.
1077 2033 1366 2088 Aeschines
1403 2035 1458 2088 in
1492 2034 1725 2107 Ctesiph.
1770 2037 1802 2104 ξ
1835 2040 1962 2091 147.
2006 2038 2331 2102 Δημοσθένης

351 2129 439 2180 οὐκ
493 2126 690 2193 ἀγαπᾷ
731 2124 773 2176 εἰ
826 2125 898 2188 μὴ
936 2123 1075 2183 δίκην
1119 2123 1358 2187 δέδωκεν,
1397 2125 1523 2177 ἀλλ’
1564 2124 1605 2176 εἰ
1655 2125 1731 2188 μὴ
1776 2124 1863 2177 καὶ
1899 2126 2073 2192 χρυσῷ
2117 2124 2326 2194 ςεφοὶνῳ

352 2213 910 2282 ςεφανωθήσεται
971 2212 1285 2275 ἀγανακτεῖ.
1380 2211 1528 2264 Plato
1580 2210 1644 2265 de
1702 2211 1830 2282 Rep.
1878 2211 1939 2265 V.
2001 2230 2051 2284 p.
2101 2217 2208 2268 450
2264 2217 2327 2268 A.

353 2303 574 2366 ἀγαπῶν
609 2298 657 2352 εἴ
691 2319 769 2360 τις
815 2298 999 2352 εὀίσοι
1048 2297 1245 2352 πάντα.
1326 2298 1524 2353 Eadem
1561 2299 1963 2370 compositionis
2003 2299 2173 2354 forma
2213 2318 2327 2356 cre-

352 2389 448 2442 bro
485 2393 705 2459 apparet
741 2388 795 2440 in
841 2385 1017 2440 verbis
1053 2389 1319 2451 λυποῦμαι
1345 2430 1360 2449 ,
1404 2385 1671 2455 ἄχθομαι,
1713 2387 1849 2441 δεινοὶ
1886 2392 2165 2454 ποιοῦμαι,
2203 2391 2328 2443 ε’λεῶ

355 2484 408 2531 et
447 2476 700 2543 οἰκτείρω,
755 2473 981 2545 aliisque
1022 2473 1075 2527 id
1116 2491 1284 2544 genus
1312 2516 1324 2535 ‚
1388 2476 1432 2529 si
1475 2475 1528 2528 id
1571 2474 1710 2546 quod
1750 2474 1997 2529 futurum
2044 2494 2159 2531 esse
2209 2478 2330 2548 quis

354 2572 506 2638 putat
562 2565 610 2618 ei
653 2562 918 2625 dolorem,
975 2561 1432 2632 indignationem,
1485 2563 1909 2635 misericordiam
1961 2563 2162 2618 dicitur
2216 2582 2326 2619 mo-

354 2671 512 2716 vere,
571 2660 631 2705 ut
684 2652 738 2704 in
781 2649 948 2704 Anah.
983 2649 1022 2702 Ι.
1065 2668 1133 2703 1v.
1179 2655 1226 2704 7.
1268 2653 1311 2705 οἱ
1345 2652 1387 2704 δ’
1428 2650 1655 2719 ᾤκτειρον
1695 2652 1738 2705 εἰ
1764 2640 2102 2715 '‘datho-omo,
2157 2659 2210 2706 et
2253 2653 2330 2705 sic

355 2741 511 2796 multi
556 2744 750 2811 passim
791 2739 1102 2809 loquuntur.
1186 2738 1645 2805 Quemadmodum
1700 2739 1869 2809 igitur
1907 2738 2013 2792 illis
2050 2739 2180 2793 locis
2219 2756 2326 2792 om-

354 2828 512 2882 nibus
552 2828 911 2882 necessarium
951 2833 1031 2880 est
1072 2826 1355 2892 futurum,
1392 2827 1574 2881 eodem
1617 2826 1773 2881 modo
1809 2828 2012 2899 requiri
2055 2827 2106 2880 in
2149 2834 2329 2880 nostro

354 2917 467 2971 loco
505 2922 650 2986 patet
690 2915 1051 2982 αἰσχυνόμενοι
1089 2917 1131 2969 εἰ
1171 2916 1327 2981 μηδὲν
1369 2919 1801 2984 ὠφελήσοιεν.

431 3004 569 3058 Sunt
608 3003 825 3074 quidam
869 3004 921 3055 in
966 3003 1330 3074 Xenophontis
1379 3003 1666 3057 Hellenicis
1720 3003 1822 3056 loci
1874 3003 1928 3056 in
1970 3002 2164 3073 quibus
2204 3019 2328 3057 vera

357 3092 627 3162 scriptura
676 3089 904 3144 feliciter
945 3099 1025 3145 est
1080 3099 1325 3155 servata,
1367 3108 1503 3162 quae
1542 3094 1598 3143 in
1649 3107 1708 3144 re
1755 3090 1918 3143 simili
1965 3098 2059 3144 aut
2111 3106 2331 3161 prorsus

357 3179 541 3234 eadem
594 3176 737 3249 apud
789 3177 919 3231 alios
961 3180 1248 3250 scriptores
1297 3181 1502 3233 Atticos
1543 3178 1840 3231 scribarum
1892 3177 2216 3248 negligentia
2256 3178 2330 3231 vi·-

360 3269 491 3322 tiata
530 3272 626 3320 est.
707 3265 893 3336 Itaque
933 3267 976 3319 si
1025 3267 1146 3336 quis
1183 3266 1356 3320 locum
1400 3264 1679 3320 emendate
1733 3266 1995 3336 scriptum
2052 3265 2166 3319 loco
2213 3281 2328 3320 cor-

358 3362 516 3426 rupto
557 3352 860 3408 adhibuerit
902 3370 966 3407 ex
1007 3355 1291 3424 utriusque
1327 3353 1724 3424 comparatione
1759 3352 1811 3405 id
1852 3353 1991 3422 quod
2031 3355 2326 3423 genuinum

356 3450 411 3497 et
447 3459 634 3496 verum
674 3447 754 3495 est
793 3458 1049 3513 apparere
1090 3441 1335 3506 debebit,
1376 3441 1515 3511 quod
1564 3441 1735 3494 tribus
1769 3439 1898 3493 locis
1934 3441 2322 3496 demonstrabo.

357 3530 452 3584 Est
491 3530 630 3601 apud
674 3528 1040 3602 Thucydidem
1096 3529 1242 3583 locus
1282 3528 1341 3583 V.
1386 3533 1435 3581 2.
1516 3528 1686 3582 Κλέων
1737 3528 2043 3591 ἐξέπλευσεν
2083 3531 2153 3590 εἰς
2194 3528 2324 3582 τοὶπί

362 3620 564 3688 Θρᾴκης
619 3620 801 3686 χωρία.
849 3650 917 3686 7-
961 3619 1102 3686 σχὼν
1161 3619 1211 3673 δὲ
1263 3619 1313 3678 ἐς
1367 3619 1585 3680 Σκιώνην
1625 3650 1695 3659 —-
1737 3618 2091 3674 κατέπλευσεν
2144 3620 2193 3679 ἐς
2243 3617 2326 3669 τὸν
