2436 4068
1317 186 1422 236 798

393 339 546 389 caute
585 331 763 386 omnia
803 336 855 384 et
889 329 1278 398 circumspecte
1324 327 1579 397 agebant,
1622 346 1886 402 namque,
1929 338 1987 385 ut
2042 334 2363 391 suavissime

390 421 540 475 addit
599 418 921 489 Xenophon:
981 417 1002 468 ὁ
1056 415 1222 484 φόβος
1276 416 1428 475 δεινὸς
1483 416 1620 470 δοκεῖ
1653 418 1947 487 συμφύλαξ
1994 417 2156 484 εἶναι,
2216 423 2365 492 quod,

390 510 551 564 etiam
597 508 661 560 de
701 505 991 559 fortissimo
1031 520 1240 574 quoque
1282 519 1466 557 verum
1508 512 1604 557 est.

462 595 687 650 Difficile
730 599 811 647 est
853 609 955 645 non
994 591 1271 645 subridere
1311 591 1375 645 ad
1415 590 1552 646 hanc
1587 594 1929 665 scripturam,
1972 596 2085 650 Vll.
2134 600 2195 650 9:
2240 596 2356 662 ubi,

388 701 553 756 quun]
595 683 816 735 dixisset
856 679 1180 750 Xenophon:
1237 684 1447 744 φιλοῦσι
1489 681 1541 734 δέ
1581 702 1687 741 πως
1723 684 1765 735 οἱ
1824 690 2101 750 ςρατιῶται
2143 682 2238 752 ὅσῳ
2292 685 2354 740 ἂν

389 772 592 830 πλείους
633 767 720 822 ὦσι
761 769 981 835 τοσούτῳ
1021 767 1180 821 πλείω
1235 767 1580 834 άμαρτάνειν,
1637 768 1798 823 huius
1847 772 1927 825 rei
1968 771 2072 825 duo
2121 773 2360 844 exempla

385 859 534 930 ponit
575 857 737 911 llaec:
793 858 821 920 ἢ
862 857 966 924 γάρ
1007 856 1089 910 ἐπὶ
1139 856 1209 910 τοὶ
1259 857 1524 919 ἐπιτήδεια
1571 858 1950 929 ἐπιμελείᾳ
1995 860 2354 916 σκεδάννυνται

386 950 414 1011 ἢ
468 945 804 1014 πορευομένων
861 942 1059 1013 άταξία
1117 946 1159 998 οἱ
1214 945 1308 1009 μὲν
1363 945 1735 1012 προέρχονται,
1792 960 1835 1012 οἱ
1891 949 1934 1001 δ’
1994 949 2362 1005 ὑπολείπονται,

384 1037 539 1090 πλέον
581 1038 670 1088 τοῦ
708 1037 896 1100 καιροῦ.
978 1031 1108 1099 Quis
1147 1033 1288 1085 enim
1332 1032 1465 1086 vidit
1502 1049 1759 1103 umquam
1796 1035 2096 1100 ἐπιμέλειαν
2140 1038 2191 1089 in
2228 1037 2362 1092 vitio.

382 1123 549 1196 poni?
630 1121 790 1176 Plane
831 1121 1163 1174 contrarium
1206 1121 1532 1191 requiritur:
1585 1120 1669 1174 ἐπὶ
1711 1124 2024 1185 τάπιτήδεια
2074 1126 2361 1196 ἀμελείᾳ,

383 1211 783 1273 σκεδάννυνται,
826 1208 964 1280 quod
1001 1225 1031 1262 a
1067 1208 1301 1262 Brodaeo
1338 1208 1463 1262 olim
1511 1216 1779 1280 repertum
1822 1212 2002 1265 nescio
2051 1230 2155 1283 quo
2203 1221 2357 1285 pacto

382 1301 655 1371 spernitur
692 1298 756 1351 ab
804 1296 1069 1350 omnibuS.
1151 1296 1398 1362 Scribae,
1439 1298 1558 1362 ε’πί,
1601 1304 1660 1351 ut
1701 1297 1904 1363 solent,
1946 1299 2153 1355 ἔναυλον
2206 1301 2355 1370 ἔχον-

380 1409 466 1448 τες
521 1386 656 1440 male
701 1385 1048 1456 repetierunt.
1127 1386 1384 1455 Ἀμελεία
1435 1403 1530 1458 pro
1582 1388 1828 1452 άμελῶς,
1891 1394 1952 1441 ut
2006 1388 2204 1459 ἀταξία
2256 1407 2355 1462 pro
2402 1396 2436 1439 .“·

378 1476 655 1538 ἀτάκτως,
696 1474 894 1526 usitato
934 1488 1081 1526 more
1125 1472 1330 1527 dictum
1371 1482 1470 1530 est.
1766 1480 1769 1483 ’
2432 1546 2436 1551 .

468 1562 651 1617 Multis
706 1560 1112 1615 difficultatibus
1162 1561 1338 1616 adhuc
1404 1562 1694 1635 impeditus
1746 1562 1894 1617 locus
1944 1573 2042 1620 est.
2088 1566 2202 1622 VII.
2249 1571 2352 1622 14:

376 1653 534 1707 καλόν
566 1652 639 1707 ἐςι
677 1651 768 1703 σὺν
803 1651 892 1718 θεῷ
928 1649 1154 1704 λαθόντα
1189 1652 1351 1704 ἐλθεῖν
1390 1653 1460 1713 εἷς
1499 1655 1591 1714 τὴν
1625 1653 1881 1717 πολεμίαν
1921 1655 2360 1719 μεμεληκότα·
2408 1642 2410 1646 ⁸

376 1739 426 1795 οἵ
449 1763 509 1795 τε
556 1741 823 1806 ἑκαςαχοῦ
868 1737 953 1792 καὶ
1005 1743 1102 1791 ποῦ
1149 1746 1242 1801 τῆς
1287 1739 1461 1807 χώρας
1519 1740 1985 1808 προφυλάττουσιν.
2066 1743 2349 1814 Perperam

375 1820 560 1884 omnes
615 1845 710 1899 pro
751 1825 1006 1880 Codicum
1059 1828 1329 1897 scriptura
1379 1828 1808 1895 μεμελετηκότας
1853 1829 1905 1884 οἵ
1934 1851 1993 1884 τε
2035 1839 2351 1902 receperunt
2394 1821 2409 1902 z}

374 1918 638 1974 infelicem
681 1933 742 1970 ac
783 1914 985 1969 nullius
1038 1916 1196 1986 pretii
1247 1917 1611 1973 coniecturam
1665 1918 2124 1984 μεμεληκότα
2172 1917 2223 1974 οἵ
2253 1942 2348 1986 τε,
2392 1903 2410 1931 ³³

375 2024 509 2079 quae
563 2004 695 2059 nihil
743 2005 1011 2075 significat
1066 2011 1117 2058 ct
1171 2021 1236 2059 ne
1279 2005 1479 2060 Graeca
1533 2007 1748 2078 quidem
1804 2014 1901 2061 est.
1995 2009 2230 2078 Cogitavi
2283 2009 2348 2065 de

372 2093 747 2162 μεμαθηκότα,
803 2091 943 2163 quod
998 2090 1106 2146 sere
1149 2093 1289 2147 idem
1338 2100 1420 2148 est
1462 2102 1623 2166 atque
1662 2094 1871 2160 εἰδότα,
1913 2094 2003 2149 sed
2060 2096 2192 2150 mihi
2235 2099 2347 2170 ipse
2391 2111 2398 2131 ³
2434 2111 2436 2115 '

374 2200 477 2237 non
521 2180 811 2252 persuadeo
851 2197 881 2234 a
923 2180 1269 2251 Xenophonte
1317 2183 1394 2236 sic
1431 2182 1593 2236 scribi
1635 2185 1887 2254 potuisse.
1969 2184 2248 2240 Praeterea
2293 2186 2356 2242 οἵ

369 2294 428 2327 τε
462 2304 534 2311 -—
574 2269 1023 2338 προφυλάττουσιν
1066 2286 1256 2323 sanum
1310 2287 1411 2324 non
1455 2278 1568 2324 est:
1613 2270 1744 2324 nihil
1786 2272 2046 2326 attinebat
2087 2274 2226 2329 scire
2265 2275 2345 2328 τί·
2406 2312 2411 2334 ,

370 2383 447 2422 νες
489 2363 530 2414 οἱ
571 2359 1025 2428 προφυλάττοντες
1080 2357 1170 2411 Sed
1214 2357 1355 2413 πόσοι
1406 2356 1522 2412 εἷεν.
1603 2358 1787 2430 Ilaque
1830 2359 1926 2415 hoc
1963 2363 2140 2433 ipsum
2192 2379 2341 2433 repo·
2403 2340 2436 2430 {s

372 2450 606 2505 suerim:
668 2447 747 2501 πό
762 2467 862 2500 σοι
917 2468 975 2500 τε
1040 2448 1306 2514 ἑκαςαχοῦ
1365 2449 1451 2502 καὶ
1506 2453 1600 2501 ποῦ
1660 2455 1752 2510 τῆς
1804 2451 1976 2517 χώρας
2035 2451 2335 2520 προφυλάτ·
2404 2432 2436 2513 ;²‘

2394 1291 2414 1550 εει-..στακτὴ
2396 1205 2409 1245 >⁷
2396 1135 2407 1157 »Α

2407 1728 2409 1732 .
2394 1706 2411 1719 ῗ.
2395 1659 2411 1702 >a
2396 1560 2413 1647 m

370 2559 556 2593 Tovfflv.
2400 2565 2424 2581 ‘⁴'

448 2627 709 2681 Usitatam
779 2623 1063 2677 admodum
1122 2624 1315 2679 Atticis
1374 2624 1623 2695 loquendi
1676 2624 1902 2679 sormam
1953 2627 2045 2682 sed
2084 2643 2112 2681 a
2152 2628 2357 2683 scribis,
2398 2578 2436 2666 '²³

371 2715 680 2785 saepissime
728 2713 1066 2766 obscuratam
1137 2715 1380 2784 suspicor
1434 2714 1486 2766 in
1528 2713 1664 2767 VIII.
1713 2717 1796 2767 12.
1855 2716 1907 2767 in
1967 2716 2138 2770 lucem
2196 2734 2340 2771 revo-
2395 2706 2408 2798 ξ

371 2803 593 2857 eandam
629 2818 773 2866 esse2
841 2800 1056 2855 Editur:
1098 2799 1221 2855 ὅταν
1262 2803 1355 2867 μὲν
1393 2801 1528 2855 ἴωσιν
1565 2803 1646 2856 ἐπὶ
1689 2804 1968 2865 τούτους
2008 2802 2071 2858 ὧν
2106 2805 2168 2859 ἂν
2206 2806 2336 2860 οἵων·
2393 2794 2406 2861 l

365 2912 458 2946 *rou
492 2892 746 2958 κρείττους
788 2887 947 2951 εἶναι,
991 2897 1076 2943 et:
1117 2887 1238 2943 ὅταν
1276 2892 1319 2943 δ’
1354 2891 1438 2943 ἐπὶ
1481 2893 1744 2951 τούτους
1787 2890 1848 2945 ὧν
1894 2891 1956 2946 ἂν
1998 2899 2179 2963 σαφῶς
2229 2897 2336 2949 ἐπί·
2396 2883 2402 2908 ²

368 3001 557 3038 ςωνται
599 2978 777 3040 ἥττους
818 2978 972 3038 ὄντες.
1051 2979 1457 3032 Emendandum
1489 2980 1771 3052 utrobique
1810 2998 2027 3036 censeo:
2070 2982 2151 3035 ἐπὶ
2194 2985 2336 3044 τοὺς
2390 2987 2401 3042 3
2435 3030 2436 3033 ,

370 3067 431 3128 ὧν
477 3070 583 3121 κτὲ.
627 3067 691 3121 de
731 3084 835 3138 quo
871 3084 1064 3137 genere
1119 3067 1328 3121 dicendi
1366 3084 1395 3120 a
1439 3068 1629 3121 scribis
1683 3070 1878 3139 passim
1930 3071 2246 3140 interpolato
2285 3079 2355 3126 etz.
2392 3052 2398 3114 ²
2435 3076 2436 3081 ’

369 3157 539 3212 deleto
574 3173 744 3227 nuper
784 3155 849 3208 ad
888 3155 1170 3228 Hyperidis
1202 3155 1357 3220 λόγον
1396 3156 1669 3224 ἐπιτάφιον
1711 3158 1878 3211 inulta
1915 3162 2185 3214 annotavi.

443 3246 556 3300 Non
598 3253 678 3299 est
735 3246 943 3314 integer
995 3244 1140 3298 locus
1182 3244 1317 3298 VIII.
1366 3250 1465 3299 14:
1524 3249 1565 3298 οἱ
1607 3246 1649 3298 δ’
1685 3246 1871 3310 dycaeo>
1927 3244 2072 3300 ἵπποι
2113 3250 2199 3302 καὶ
2250 3251 2350 3303 ἱπ·Δ
2428 3286 2431 3299 ,

370 3341 484 3396 πεῖς
525 3334 724 3387 δυνατοὶ
777 3333 863 3387 καὶ
913 3331 969 3395 ἐξ
1015 3335 1179 3386 αὐτῶν
1230 3334 1549 3400 διαφεύγειν.
1629 3334 1904 3390 Excidisse
1946 3337 2198 3391 nonnulla
2250 3354 2331 3391 at·-

368 3423 540 3478 hitror
594 3429 712 3493 post
769 3421 825 3485 ἐξ
878 3424 1060 3475 αὐτῶν.
1143 3420 1309 3474 »Boni
1362 3423 1479 3492 equi
1518 3429 1565 3475 et
1604 3424 1832 3493 equum,
1889 3425 2096 3495 inquit,
2150 3425 2229 3479 vel
2270 3441 2346 3479 ex·

371 3513 503 3582 ipsis
545 3513 770 3584 effuqere
799 3510 1068 3582 possunt.''
1109 3508 1273 3563 adde:
1317 3510 1400 3564 vel
1430 3529 1495 3563 ex
1529 3511 1655 3583 ipsis
1699 3513 1941 3585 (hostium
1982 3514 2237 3585 manibus)
2281 3519 2332 3567 et

368 3600 469 3654 loci
526 3602 786 3655 sententia
847 3599 1124 3654 constabit.
1218 3598 1310 3662 Ἐξ
1363 3603 1527 3655 αὐτῶν
1569 3606 1664 3656 τῶν
1721 3604 1901 3669 χειρῶν
1946 3603 1999 3656 in
2055 3602 2214 3657 simili
2273 3618 2330 3654 re
