2436 4068
1033 171 1134 221 691

97 319 357 377 Stobaeus
394 317 583 386 ποτέρῳ
642 314 795 370 πλέον
837 317 1006 383 σχολή
1048 315 1318 376 servavit,
1370 310 1511 384 quod
1545 311 1765 385 propius
1809 327 1932 367 vero
1973 318 2070 365 est.

168 410 332 464 Recte
384 395 520 460 vidit
577 403 925 477 Pluygersius
979 404 1034 457 in
1076 404 1116 458 Ι.
1161 420 1248 457 vu.
1292 406 1345 456 ὅ.
1386 407 1440 456 et
1484 399 1552 455 11.
1597 417 1632 454 1.
1682 405 1729 454 1.
1791 398 1962 454 τοιοίδε
2018 405 2073 454 et

94 501 314 552 τοιαῦτα
354 512 469 549 esse
504 491 898 563 transponenda
923 534 937 556 ‚
982 502 1039 546 ut
1079 491 1291 561 legatur
1328 493 1625 544 τοιαῦτα
1668 487 2073 553 διαλεγόμενος,

95 602 198 639 nou
240 583 443 646 τοιοίδε,
484 588 536 635 et
579 597 699 634 mox
740 580 976 633 τοιάδε
1017 580 1216 644 λέγων,
1260 595 1362 631 non
1402 582 1638 632 τοιαῦτα.

170 672 231 726 In
275 672 490 725 Memor.
526 668 591 722 ΙΙ.
633 686 667 721 1.
713 671 818 722 20:
858 670 912 720 αἱ
953 668 1046 732 μὲν
1086 667 1394 736 ῥᾳδιουργίαι
1447 666 1534 719 καὶ
1577 666 1632 719 ἐκ
1671 669 1760 719 τοῦ
1802 671 2074 732 παραχρῆ·
2148 670 2150 672 ’

96 780 177 826 μα
218 758 384 823 ἡδοναὶ
426 755 543 811 οὔτε
590 756 791 820 σώματι
846 755 1046 818 εὐεξίαν
1088 756 1265 809 ἱκαναί
1323 757 1447 808 εἰσιν
1507 752 1900 822 ἐνεργάζεσθαι,
1957 751 2073 806 οὔτε

97 853 250 915 ψυχῇ
291 848 547 910 ε’πιςήμην
584 843 856 908 ἀξιόλογον
897 844 1137 909 οὐδεμίαν
1177 843 1601 907 ἐμποιοῦσιν.
1644 841 1763 912 Ipsa
1793 840 1895 895 loci
1932 857 2075 895 com·

98 936 290 1007 positio
331 932 564 1005 postulat
606 939 663 986 ut
706 934 933 998 ἐμποιεῖν
974 948 1071 1003 pro
1125 931 1415 995 ἐμποιοῦσιν
1463 930 1816 993 restituatur,
1871 927 2012 1000 quod
2047 944 2079 982 a

104 1024 419 1096 Pluygersio
476 1020 784 1075 admonitus
838 1036 1024 1074 verum
1086 1035 1202 1073 esse
1242 1018 1498 1089 intelligo.
1581 1017 1804 1087 Saepius
1849 1014 2080 1071 ostendi-

99 1128 222 1166 mus
281 1108 568 1166 Graeculos
628 1107 727 1162 hac
782 1107 981 1163 chorda
1039 1107 1348 1162 oberrantes
1406 1112 1460 1160 et
1515 1105 1768 1175 antiquae
1822 1105 2080 1158 orationis

101 1199 519 1254 concinnitatem
570 1196 956 1268 depravanteS,
1012 1196 1160 1250 utin
1219 1193 1500 1249 Oeconom.
1538 1191 1629 1247 vl.
1675 1197 1725 1246 ὅ.
1781 1191 1872 1245 ubi
1912 1212 2079 1246 κατα-

97 1289 280 1353 γνύναι
321 1287 375 1340 in
415 1286 767 1350 καταγνύουσι
806 1291 1199 1357 corruperunt,
1239 1290 1292 1337 et
1323 1281 1444 1336 aliis
1479 1280 1628 1335 lociS.
1690 1279 1896 1335 Novum
1940 1281 2078 1335 eius·

103 1375 224 1431 dem
266 1376 465 1429 erroris
503 1373 807 1444 exemplum
850 1371 1228 1427 annotabimus
1269 1369 1412 1424 infra
1449 1368 1516 1423 ad
1557 1367 1649 1423 111.
1692 1385 1759 1422 vr.
1803 1370 1892 1423 37.

183 1464 328 1518 Satis
380 1479 524 1516 nunc
564 1468 773 1515 constat
828 1461 1072 1514 vitiosam
1129 1460 1455 1530 scripturam
1511 1473 1627 1510 esse
1666 1456 1731 1510 11.
1773 1475 1806 1510 1.
1851 1461 1939 1510 22.
2001 1476 2081 1511 κε·

104 1551 429 1618 κοσμημένην
465 1552 525 1605 τὸ
564 1551 658 1615 μὲν
699 1551 852 1614 σῶμα
885 1549 1211 1615 καθαριότητι
1253 1565 1349 1619 pro
1387 1544 1759 1614 καθαρειότητι.
1839 1543 2086 1599 Dubitari

103 1658 206 1695 non
247 1646 418 1712 potest
460 1639 588 1710 quin
629 1638 890 1705 καθάρειος
932 1637 1103 1690 solum
1146 1636 1410 1690 Graecum
1452 1634 1560 1695 sit,
1607 1641 1665 1688 ut
1701 1634 1985 1700 μεγαλειος
2033 1638 2087 1688 et

101 1730 425 1798 ἐσφαλειος,
466 1734 519 1781 et
558 1728 834 1794 καθαρείως
873 1732 925 1779 et
967 1723 1296 1791 καθαρειότης
1322 1765 1334 1787 ,
1376 1722 1441 1776 de
1480 1738 1587 1793 qua
1627 1738 1686 1776 re
1726 1721 1951 1775 subinde
1991 1720 2084 1775 ali·

106 1817 237 1890 quid
291 1816 683 1871 annotavimus.
780 1815 944 1868 Miror
997 1812 1256 1866 iudicium
1336 1809 1566 1865 Pollucis
1602 1809 1689 1864 VI.
1742 1814 1830 1864 27.
1891 1810 2083 1864 καθα-

104 1907 369 1975 ριότητι
426 1905 648 1972 χαίρων,
704 1907 729 1956 ὁ
783 1903 889 1970 γὰρ
932 1899 1258 1968 καθάριος
1312 1897 1593 1962 ἰδιωτικόν,
1644 1899 1811 1953 καίτοι
1862 1899 1919 1952 τὸ
1971 1918 2083 1952 κα·

104 1995 345 2061 θαρίως
397 1993 543 2060 παρα
591 1997 872 2059 Ξενοφῶντι
929 1989 1156 2057 εἴρηται,
1216 1989 1304 2043 cui
1344 1995 1428 2042 ter
1466 1985 1738 2042 reddenda
1791 1985 2084 2058 diphthon-

102 2100 239 2154 guS,
279 2088 341 2136 ut
382 2081 579 2152 passim
613 2079 733 2133 aliis
778 2078 946 2141 locis,
988 2076 1080 2131 ubi
1122 2077 1395 2131 Bekkerus
1435 2096 1451 2130 ι
1491 2076 1759 2138 servavit,
1802 2073 1893 2128 sed
1935 2079 2084 2128 certa

101 2170 344 2241 analogia
382 2176 436 2223 et
477 2185 605 2222 usus
643 2188 684 2221 ει
726 2167 1031 2238 requirunt.
1113 2165 1442 2220 Adverbium
1492 2163 1767 2231 καθαρείως
1810 2168 1955 2217 recte
2003 2179 2082 2216 re·

102 2259 279 2332 posuit
323 2255 631 2312 Dindortius
684 2256 737 2308 in
791 2253 1079 2327 Cyropaed.
1114 2253 1153 2308 1.
1196 2272 1270 2308 111.
1314 2256 1379 2316 8,
1439 2251 1528 2306 ubi
1570 2252 1626 2305 in
1667 2251 1914 2319 καθαρίως
1956 2249 2082 2304 libri

102 2364 287 2403 omnes
326 2345 656 2416 conspirant.
739 2342 871 2396 Mira
915 2358 1000 2396 res
1041 2344 1110 2397 sit
1148 2341 1423 2409 καθαρείως
1464 2339 1691 2412 probum
1733 2356 1883 2402 esse,
1924 2337 2083 2393 καθα-

101 2456 224 2505 ρειος
268 2452 371 2488 non
412 2435 560 2488 item.
643 2430 746 2486 Sed
788 2430 921 2485 satis
959 2429 1294 2501 redarguunt
1334 2429 1675 2500 grammatici
1718 2444 1955 2483 errorem
1991 2425 2082 2481 Co-

102 2524 365 2579 micorum
408 2522 537 2585 loci,
590 2536 823 2591 quorum
862 2518 1295 2589 elegantissimus
1339 2524 1421 2572 est
1461 2515 1739 2571 Menandri
1779 2513 1922 2587 apud
1967 2513 2084 2570 Sui·

104 2610 226 2667 dam
270 2628 317 2665 v,
358 2613 637 2678 Εὐρωτιῶν.

405 2700 496 2759 Εἷς
542 2697 612 2752 τοὶ
653 2695 962 2764 καθαρεια
1002 2696 1153 2760 λιμὸς
1193 2694 1538 2762 εἷσοικίζεται.

107 2787 386 2843 Munditias
440 2787 610 2857 igitur
664 2783 990 2855 ubicumque
1043 2789 1498 2836 commemoratur
1537 2780 1865 2851 καθαρειότης
1906 2779 2082 2853 appel·

105 2874 261 2931 landa
314 2875 448 2936 erit,
501 2880 558 2927 ut
613 2871 752 2944 apud
812 2870 1082 2926 Platonem
1139 2869 1294 2942 Epin.
1353 2888 1400 2942 p.
1440 2874 1567 2925 984.
1611 2871 1670 2924 A.
1729 2868 2082 2937 καθαρειότητι

104 2965 413 3031 διαφέροντα
438 3004 451 3026 ,
493 2979 593 3015 non
634 2960 990 3027 καθαριότητι,
1032 2967 1084 3014 et
1124 2960 1200 3013 sic
1237 2958 1362 3013 alibi
1402 2959 1633 3030 saepiuS.

182 3051 522 3107 Contrarium
561 3066 798 3103 errorem
843 3065 1002 3120 quam
1042 3048 1093 3100 in
1136 3047 1410 3115 καθαρείως
1453 3054 1554 3102 cet.
1598 3045 1804 3101 scribae
1838 3045 2083 3099 commita

108 3149 221 3197 tere
261 3139 430 3194 solent
472 3139 525 3192 in
566 3137 826 3206 φιλόνικος
852 3179 865 3200 ,
905 3138 1167 3205 φιλονικία
1207 3143 1261 3190 et
1308 3142 1622 3205 φιλονικεῖν,
1678 3133 1729 3187 in
1767 3133 1961 3204 quibus
2003 3148 2082 3186 as·

107 3230 243 3284 sueti
287 3234 415 3283 sunt
454 3249 494 3281 ει
538 3225 772 3280 scribere
813 3225 1132 3293 φιλόνεικος,
1171 3225 1464 3292 φιλονεικία
1505 3230 1556 3278 et
1608 3227 1948 3291 φιλονεικεῖν,
1993 3237 2081 3275 ve·

109 3317 209 3372 luti
244 3316 308 3370 ΙΙ.
351 3332 425 3368 ln.
472 3319 555 3370 17.
606 3315 787 3382 νομίζω
841 3315 946 3381 γὰρ
987 3315 1140 3368 αὐτὸν
1182 3313 1388 3367 ἐπειδὰν
1429 3309 1672 3372 αἴσθηταί
1706 3330 1763 3363 σε
1800 3307 2079 3377 προκαλού·

107 3425 256 3470 μενον
297 3403 476 3457 ἑαυτὸν
522 3404 592 3463 εἷς
634 3404 719 3457 τὸν
766 3405 946 3468 ἀγῶνα
993 3406 1168 3456 τοῦτον
1219 3400 1355 3454 πάνυ
1406 3398 1946 3469 φιλονεικήσειν,
1989 3395 2081 3451 ubi

110 3499 330 3565 apparet
381 3490 485 3544 «lici
539 3490 729 3546 debere
782 3494 924 3545 νικοῖν
982 3490 1308 3555 ε’πιθυμήσειν
1350 3494 1403 3543 et
1442 3487 1786 3557 φιλονικήσειν
1826 3501 2079 3557 reponen-

111 3579 256 3635 dum.
340 3579 540 3633 Invicto
581 3587 897 3651 argumento
934 3578 1288 3634 demonstrari
1326 3581 1494 3648 potest
1536 3575 1812 3645 antiquam
1851 3573 2078 3646 scriptu·

1583 3666 1626 3698 ⁴0
1652 3662 1670 3687 Ψ
