2436 4068
1317 210 1422 259 514

376 359 430 413 in
474 374 535 413 ea
567 374 626 412 re
660 355 885 411 verbum
922 352 1193 416 ἐγκαπτω.
1275 353 1492 424 Repone
1531 355 1948 420 συνεκέκαμπτο.
2033 355 2176 409 Idem
2220 373 2369 412 men-

370 446 507 501 dum
549 463 598 517 p.
631 448 664 498 4
705 444 759 495 in
809 440 984 494 verbis
1026 438 1122 494 ἇέτε
1163 442 1379 505 μηδενὸς
1417 442 1824 511 ἐγγεγραφότος
1866 445 2069 508 inerat,
2111 443 2202 497 ubi
2237 447 2371 516 opti-

379 551 465 589 me
503 529 947 599 συγγεγραφότος
1000 535 1084 582 est
1136 530 1449 600 repositum.
1530 529 1790 584 Iocularis
1837 548 2048 602 quoque
2094 548 2245 585 error
2293 543 2374 587 est

379 622 698 676 commissus
740 617 882 688 apud
922 616 1273 671 Plutarchum
1316 618 1380 672 de
1410 614 1631 671 Sollert.
1685 619 1916 672 Animal.
1962 637 2009 690 p.
2037 623 2146 674 970
2175 620 2236 674 D.
2281 620 2373 675 ubi

378 710 584 765 editur:
625 714 731 766 τοῖς
768 705 812 759 δ’
849 702 1030 766 ἄλλοις
1073 704 1116 778 (ὃ
1151 705 1520 779 Βουκεφάλοις)
1563 707 1788 767 ἐναντίος
1826 707 2112 775 ἐπιτρέχων
2154 709 2372 776 ἐχρεμέ-

374 799 482 865 τιζε
523 796 672 862 μέγα
711 794 799 847 καὶ
841 795 1223 857 συνήλλετο
1263 796 1351 848 καὶ
1393 794 1687 849 κατεπάτει
1727 795 1845 855 τοὺς
1881 797 1954 861 μὴ
2001 794 2168 863 πρόσω
2207 796 2369 852 ἵεσθαι

374 884 689 954 φθάσαντας
712 925 727 947 ,
770 887 824 935 at
867 887 925 935 tu
965 882 1119 936 sodes
1148 883 1393 946 ἐνήλλετο
1434 883 1688 938 rescribe.

450 970 710 1026 Notabilis
748 977 830 1024 est
883 969 1130 1024 lectionis
1170 972 1402 1025 varietas
1451 972 1507 1024 in
1552 971 1722 1025 Anab.
1756 971 1796 1024 I.
1841 989 1917 1026 111.
1963 976 2023 1024 11
2080 972 2134 1026 in
2189 972 2367 1026 verbis

376 1060 624 1116 σκεπτέον
673 1091 752 1100 --·
794 1055 930 1119 ὅπως
987 1059 1355 1128 οέσφαλέςατα
1397 1059 1632 1125 μένωμεν
1686 1094 1760 1106 --
1811 1057 1946 1120 ὅπως
1999 1061 2368 1128 οὲσφαλέςατα

371 1149 633 1215 ἄπιμεν
688 1147 775 1202 καὶ
829 1144 964 1207 ὅπως
1023 1148 1094 1201 τοὶ
1143 1148 1410 1210 ἐπιτήδεια
1456 1145 1674 1213 ἕξομεν,
1729 1165 1825 1219 pro
1867 1147 2065 1213 ἄπιμεν
2107 1143 2254 1203 enim
2311 1150 2366 1202 in

373 1237 625 1293 omnibus
674 1241 1050 1307 praeterquam
1095 1236 1151 1288 in
1200 1236 1441 1306 quinque
1494 1235 1809 1290 melioribus
1858 1236 2061 1307 legitur
2109 1238 2366 1302 οὶπίωμεν.

371 1327 573 1397 Nempe
603 1323 849 1379 Graeculi
887 1340 1054 1394 quum
1087 1326 1359 1378 nescirent
1391 1323 1611 1392 ἔρχομαι
1648 1324 1791 1396 apud
1824 1324 2046 1380 Veteres
2081 1342 2184 1379 non
2221 1324 2368 1379 aliud
2434 1387 2436 1389 ¹

373 1414 617 1469 futurum
655 1412 851 1466 habere
882 1428 1045 1482 quam
1075 1409 1210 1478 εἶμι,
1250 1411 1553 1479 οέπέρχομαι
1589 1411 1808 1479 ἄπειμι,
1853 1411 2135 1481 ἐξέρχομαι
2172 1411 2366 1479 ἔξειμι,
2434 1481 2436 1487 Ι

373 1502 724 1571 ἐπεξέρχομαι
770 1498 1005 1566 ἐπέξειμι
1063 1507 1116 1554 et
1166 1499 1351 1554 eadem
1402 1501 1614 1555 ratione
1662 1503 1717 1555 in
1771 1502 2004 1556 caeteris
2058 1501 2370 1573 compositis
2427 1510 2436 1549 Ἴ

373 1592 441 1646 ad
469 1608 637 1646 unum
673 1589 956 1652 omnibus,
993 1595 1048 1642 et
1069 1587 1270 1641 formas
1309 1585 1443 1653 εἶμι,
1482 1587 1708 1655 ἄπειμι,
1751 1589 1948 1656 ἔξειμι,
1989 1590 2223 1657 ἐπέξειμι
2261 1598 2366 1645 cet.
2434 1623 2436 1626 <

372 1695 672 1750 numquam
714 1677 856 1749 apud
898 1677 1118 1731 Veteres
1159 1675 1331 1730 futuri
1361 1677 1814 1746 significationem
1856 1678 2150 1750 deponere,
2194 1696 2367 1750 neque
2429 1694 2432 1698 ’

371 1771 426 1823 in
463 1768 689 1842 Syntaxi
733 1782 991 1837 umquam
1028 1764 1200 1818 futuri
1223 1771 1474 1818 naturam
1511 1781 1744 1829 exuere,
1786 1766 2035 1820 Graeculi
2058 1767 2227 1838 igitur
2268 1767 2365 1821 hu·
2432 1756 2436 1786 ³

370 1860 455 1912 ius
510 1857 589 1910 rei
642 1871 865 1927 prorsus
907 1854 1083 1924 ignari
1131 1854 1176 1906 si
1216 1852 1429 1923 quando
1470 1852 1718 1908 futurum
1759 1853 2072 1909 huiusmodi
2127 1857 2366 1910 occurrit
2419 1855 2433 1923 ᾗῖ

366 1947 630 2000 mirantes
671 1943 723 1997 id
756 1942 899 2014 quod
935 1959 1039 1995 non
1078 1940 1388 2012 intelligunt
1427 1943 1594 1996 variis
1635 1942 1807 1996 modis
1842 1942 2135 2015 depravare
2177 1961 2363 2015 aggre-
2422 1965 2429 2002 ὲ,

366 2034 613 2088 diuntur.
692 2033 959 2086 Mirantur
1011 2031 1102 2085 isti
1155 2037 1208 2083 et
1259 2029 1447 2084 turbas
1499 2031 1628 2086 dare
1680 2031 1853 2086 solent
1896 2033 1943 2086 si
1987 2031 2201 2103 quando
2251 2029 2358 2094 δ’ςις

366 2121 450 2176 vel
499 2119 676 2181 οἵτινες
732 2119 815 2174 vel
869 2117 1002 2180 ὅπως
1037 2118 1285 2172 futurum
1325 2119 1636 2190 postulans,
1684 2120 1767 2175 vel
1807 2123 1862 2175 οὗ
1901 2121 1975 2187 μή
2021 2120 2101 2175 vel
2140 2122 2196 2175 οὐ
2237 2137 2364 2175 cum

370 2211 555 2265 futuro
607 2210 808 2264 acriter
848 2215 943 2262 aut
984 2207 1272 2278 imperiose
1314 2206 1550 2263 iubentis
1597 2210 1951 2263 coniunctum
1988 2215 2072 2263 est
2111 2225 2234 2262 cum
2279 2207 2362 2263 fu-

369 2307 494 2354 turo
533 2294 610 2361 εἷ,
665 2295 818 2358 ἄπει,
860 2293 995 2357 ἔξει,
1038 2293 1243 2360 ἐπέξει,
1305 2295 1528 2362 ἄπιμεν,
1569 2298 1816 2362 ἀπίασιν,
1857 2303 1952 2351 aut
1989 2296 2094 2350 alio
2133 2295 2366 2368 quodam
2424 2322 2429 2339 -’

369 2383 779 2442 eiusdemmodi.
839 2383 937 2437 Est
972 2391 1153 2437 autem
1191 2401 1382 2455 operae
1416 2386 1652 2456 pretium
1690 2384 1872 2439 videre
1906 2384 2361 2456 quemadmodum
2423 2447 2425 2452 y

367 2474 533 2548 proba
575 2480 628 2527 et
675 2472 899 2543 antiqua
939 2471 1098 2526 lectio
1138 2471 1204 2525 ab
1243 2472 1698 2528 homuncionibus
1735 2474 1856 2527 istis
1898 2474 2065 2528 soleat
2112 2473 2360 2528 mulcari.
2432 2459 2436 2533 ζ

369 2563 515 2619 Dabo
550 2577 719 2634 pauca
749 2560 1013 2631 quaedam
1041 2559 1301 2632 exempla.
1381 2561 1443 2615 In
1476 2561 1852 2616 Demosthenis
1881 2562 2116 2616 Midiana
2149 2580 2198 2634 p.
2224 2566 2359 2628 585,
2414 2539 2436 2578 '¹'

370 2656 440 2707 25
486 2649 715 2723 populus
755 2665 878 2703 eum
916 2649 983 2703 ad
1017 2666 1171 2704 reum
1211 2650 1578 2721 peragendum
1618 2650 1702 2704 his
1743 2650 2068 2704 clamoribus
2104 2651 2358 2704 incitasse
2409 2668 2430 2751 ᾗ,

369 2741 596 2795 dicitur:
650 2735 785 2798 ὅπως
827 2736 1050 2800 ἐπέξει
1103 2740 1174 2806 τῷ
1214 2740 1380 2806 μιαρῷ
1421 2739 1509 2793 καὶ
1550 2741 1625 2805 μὴ
1663 2739 1931 2803 διαλύσει,
1988 2738 2263 2792 θεάσονταί
2300 2759 2358 2792 σε

369 2829 422 2882 τί
460 2828 685 2889 ποιήσεις
733 2827 987 2887 Ἀθηναῖοι
1015 2867 1025 2878 .
1083 2843 1239 2881 1161110
1294 2826 1583 2881 mirabitur
1631 2826 1804 2890 ἐπέξει
1861 2828 1916 2880 in
1966 2827 2156 2881 multis
2206 2825 2360 2879 libris
2404 2816 2410 2859 ἕ

367 2915 559 2970 vitiose
607 2915 873 2985 scriptum
925 2931 1041 2969 esse
1098 2914 1308 2979 επεξήι,
1368 2915 1556 2980 ἐπέξή,
1614 2915 1802 2980 ἐπεξῆ,
1857 2915 1950 2970 sed
2007 2930 2360 2987 agnoscemus
2400 2901 2407 2961 Ϊ

371 3003 659 3060 Graeculos
698 3011 953 3061 ΕΠΕΞΕΙ
991 3002 1132 3073 quod
1170 3021 1276 3057 non
1318 3003 1721 3074 concoquebant
1763 3004 2068 3058 temerariis
2107 3001 2359 3057 manibus
2394 2997 2405 3077 ζ

368 3097 781 3148 contrectantes,
872 3091 1030 3162 'Apud
1070 3091 1282 3146 Isaeum
1319 3093 1430 3160 περὶ
1471 3095 1560 3146 τοῦ
1600 3093 1810 3158 Κίρωνος
1858 3094 2042 3159 κλήρου
2083 3090 2223 3145 VIII.
2265 3094 2353 3145 24.

369 3182 502 3236 haec
544 3179 707 3234 verba
744 3185 871 3232 sunt
916 3178 1150 3249 aliquem
1193 3179 1397 3235 foribus
1438 3180 1803 3235 excludentis:
1843 3181 1908 3234 σὺ
1950 3180 2002 3234 δὲ
2043 3179 2122 3240 τίς
2160 3176 2236 3243 εἷς
2279 3176 2353 3233 σοὶ
2394 3238 2396 3243 ‚

367 3271 419 3325 δὲ
471 3271 526 3325 τί
563 3270 803 3337 προσήκει
841 3265 1082 3327 dabri-‘rem
1122 3270 1177 3322 οὐ
1217 3270 1490 3332 γιγνώσκω
1534 3290 1621 3322 σε.
1664 3270 1731 3322 οὐ
1772 3270 1860 3333 μὴ
1903 3269 2116 3336 εἰσίῃς
2156 3268 2248 3328 τὴν
2287 3269 2355 3321 οἰ-

370 3359 504 3414 κίαν.
568 3357 767 3412 ’11111013
798 3354 960 3409 verba
993 3353 1196 3425 duplici
1225 3356 1420 3417 mendo
1451 3355 1736 3410 manifesto
1763 3355 1961 3410 infecta
1997 3363 2141 3410 sunt.
2198 3355 2355 3410 Grae÷

371 3464 496 3501 cum
539 3452 620 3500 est
661 3445 961 3512 εἰσέρχομαι
1003 3445 1075 3503 εἷς
1114 3445 1206 3505 τὴν
1247 3445 1438 3508 οἰκίαν,
1479 3462 1583 3498 non
1616 3444 1918 3511 εἰσέρχομαι
1955 3447 2048 3507 τὴν
2071 3445 2260 3509 οἰκίαν,
2301 3448 2354 3497 et

368 3537 422 3590 οὐ
464 3536 536 3600 μή
579 3535 880 3589 necessario
916 3532 1161 3587 futurum
1204 3533 1506 3602 requirunt.
1587 3532 1800 3586 Emicat
1847 3535 2018 3605 igitur
2058 3550 2182 3587 vera
2223 3532 2351 3587 scri·
2407 3574 2409 3593 ,

369 3631 529 3695 ptura
571 3627 632 3678 οὐ
675 3626 760 3688 μή
804 3622 977 3677 εἴσει
1026 3623 1094 3682 εἷς
1136 3621 1227 3682 τήν
1266 3621 1458 3686 οἰκίαν,
1500 3621 1640 3692 quod
1681 3621 1805 3676 olim
1850 3622 2159 3678 emendasse
2202 3619 2351 3674 video
2404 3627 2407 3693 J

871 3738 920 3757 —
