2436 4068
1268 191 1374 238 558

358 340 568 399 πυλίδας
622 336 697 392 ὅτι
760 333 919 389 πάλιν
975 331 1327 400 πεπερακότες
1371 333 1465 386 εἶσὶ
1521 335 1605 386 τὸν
1654 336 1980 404 Μαίανδρον,
2038 340 2144 391 imo
2211 354 2334 391 vero

360 426 712 496 πεπερακότες
759 420 895 485 εἶεν,
951 429 1004 474 ct
1045 419 1136 474 ΙΙΙ.
1179 437 1215 474 1.
1262 425 1316 476 5.
1373 418 1449 474 ὅτι
1490 424 1646 488 Κῦρον
1696 423 1810 476 ἀντ’
1858 425 2043 479 ἐκείνου
2092 425 2334 493 ᾑρημέναι

358 517 488 580 ἦσαν
541 512 764 570 emenda
817 509 1057 578 ᾑρημέναι
1112 509 1306 570 εἴησαν.
1387 508 1445 562 Ιι]
1488 507 1552 563 11.
1606 526 1675 563 lv,
1719 514 1785 564 15
1844 512 2097 566 mendum
2152 521 2232 567 est
2282 514 2335 567 in

360 603 538 658 verbis
577 601 707 661 ὅσοις
741 599 798 654 τὸ
838 604 1164 657 πλεονεκτεῖν
1211 596 1362 663 μόνον
1402 595 1618 662 ἔμελεν,
1664 603 1722 651 tu
1764 599 1974 668 corrige
2023 607 2135 656 τοῦ
2182 614 2337 655 πλεο-

359 697 576 745 νεκτεῖν.
1504 738 1506 743 ,
1612 738 1615 741 .

437 779 516 833 Ex
567 783 692 830 nota
742 773 1106 828 recentiorum
1165 772 1489 844 negligentia
1541 773 1762 844 irrepsit
1802 773 1868 828 ΙΙ.
1911 792 1979 829 iv.
2028 779 2110 829 15.
2167 797 2335 844 παρα-

358 866 671 932 γεγένηνται
723 860 792 917 οὗ
846 858 978 915 οὗτοι
1031 862 1127 927 μὲν
1178 860 1362 915 οὔποτε
1412 859 1591 928 ᾤοντο,
1645 861 1876 932 pessime
1928 863 2074 916 enim
2113 864 2203 917 ubi
2242 881 2339 935 pro

360 971 459 1026 quo
499 952 764 1024 scriptum
805 955 922 1014 est,
961 946 1019 1003 οὗ
1057 966 1153 1020 pro
1192 946 1270 1013 οἶ,
1313 956 1373 1003 ut
1417 947 1665 1003 Graeculi
1706 949 1970 1015 solebant,
2012 952 2104 1023 qui
2145 959 2198 1005 et
2238 956 2336 1007 ποῦ

362 1041 486 1096 ἄπει
539 1056 635 1111 pro
691 1044 784 1092 ποῖ
838 1044 890 1093 et
944 1037 1141 1092 similia
1182 1036 1495 1108 peccabant.
1574 1036 1633 1091 In
1671 1037 1856 1092 eadem
1909 1037 1947 1111 §
1991 1039 2139 1093 scioli
2192 1039 2339 1094 addi-

364 1136 664 1186 tamentum
721 1126 948 1180 nimium
1006 1126 1274 1196 patienter
1310 1124 1554 1178 tulimus,
1636 1124 2006 1198 Thrasybulus
2055 1129 2128 1182 ita
2169 1127 2338 1184 dixit:

357 1218 457 1272 εἶσὶ
513 1223 611 1272 τῶν
669 1214 969 1283 προσιόντων
1024 1215 1066 1268 οἱ
1125 1215 1219 1279 μὲν
1258 1214 1316 1268 τὸ
1357 1212 1515 1276 δεξιὸν
1575 1213 1725 1280 κέρας
1782 1213 1992 1281 ἔχοντες
2053 1213 2133 1277 οὓς
2189 1218 2337 1282 ὑμεῖς

362 1306 553 1373 ἡμέραν
610 1304 855 1368 πέμπτην
906 1300 1219 1370 τρεψάμενοι
1274 1301 1552 1365 ἐδιώξατε,
1612 1304 1655 1356 οἱ
1705 1302 1748 1355 δ’
1801 1303 1883 1356 ἐπὶ
1941 1307 2029 1356 τοῦ
2083 1305 2338 1370 εὐωνύμου

360 1396 581 1462 ἔσχατοι
639 1389 792 1464 [οὗτοι
848 1391 900 1444 δὲ
953 1392 996 1445 οἱ
1048 1388 1344 1462 τριάκοντα]
1403 1386 1447 1444 οἳ
1496 1393 1636 1454 ἧμας
1687 1390 1774 1443 καὶ
1826 1389 2024 1452 πόλεως
2064 1393 2341 1459 άπεςέρουν

360 1483 499 1538 οὐδὲν
538 1482 841 1539 ἀδικοῦντας
879 1479 964 1531 καὶ
1019 1479 1178 1532 οἰκιῶν
1219 1476 1524 1541 ἐξήλαυνον,
1567 1476 1791 1532 audisne
1826 1480 2114 1550 magistelli
2155 1498 2338 1536 vocem

356 1570 540 1624 odiose
580 1565 1007 1638 interpellantis?

438 1655 697 1712 Notabilis
730 1670 881 1708 error
921 1653 1242 1707 commissus
1283 1653 1337 1706 in
1377 1651 1530 1708 libris
1569 1660 1650 1707 est
1688 1653 1779 1707 111.
1822 1672 1856 1707 1.
1900 1658 1987 1709 28.
2042 1657 2092 1710 ἐν
2133 1665 2197 1725 τῇ
2238 1677 2340 1711 πα-

359 1746 486 1813 τρίδι
533 1752 598 1812 τῇ
653 1746 846 1796 σαυτοῦ
907 1741 1128 1807 Σκήψει.
1213 1739 1565 1796 Scribendum
1624 1749 1706 1796 est
1761 1745 1936 1811 Σκήψι
1985 1744 2340 1815 similiterque

362 1834 426 1887 V.
467 1849 544 1886 111.
590 1834 674 1885 19.
731 1831 789 1884 τὸ
824 1831 874 1883 ἐν
914 1829 1111 1898 Ἀφύτι
1154 1845 1250 1899 pro
1290 1828 1532 1896 Ἀφύτει.
1612 1830 1853 1901 Namque
1893 1830 2246 1886 Athenienses
2289 1839 2342 1886 et

360 1921 602 1993 plerique
635 1918 727 1972 alii
762 1918 1050 1989 scriptores
1093 1916 1279 1972 Graeci
1317 1916 1372 1969 in
1414 1915 1721 1973 huiusmodi
1766 1919 2074 1972 nominibus
2109 1921 2342 1991 propriis

361 2017 414 2063 et
449 2007 766 2080 oppidorum
808 2013 861 2059 et
902 2004 1189 2059 fluminum
1237 2011 1291 2058 et
1329 2003 1609 2059 hominum
1650 2006 1729 2060 uti
1771 2005 1940 2060 solent
1976 2006 2163 2060 formis
2204 2009 2341 2062 loni·

362 2099 443 2152 cis
479 2099 532 2151 in
574 2116 665 2156 -ιος
706 2102 759 2149 et
793 2116 862 2155 ·ι,
910 2100 968 2147 ut
1002 2094 1057 2146 in
1093 2093 1176 2146 ἐπὶ
1217 2092 1484 2159 Κρεύσιος,
1527 2093 1667 2164 quod
1708 2095 1763 2148 in
1804 2094 2092 2149 Hellenicis
2132 2097 2344 2167 saepius

365 2191 512 2239 recte
539 2184 816 2254 ‘scriptum
875 2187 973 2236 est.
1055 2181 1190 2234 Hinc
1250 2179 1552 2252 Stephanus
1593 2183 1812 2255 Byzant.
1868 2200 1916 2236 v.
1961 2188 2171 2251 Κρεῦσις
2204 2217 2278 2225 -
2312 2188 2342 2250 ἦ

361 2274 544 2338 γενικὴ
587 2271 841 2338 Κρεύσιος.
924 2268 1012 2323 Sic
1064 2271 1091 2332 ή
1134 2270 1306 2331 Ζήνιος
1358 2272 1488 2334 γυνή
1542 2271 1855 2324 nominatur
1907 2271 1961 2324 in
2014 2272 2213 2326 Hellen.
2250 2273 2342 2327 Ill.

366 2379 400 2414 ι.
450 2365 530 2414 10.
587 2366 640 2413 et
682 2361 709 2422 ἡ
759 2358 1047 2417 Συεννέσιος
1102 2357 1232 2421 γυνή
1275 2357 1325 2409 in
1371 2356 1601 2411 Anabasi
1639 2358 1676 2411 Ι.
1721 2376 1773 2411 Π.
1819 2362 1905 2411 12.
1985 2359 2171 2430 Itaque
2211 2369 2346 2424 Σκή-

362 2456 457 2517 φις
498 2463 692 2500 nomen
735 2444 912 2516 oppidi
957 2444 1113 2498 habet
1164 2446 1391 2512 Σκήψιος
1435 2451 1487 2498 et
1530 2447 1742 2511 Σκήψι,
1796 2447 2171 2518 appellativum
2225 2458 2344 2512 σκῆ·

370 2544 460 2605 ψις
515 2541 702 2589 contra
756 2535 993 2601 σκήψεως
1047 2540 1098 2587 et
1153 2533 1361 2598 σκήψει.
1443 2531 1530 2586 Sic
1585 2533 1724 2604 apud
1780 2534 2147 2609 Thucydidem
2205 2545 2348 2592 recte

296 2687 297 2693 ἵ
370 2626 569 2696 legitur
610 2623 649 2676 1.
693 2626 782 2675 64.
839 2621 896 2685 ἐξ
946 2621 1227 2688 Ἀφύτιος,
1266 2627 1320 2674 et
1361 2619 1447 2673 IV.
1496 2624 1619 2675 107.
1678 2621 1918 2687 Γοάξιος,
1960 2631 2013 2677 et
2050 2626 2100 2677 in
2143 2624 2344 2679 Hellen.

294 2699 296 2701 ’
373 2714 410 2766 1.
445 2731 478 2765 ι.
519 2716 607 2765 ⁶29.
649 2710 951 2764 rectissime
991 2708 1230 2762 Dindorf.
1273 2707 1577 2762 emendavit
1618 2711 1846 2773 Γνώσιος.
1906 2711 2164 2765 Dicebant
2203 2714 2347 2767 enim

372 2803 396 2854 ὂ
438 2806 623 2859 Γνῶσις
667 2807 722 2852 ut
764 2800 786 2852 ὁ
824 2804 1004 2858 Σῶσις.
1085 2796 1238 2868 Apud
1281 2797 1588 2869 Lycurgum
1630 2799 1682 2851 in
1724 2799 2008 2853 Leocratea
2041 2798 2080 2872 §
2123 2803 2211 2862 87,
2252 2817 2349 2871 pro

374 2886 693 2952 Κλεομάντει
734 2885 1100 2957 recipiendum
1142 2892 1223 2938 est
1251 2885 1579 2951 Κλεομάντι,
1622 2903 1723 2939 non
1767 2886 1896 2942 adeo
1937 2889 2063 2958 quia
2099 2888 2151 2940 in
2189 2887 2350 2942 Codd.

375 2975 427 3028 id
465 2974 698 3044 legitur,
751 2974 842 3028 sed
899 2975 1025 3045 quia
1065 2974 1263 3028 Graece
1310 2973 1642 3044 loquentium
1690 2991 1819 3028 usus
1860 2983 1919 3029 ut
1963 2976 2037 3029 ita
2079 2974 2351 3028 scribatur

377 3062 628 3134 postulat.

453 3150 631 3208 Etiam
677 3148 732 3201 in
772 3147 891 3201 aliis
939 3148 1244 3202 nominibus
1300 3149 1530 3219 propriis
1580 3149 1866 3221 Xenophon
1914 3157 1967 3205 et
2009 3150 2352 3224 Thucydides

376 3239 727 3294 dialectorum
780 3236 988 3290 Ionicae
1040 3243 1133 3289 aut
1181 3236 1403 3290 Doricae
1457 3235 1656 3290 formas
1697 3246 1994 3309 usurpant,
2046 3240 2350 3294 cuiusmodi

375 3333 506 3381 sunt
546 3327 600 3379 in
639 3325 966 3396 Cyropaedia
1014 3324 1380 3396 compluribus
1430 3323 1560 3377 locis
1595 3326 1894 3390 Καμβύσεω
1943 3334 1996 3380 et
2041 3328 2350 3396 Κυαξάρεω,

378 3426 433 3471 et
489 3415 630 3488 apud
687 3412 1055 3486 Thucydidem
1109 3413 1282 3466 Πύθεω
1324 3418 1378 3466 et
1428 3413 1601 3478 Τήρεω
1643 3413 1707 3466 ΙΙ.
1753 3416 1821 3467 29
1862 3422 1915 3468 et
1958 3419 2043 3469 95.
2100 3426 2152 3471 et
2210 3416 2350 3487 apud

379 3505 578 3558 multos
619 3501 821 3557 Θάλεω.
902 3500 1083 3554 Ionica
1125 3499 1294 3554 forma
1337 3499 1509 3552 utitur
1545 3498 1886 3572 Thucydides
1927 3504 2066 3558 VIIl.
2111 3509 2201 3560 44.
2257 3500 2350 3566 Ἰή·

375 3594 529 3648 λύσου
571 3598 622 3645 et
663 3590 800 3644 Vlll.
849 3593 932 3642 17.
989 3588 1150 3657 Λάδῃ.
1235 3588 1400 3658 Saepe
1442 3587 1660 3642 Dorieas
1719 3588 1914 3645 formas
1975 3600 2187 3653 servat,
2250 3608 2351 3644 non
