2436 4068
1046 186 1153 237 679

94 331 338 404 vphistam
388 327 562 384 adorti
624 337 765 385 sunt.
859 328 1306 383 Commemoravit
1358 326 1664 402 Polycrates
1716 331 1925 385 moenia
1986 330 2082 386 Ur·

101 419 184 474 bis
234 436 264 473 a
313 420 526 474 Conone
566 418 817 472 restituta
873 433 1013 470 anuo
1048 421 1174 471 595.
1231 433 1261 471 a
1301 415 1424 471 Chr.
1479 417 1634 471 annis
1675 434 1768 472 sex
1823 425 1940 489 post
1991 418 2082 473 So·

100 507 267 561 cratis
320 513 585 568 mortem,
639 506 731 576 qui
794 522 933 560 anno
974 508 1101 560 599.
1159 504 1446 559 damnatus
1504 513 1604 559 est.
1699 505 1926 560 Videtur
1987 506 2078 560 So·

99 594 276 666 phista
314 593 543 647 Cononis
597 591 780 646 laudes
832 593 1012 663 aliquo
1064 600 1220 663 pacto
1270 593 1499 647 orationi
1546 595 1868 660 inseruisse,
1924 601 1979 649 et
2019 595 2079 648 il·

97 681 205 736 lius
259 682 311 734 in
360 697 527 749 remp.
586 681 776 734 merita
830 681 1027 734 Critiae
1068 687 1121 734 et
1180 679 1471 734 Alcibiadis
1525 682 1741 737 iniuriis
1798 683 1850 736 in
1907 699 2078 754 remp.

96 770 423 841 opposuisse.
502 767 698 821 Critias
733 766 884 822 urbis
926 767 1263 822 munimenta
1303 768 1515 831 deiecit,
1557 778 1877 841 perpetuum
1913 770 1966 824 id
2005 772 2075 826 is-

93 857 205 911 tius
244 863 298 911 et
347 861 447 911 τῶν
483 855 759 924 τριάκοντα
801 855 944 928 apud
988 854 1238 910 Oratores
1288 855 1494 909 Atticos
1547 845 1929 928 opprobrium,
1983 860 2077 912 Co-

93 961 199 999 non
238 945 481 998 restituit.
558 942 619 997 Iu
662 943 902 998 eiusdem
947 942 1179 998 invidiae
1218 942 1525 996 societatem
1570 944 1897 1002 Alcibiadem
1948 963 2075 1018 quo-

92 1048 198 1103 que
239 1031 537 1086 trahebant.
615 1032 804 1106 Lysias
843 1033 898 1086 in
941 1030 1088 1086 Orat.
1123 1030 1260 1085 XIV.
1304 1033 1394 1084 59.
1452 1030 1746 1086 Alcibiadis
1787 1033 1955 1088 filium
1999 1035 2078 1089 sic

95 1121 426 1174 insectatur:
478 1120 529 1174 εἴ
563 1141 642 1181 τις
684 1122 822 1186 ὑμῶν
863 1119 1039 1184 ἣτοὺς
1091 1119 1372 1180 τεθνεῶτας
1413 1119 1464 1173 ἐν
1503 1127 1568 1189 τῇ
1618 1123 1898 1191 ναυμαχία
1939 1123 2082 1178 ἐλεεῖ

91 1208 124 1271 ἢ
165 1209 288 1274 ὑπὲρ
322 1210 421 1262 τῶν
461 1207 843 1263 δουλευσάντων
881 1214 988 1268 τοῖς
1029 1207 1295 1272 πολεμίοις
1333 1207 1644 1275 αἰσχύνεται
1688 1209 1716 1272 ἢ
1770 1213 1894 1262 τῶν
1950 1230 2077 1263 ‘rst-

91 1301 228 1363 χῶν
279 1297 752 1365 καθῃρημένων
791 1298 1179 1361 οὶγανακτεῖ
1213 1326 1289 1336 —-
1326 1297 1517 1350 τούτων
1559 1293 1806 1350 ἁπάντων
1846 1298 1949 1364 χρὴ
1991 1298 2076 1352 τὸν

94 1384 276 1439 ’τούτου
315 1386 518 1451 πατέρα
566 1385 728 1439 αἴτιον
773 1385 1028 1449 ἡγεῖσθαι.
1110 1382 1271 1438 Vides
1313 1399 1473 1455 quam
1516 1383 1655 1437 laeta
1698 1383 1830 1438 llaec
1871 1386 1942 1439 sit
1987 1384 2076 1440 So·

97 1471 306 1544 phistae
346 1471 560 1527 dicendi
602 1472 873 1526 materies.
954 1471 1166 1526 Interea
1199 1488 1302 1526 non
1343 1479 1424 1526 est
1480 1472 1793 1527 recordatus
1833 1472 1951 1527 illas
1990 1489 2079 1528 res

92 1559 368 1631 aliquanto
407 1561 583 1614 serius
638 1576 756 1614 esse
802 1566 1010 1631 gestaS,
1053 1559 1193 1614 unde
1234 1559 1539 1630 colligimus
1592 1577 1760 1614 annos
1807 1569 1925 1632 post
1979 1560 2076 1616 So-

90 1649 257 1702 cratis
314 1647 577 1702 iudicium
625 1647 896 1703 effluxisse
952 1647 1272 1719 complures,
1353 1648 1519 1702 Nemo
1558 1648 1702 1702 enim
1759 1648 1813 1701 in
1870 1651 2076 1704 recenti

91 1751 275 1790 rerum
315 1737 571 1790 memoria
613 1737 692 1791 sic
727 1753 908 1791 errare
946 1743 1158 1808 potest:
1213 1743 1334 1808 post
1380 1736 1672 1791 multorum
1716 1726 1947 1791 demum¹
1979 1754 2075 1792 an-

93 1838 285 1877 norum
327 1823 670 1878 intervallum
708 1824 1012 1878 istiusmodi
1051 1841 1262 1879 errores
1303 1831 1357 1879 et
1393 1832 1695 1896 temporum
1737 1824 2077 1881 confusiones

90 1908 237 1965 sacili
280 1913 492 1983 negotio
540 1913 996 1979 committuntur,
1051 1912 1235 1984 quales
1276 1913 1475 1967 multas
1529 1912 1678 1967 Plato
1732 1913 1785 1967 iu
1839 1913 2075 1986 Dialogis

89 2001 381 2055 commisit.
460 2002 672 2075 Anytus
711 2001 852 2056 diem
896 2002 1000 2056 iam
1045 2001 1250 2056 obierat
1292 2018 1457 2073 quum
1499 2000 1630 2056 haec
1674 2000 2073 2067 scriberentur,

90 2088 331 2144 Socratis
382 2087 675 2145 familiares
729 2089 970 2162 plerique
1010 2095 1163 2144 erant
1221 2089 1566 2144 intermortui
1621 2095 1675 2143 et
1730 2097 2074 2145 succreverat

90 2194 225 2231 nova
266 2176 507 2244 soboleS,
547 2195 684 2250 quae
726 2194 861 2232 nova
902 2178 955 2231 in
997 2177 1269 2232 Socratem
1331 2178 1560 2232 crimina
1614 2176 1770 2232 facile
1819 2177 2071 2234 admitte-

84 2264 195 2320 bat.
273 2267 504 2339 Apparet
546 2265 674 2320 hinc
711 2282 871 2337 quam
915 2265 1262 2320 vehementer
1314 2266 1494 2337 opinio
1535 2266 1874 2338 Kruegerum
1927 2265 2070 2322 sesel-

85 2352 211 2409 lerit
247 2354 314 2409 ad
354 2355 587 2409 Clintoni
628 2354 773 2409 Fast.
815 2354 1016 2409 Hellen.
1060 2360 1388 2408 statuentem
1433 2354 1686 2408 Isocratis
1727 2355 1942 2409 Busirin
1980 2371 2071 2410 ex-

84 2449 257 2497 trema
299 2441 612 2517 Olympiade
648 2446 742 2498 95.
785 2443 930 2498 circa
971 2458 1173 2496 annum
1211 2446 1337 2497 596.
1395 2459 1442 2497 a.
1484 2442 1606 2496 Chr.
1648 2459 1765 2497 esse
1810 2445 2068 2515 composi-

86 2536 233 2596 tum,
274 2529 326 2584 id
369 2538 450 2586 est
501 2531 677 2586 tribus
730 2532 887 2586 annis
927 2537 1216 2601 antequam
1266 2529 1598 2585 Athenarum
1642 2531 1848 2584 moenia
1891 2530 2068 2585 Conon

82 2619 322 2674 restituit
346 2661 359 2684 ,
401 2635 569 2691 quum
604 2620 761 2674 annis
799 2619 1002 2691 aliquot
1022 2625 1205 2691 postea
1239 2616 1456 2672 demum
1497 2618 1658 2672 scribi
1685 2620 1922 2690 potuisse
1957 2636 2067 2673 ma·

83 2705 339 2763 nisestum
382 2708 469 2762 sit.
531 2708 743 2761 Annum
770 2708 978 2779 ipsum,
1018 2709 1162 2762 circa
1201 2723 1358 2778 quem
1401 2706 1706 2780 Polycrates
1746 2706 1938 2763 horum
1961 2724 2071 2762 om-

82 2795 235 2850 nium
284 2794 469 2849 stilum
524 2796 576 2849 in
619 2812 735 2851 sese
775 2797 1023 2861 acuerit,
1085 2794 1309 2850 definire
1367 2793 1498 2849 velle
1560 2796 1905 2850 temerarium
1966 2803 2066 2851 est.

84 2882 229 2939 Satis
267 2886 371 2939 erit
414 2883 510 2938 hoc
551 2891 734 2939 tenere
775 2886 1009 2957 Anytum
1051 2883 1139 2939 illo
1181 2890 1419 2954 tempore
1457 2882 1560 2937 iam
1605 2883 1798 2938 obiisse
1834 2883 1976 2939 diem
2016 2892 2070 2939 et

85 2973 241 3027 etiam
293 2981 408 3043 post
456 2981 674 3027 mortem
719 2979 773 3027 et
818 2972 883 3026 ob
925 2972 1091 3026 filium
1135 2970 1484 3043 depravatum
1518 2979 1571 3026 ct
1608 2971 1672 3025 oh
1714 2973 1884 3044 ipsius
1921 2974 2066 3043 inge·

86 3061 160 3115 nii
200 3061 604 3132 perversitatem
648 3061 784 3115 male
823 3061 1096 3114 aicde'visse.
1179 3059 1347 3127 Quam
1407 3058 1562 3130 plane
1611 3059 1871 3115 disertum
1935 3061 2066 3115 illud

88 3147 454 3220 Xenophontis
505 3149 871 3204 testimonium
925 3147 1002 3202 vel
1058 3147 1228 3203 solum
1286 3147 1565 3218 redarguit
1622 3149 1930 3220 sequiorum
1994 3147 2067 3202 sa·

86 3234 253 3291 bellas
289 3236 355 3292 de
393 3256 510 3293 sera
565 3237 972 3293 Atheniensium
1017 3235 1081 3290 ob
1130 3244 1377 3292 necatum
1423 3235 1695 3291 Socratem
1741 3237 2068 3307 poenitentia

90 3331 145 3378 et
185 3333 555 3381 accusatorum
599 3327 781 3398 poenis
820 3324 1239 3397 suppliciisque,
1281 3324 1344 3379 de
1381 3324 1576 3395 quihus
1617 3325 1878 3394 Diogenes
1910 3325 2066 3379 Lacr-

90 3412 199 3465 tius
241 3411 304 3466 11.
358 3417 445 3467 45.
502 3414 730 3478 scribit,
783 3420 835 3468 et
886 3429 1019 3484 quos
1075 3412 1146 3467 ibi
1205 3412 1442 3468 laudavit
1499 3413 1791 3482 Menagius.
1886 3413 2068 3467 Iocosa

90 3506 252 3564 sunt,
294 3517 429 3571 quac
468 3501 790 3556 Plutarchus
828 3500 900 3554 ihi
943 3500 1191 3556 laudatus
1226 3501 1514 3555 memoriae
1552 3499 1783 3571 prodidit
1822 3499 1886 3555 de
1918 3501 2066 3564 odio,

91 3604 199 3657 quo
256 3588 398 3644 circs
434 3606 617 3645 omnes
668 3590 721 3645 in
766 3590 1001 3645 Socratis
1060 3596 1398 3645 accusatores
1457 3589 1720 3654 arserint,
1778 3590 1828 3643 in
1891 3589 2070 3645 libello
