2436 4068
1288 251 1357 302 82

333 400 494 465 atque
540 413 561 446 ε
587 423 602 434 ·
627 412 716 454 oct,
771 414 922 456 ι-ει,
975 414 1041 455 η·
1067 414 1082 445 ι
1125 399 1177 446 et
1218 391 1479 462 quidquid
1526 407 1553 444 a
1603 391 1877 449 Graeculis
1918 410 2046 449 sono
2091 393 2312 448 offertur

330 480 531 536 eodem.
613 479 768 552 Apud
811 478 1139 552 Hesychium
1181 477 1384 532 videbis
1424 479 1698 544 αἱμοιοιίοις
1735 479 1898 534 scribi
1920 480 1958 533 1.
2001 498 2050 551 p.
2078 485 2173 535 161
2221 498 2316 553 pro

327 569 625 635 αἱμυλίοις,
678 568 935 635 βοτροίδιοο
975 583 1024 637 p.
1061 570 1167 620 745
1210 574 1264 620 et
1308 567 1574 632 βοτύσιτ
1623 567 1952 632 βοσκήμασιν
1997 572 2048 621 el
2103 585 2149 638 p.
2187 573 2316 623 849.

325 657 569 724 γονορρύοο
609 663 662 709 et
702 672 752 726 p.
785 658 894 708 818
934 653 1181 718 γενύσθην
1222 661 1275 709 et
1316 672 1366 726 p.
1404 658 1547 708 1157
1588 654 1859 711 ἐκκοιλιςοί
1898 662 1950 707 el
1988 671 2037 726 p.
2065 659 2208 709 1225
2241 658 2315 710 ἐν·

325 744 498 812 δυοὲζει
551 749 604 797 et
652 758 699 813 p.
736 743 878 796 1253
927 739 1137 808 ἔνοιςρον
1182 758 1276 813 pro
1314 744 1516 810 ἤνυςρον
1573 748 1626 796 et
1664 758 1714 812 p.
1757 745 1899 795 1428
1939 743 2181 809 ε’ριγήροις
2222 761 2318 815 pro

324 831 579 899 εἶρίγηρυς,
620 836 674 884 et
706 829 774 884 ΙΙ.
813 845 861 900 p.
887 831 994 882 ⁶295
1027 828 1219 894 κοίημοο
1248 836 1300 885 et
1337 847 1385 902 p.
1411 833 1518 884 582
1544 830 1599 883 in
1630 835 1755 882 nota
1781 829 1984 883 Alberti
2013 832 2312 899 κοινοφθοολ·

324 919 533 986 μΙζετοιι
571 924 624 972 et
660 916 970 988 saepissime
1004 915 1131 970 alibi
1173 917 1358 971 eodem
1395 917 1548 971 modo
1589 916 1731 988 apud
1762 916 2087 990 Hesychium
2131 934 2314 989 peeca-

326 1013 435 1060 tur.
518 1005 620 1073 Qui
655 1021 751 1076 pro
782 1003 1042 1069 γενοίσθην
1082 1010 1307 1076 possunt
1339 1004 1587 1070 γενύσθην
1626 1004 1861 1059 scribere
1894 1011 1948 1058 et
1983 1022 2079 1076 pro
2117 1007 2314 1072 βοτοῖσι

322 1094 507 1160 βοτύσι
549 1091 741 1165 ecquid
782 1097 863 1147 est
899 1092 1040 1163 quod
1082 1093 1149 1146 iis
1187 1094 1319 1147 satis
1361 1099 1479 1146 tuto
1519 1091 1666 1146 credi
1709 1108 1864 1163 posse
1901 1094 2088 1164 putes?
2169 1093 2317 1150 Idem

323 1182 518 1236 vitium
577 1182 630 1235 in
673 1184 915 1234 oninium
967 1179 1252 1235 Codieibus
1290 1179 1543 1252 frequens
1591 1180 1865 1244 occurrit,
1921 1180 2077 1251 quale
2130 1188 2212 1236 est
2259 1183 2315 1236 in

323 1268 560 1324 Alexidis
599 1267 901 1339 fragmento
938 1266 1080 1340 apud
1121 1268 1249 1323 Poll.
1292 1266 1407 1323 Vll.
1451 1272 1538 1324 72.
1587 1271 1719 1334 γυνὴ
1759 1269 2019 1336 λινουργὸς
2058 1270 2171 1337 περὶ
2214 1270 2312 1324 τοί-

322 1378 450 1426 χους
489 1355 744 1426 ὠφείλετο
782 1373 878 1427 pro
899 1359 1250 1424 περιτυχοῦσ’,
1293 1356 1435 1428 quod
1467 1357 1735 1411 Porsonus
1777 1356 2005 1428 reperit:
2049 1355 2140 1410 sed
2182 1356 2316 1410 nihil

325 1460 458 1518 opus
498 1451 579 1499 est
609 1444 713 1498 alia
746 1444 988 1516 exempla
1024 1443 1246 1508 afferre,
1288 1461 1456 1516 quum
1492 1446 1551 1500 τὸ
1580 1449 1776 1500 λυποῦν
1816 1451 1869 1498 et
1899 1445 1956 1499 τὸ
1996 1445 2172 1499 λοιπόν
2205 1450 2313 1499 tam

325 1550 481 1605 saepe
510 1532 636 1586 alibi
665 1531 886 1587 confusa
919 1533 1046 1586 sint.
1128 1531 1360 1604 Ephippi
1384 1531 1748 1604 fragmentum
1777 1532 1918 1587 idem
1948 1528 2030 1587 bis
2058 1533 2124 1586 ab
2156 1532 2315 1588 Athe-

326 1639 459 1677 naeo
496 1621 816 1692 apponitur:
867 1620 922 1674 in
964 1619 1142 1676 verbis
1173 1621 1370 1690 ἀφεῖλε
1412 1623 1520 1675 πᾶν
1568 1619 1579 1694 Ι
1622 1623 1781 1676 αὐτοῦ
1822 1621 1880 1675 τὸ
1919 1626 2113 1675 λυποῦν
2153 1621 2314 1676 καὶπέ-

323 1708 484 1773 δειξεν
526 1706 710 1770 ἵλεων,
763 1708 928 1764 Semel
967 1715 1114 1763 recte
1159 1709 1219 1763 τὸ
1258 1712 1455 1763 λυποῦν
1501 1707 1700 1779 legitur
1735 1707 1874 1763 VIII.
1918 1712 2044 1764 565.
2088 1709 2168 1772 C,
2210 1709 2315 1764 alio

321 1797 438 1852 loeo
470 1796 610 1851 XIII.
655 1800 779 1850 571.
817 1796 878 1850 E.
914 1796 1103 1850 vitiose
1143 1795 1316 1851 Codex
1356 1797 1416 1851 τὸ
1455 1796 1632 1852 λοιπόν
1668 1796 1898 1852 exhibet.

398 1885 743 1954 Aegrimonia
796 1882 1074 1939 confectus
1126 1883 1323 1956 aliquis
1374 1884 1518 1956 apud
1570 1884 1924 1940 Menandrum
1983 1885 2038 1939 in
2101 1885 2312 1941 Stobaei

323 1972 505 2028 F101i1.
542 1970 770 2027 XCVIII.
813 1975 865 2026 8.
918 1971 1118 2027 bestias
1159 1972 1330 2027 multo
1371 1989 1487 2028 esse
1531 1988 1695 2044 quam
1738 1972 2007 2029 bominem
2051 1972 2314 2029 selioIores

323 2061 573 2172 queritur
606 2058 692 2114 his
726 2058 1000 2114 versibus·

623 2149 711 2203 τὸν
751 2147 852 2201 ονον
893 2148 1013 2216 οροῖν
1053 2144 1188 2213 ἔξεςι
1230 2153 1410 2215 πρῶτοι
1449 2148 1677 2203 τουτονί.

624 2256 766 2296 ουτος
806 2235 1137 2301 κοοκοδοιίμων
1178 2235 1284 2293 ἕςὶν
1323 2236 1777 2302 ὁμολογουμένως.

623 2323 787 2392 τούτῳ
819 2324 977 2379 κοικὸν
1017 2323 1080 2378 δι’
1113 2323 1270 2378 αὑτὸν
1310 2324 1448 2378 οὐδὲν
1488 2324 1734 2390 γίγνεται

623 2408 661 2465 ἃ
702 2409 748 2466 δ”
787 2413 816 2475 ἦ
851 2410 1011 2481 φύσις
1050 2411 1261 2466 δέδωκεν
1295 2412 1438 2466 αὐτοὶ
1470 2414 1627 2467 ταῦτ’
1666 2411 1811 2481 ἔχει.

323 2500 412 2555 ubi
455 2498 754 2570 requiritur
790 2499 953 2568 τούτῳ
992 2500 1045 2555 δὲ
1081 2499 1242 2554 κακόν
1281 2506 1335 2554 et
1373 2500 1583 2555 δέδωκεν
1618 2501 1778 2568 αὐτῷ.

396 2586 612 2643 Excidit
648 2603 817 2642 unum
849 2587 1166 2642 vocabulum
1204 2587 1358 2643 facile
1388 2587 1748 2643 revocandum
1784 2588 1839 2642 in
1877 2587 1976 2642 hae
2010 2588 2157 2642 avari
2191 2604 2308 2643 sen-

322 2676 491 2769 tentia
531 2674 672 2746 apud
716 2675 859 2729 Stob.
896 2675 1076 2730 Floril.
1115 2676 1242 2731 XCI.
1281 2680 1368 2731 29.

435 2774 438 2778 ’
624 2763 725 2828 ἐγὼ
767 2764 810 2817 δ’
851 2763 1120 2829 ὑπέλαβον
1155 2765 1441 2832 χρησίμους
1481 2761 1610 2819 εἶναι
1652 2765 1790 2825 θεούς

624 2850 894 2918 Ταργύρὶθν
937 2854 1058 2917 ἡμίν
1100 2873 1186 2905 κοιλ
1227 2873 1284 2906 ΤΟ
1323 2852 1568 2920 χρυσίον.

323 2938 417 3009 qui
466 2937 561 2992 hos
611 2938 746 2993 Deos
791 2939 919 2993 eolit
969 2945 1210 2994 caeteros
1251 2956 1435 2995 omnes
1490 2955 1594 2993 non
1639 2937 1770 2993 solet
1815 2939 2046 2993 multum
2087 2955 2309 3004 curare,

323 3026 504 3096 itaque
542 3026 722 3091 μόνους
760 3027 961 3099 supple.

398 3113 689 3168 Multorum
739 3116 1065 3170 coniecturis
1111 3122 1361 3170 vexatum
1414 3122 1494 3170 est
1540 3114 1817 3170 Menandri
1871 3113 2077 3169 dietum
2137 3113 2307 3187 (apud

323 3200 671 3256 Plutarehum
706 3201 760 3255 in
797 3203 1070 3258 Amatorio
1103 3219 1150 3274 p.
1177 3206 1303 3257 765.
1340 3203 1394 3256 Β.
1437 3210 1489 3257 et
1528 3203 1670 3275 apud
1708 3201 1851 3257 Stob.
1899 3200 2305 3256 F101i1.LX111.

323 3291 438 3365 54.)
480 3290 545 3345 de
576 3305 737 3344 eausa
777 3293 1004 3346 amoris:

1309 3400 1477 3447 καὶρθς
1519 3381 1625 3436 ἕξιν
1665 3382 1692 3441 ἦ
1731 3398 1869 3438 VOG'OG

623 3472 801 3533 ψυχῆς
824 3507 838 3529 ,
879 3467 902 3519 o‘
944 3469 1166 3533 πληγεὶς
1209 3470 1252 3523 δ’
1286 3467 1403 3522 εἴσω
1442 3470 1500 3529 δὴ
1539 3469 1912 3535 τιτρώσκεται.

321 3552 451 3608 haee
492 3560 571 3607 est
609 3553 818 3607 Stobaei
860 3552 1049 3608 lectio:
1095 3557 1146 3608 in
1183 3556 1484 3620 Amatorio,
1527 3556 1619 3626 qui
1658 3554 1794 3608 liber
1842 3552 2124 3624 permultis
2162 3553 2301 3608 laeu-

319 3641 402 3694 nis
440 3640 585 3704 hiat,
643 3640 842 3697 excidit
895 3641 945 3696 id
991 3643 1166 3714 ipsum
1218 3645 1357 3715 quod
1410 3644 1550 3717 apud
1611 3643 1897 3700 stobaeum
1953 3648 2057 3696 tam
2113 3642 2306 3697 misere
