2436 4068
1356 199 1461 248 224

721 344 784 402 ὥς
822 342 1085 408 μεμνέῳτο
1126 339 1334 406 δρόμους
1377 339 1463 392 καὶ
1500 340 1739 402 ἀληθείην
1777 344 2047 406 ἀποείποι,

421 429 514 500 qui
552 427 707 483 affert
744 445 805 483 ex
854 426 1226 498 Aristophanis
1266 425 1421 480 Pluto
1478 442 1554 480 vs.
1597 430 1728 483 992.
1784 430 2063 486 emendate
2102 433 2401 504 scriptum:

723 513 804 569 ἵνα
843 515 1028 579 τούμὸν
1069 514 1273 579 ἱμοὶτιον
1313 518 1477 583 φορῶν
1515 515 1753 583 μεμνῇτό
1799 537 1913 581 μου.

419 603 511 658 sed
559 604 806 656 vitiosam
863 601 1190 672 scripturam
1246 618 1310 655 ex
1356 601 1682 674 Cyropaedia
1725 602 1764 656 Ι.
1809 606 1858 656 6.
1903 607 1952 657 5.
2013 607 2137 660 ἀλλ’
2194 606 2278 661 ὅτε
2333 611 2405 664 τα

417 690 571 759 ἄριςα
606 689 823 757 πράττοι
859 690 979 745 τότε
1009 689 1220 754 μαλιςα
1259 690 1345 743 τὸν
1393 690 1497 743 θεὸν
1538 690 1815 756 μεμνῷτο.
1849 689 1941 744 uhi
1981 689 2096 762 lege
2134 690 2210 747 ὅτ’
2247 693 2403 764 ἄριςα

417 785 468 832 et
508 783 606 831 τῶν
642 777 778 830 θεῶν.
859 776 976 847 Ipse
1033 775 1296 850 Didymus
1346 776 1636 849 decethS,
1680 784 1739 838 ut
1779 778 2031 849 saepiuS,
2076 796 2107 833 a
2159 796 2255 835 suo
2309 783 2400 837 Go-

416 865 534 920 dice
571 856 1036 932 μεμνῷτοεειηιιη]
1083 881 1198 920 esse
1237 866 1483 937 putavit,
1523 881 1692 936 quum
1733 873 1881 920 certa
1922 866 2198 937 analogia,
2239 856 2402 940 quam

415 952 719 1006 Atticorum
761 967 892 1006 usus
932 951 1087 1023 plane
1125 953 1439 1016 confirmat,
1481 962 1714 1022 μεμνῇτο
1759 953 1945 1009 doceat
1983 970 2014 1010 a
2053 955 2402 1027 Xenophonte

414 1056 530 1094 esse
569 1040 851 1111 scriptum.
931 1038 992 1094 Id
1028 1041 1205 1111 ipsum
1245 1047 1420 1096 exstat
1460 1039 1721 1111 hodieque
1757 1041 1812 1094 in
1852 1041 2005 1096 libris
2044 1042 2399 1113 quibusdam,

414 1133 699 1182 utcontra
745 1128 982 1195 μεμνῷτο
1023 1135 1075 1182 et
1126 1128 1370 1195 μέμνοιτο
1425 1128 1479 1182 in
1522 1127 1678 1182 Pluto
1731 1127 1890 1182 multi
1942 1127 2065 1183 libri
2114 1128 2401 1198 exhibent,

414 1213 867 1288 quemadmodum
906 1231 1092 1269 omnes
1132 1216 1364 1287 turpiter
1410 1221 1594 1269 errant
1635 1216 1689 1268 in
1731 1215 1962 1270 Anabasi
1999 1216 2044 1273 I.
2089 1221 2141 1274 7.
2186 1222 2236 1271 5.
2291 1236 2400 1273 ser-

412 1311 601 1358 vantes
651 1304 751 1358 οὖδ’
808 1304 850 1357 εἶ
904 1303 1118 1369 μέμνοιό
1171 1324 1229 1357 τε
1286 1303 1374 1357 καὶ
1427 1303 1650 1368 βούλοιο.
1743 1303 1928 1358 Critici
1983 1306 2189 1373 μεμνῷο
2249 1322 2398 1378 repo·

412 1397 676 1453 suerunt,
723 1406 892 1462 quum
939 1399 1139 1459 μεμνῇο
1191 1389 1462 1446 deberent.
1542 1391 1605 1445 In
1657 1389 1933 1462 Sophoclis
1985 1391 2282 1448 Philocteta
2320 1409 2396 1448 VS.

417 1481 542 1532 119.
599 1479 653 1532 in
701 1478 1062 1533 Laurentiano
1116 1476 1307 1533 Codice
1349 1478 1593 1534 omnium
1647 1476 1939 1551 archetypo
1988 1478 2098 1534 vidi
2153 1496 2183 1534 a
2223 1481 2399 1552 prima

415 1581 581 1620 manu
615 1565 878 1637 scriptum
916 1565 1109 1620 fuisse:

717 1653 876 1722 σοφός
917 1656 965 1707 τ’
1004 1653 1068 1708 ἂν
1103 1655 1259 1714 αὑτὸς
1296 1654 1528 1717 κάγαθὸς
1569 1652 1780 1715 κέκλησ’
1820 1652 1959 1719 ἅμα.
2048 1729 2053 1731 ξ

414 1756 582 1812 quum
633 1748 905 1795 corrector
950 1742 1188 1813 reposuit
1246 1746 1444 1803 κεκλῆι’
1499 1739 1619 1806 ἅμα
1673 1748 1726 1793 et
1775 1741 2084 1795 annotavit:
2139 1743 2254 1798 ἀντὶ
2306 1748 2394 1798 τοῦ

412 1828 723 1894 κεκλημένος
762 1828 887 1891 εἴης.
966 1829 1359 1900 Antiquissima
1393 1827 1652 1882 librorum
1694 1828 1826 1883 vitia
1865 1829 1920 1881 in
1957 1828 2156 1884 talibus
2194 1831 2395 1902 optime

412 1932 568 1971 verae
616 1916 917 1986 scripturae
956 1924 1104 1971 certa
1144 1914 1355 1970 indicia
1398 1923 1631 1970 servant.
1711 1916 1772 1969 In
1816 1915 2090 1987 Sophoclis
2130 1915 2395 1989 fragmen·

412 2005 483 2058 tis
521 2003 745 2058 affertur
780 2005 837 2057 ἐκ
874 2006 972 2059 τῶν
1014 2004 1324 2058 Φθιωτίδωνε

718 2095 746 2155 ἦ
785 2092 1124 2159 πατροκτόνος
1159 2090 1269 2153 δίκη
1325 2089 1334 2164 Ι
1386 2090 1595 2153 κέκλητ’
1633 2091 1695 2146 ἂν
1734 2093 1891 2159 αὐτῷ.

413 2196 442 2233 e
497 2179 723 2233 Bekkeri
777 2178 974 2233 Anecd.
1034 2197 1086 2250 p.
1129 2182 1268 2242 128,
1313 2183 1361 2232 4.
1417 2179 1484 2232 ad
1532 2178 2009 2233 demonstrandum
2073 2178 2149 2235 ὅτι
2202 2182 2260 2235 τὸ
2317 2180 2393 2236 ἄν

411 2265 761 2321 συντάσσεται
800 2267 1193 2333 παρακειμένοις
1234 2265 1321 2320 καὶ
1371 2268 1813 2335 ὑπερσυντελικοῖς
1835 2305 1855 2328 ,
1899 2266 1991 2321 sed
2044 2284 2216 2340 neque
2261 2269 2394 2324 Bek-

409 2354 573 2408 kerus
613 2369 785 2425 neque
826 2353 1255 2424 fragmentorum
1304 2352 1536 2408 editores
1586 2354 2085 2409 animadverterunt
2133 2372 2198 2410 ex
2245 2373 2393 2429 prae·

410 2440 723 2495 cedentibus
769 2444 1021 2501 εὐκτικοῖς
1061 2457 1177 2495 esse
1219 2441 1569 2512 repetendum
1612 2448 1665 2496 et
1703 2442 1912 2497 dedisse
1949 2441 2263 2513 Sophoclem
2311 2466 2391 2499 κε-

408 2531 560 2599 κλῇτ’
591 2527 656 2584 ἂν
693 2529 851 2596 αὐτῷ.
931 2529 991 2582 In
1040 2529 1434 2600 antiquissimis
1478 2527 1760 2584 Codicibus
1809 2529 2058 2584 omnibus
2096 2533 2392 2588 sexcenties

408 2617 433 2672 I
473 2622 566 2671 aut
609 2622 810 2670 temere
851 2615 1070 2670 additur
1120 2623 1212 2671 aut
1273 2616 1609 2687 negligenter
1652 2617 1956 2682 omittitur,
2018 2624 2078 2672 ut
2117 2619 2297 2674 nullus
2331 2620 2392 2674 li-

406 2704 503 2759 ber
540 2709 689 2758 tanta
737 2702 839 2757 fide
892 2704 962 2757 sit
1003 2710 1064 2757 ut
1102 2710 1248 2758 certo
1297 2705 1426 2758 sciri
1475 2705 1639 2776 possit
1677 2706 1733 2758 in
1782 2714 2233 2769 ΜΕΜΝΗΣΘΕ,
2276 2717 2390 2763 ΚΕ-

406 2798 687 2855 ΚΛΗΤΟ,
727 2799 1024 2846 ΚΑΘΗΤΟ
1063 2791 1436 2863 similibusque
1473 2798 1657 2846 utrum
1693 2793 1955 2860 μέμνησθε
2003 2810 2069 2847 an
2099 2797 2390 2865 μεμνῇσθε,

409 2880 626 2941 κέκλητο
668 2895 736 2932 an
771 2888 1022 2948 κεκλῇτο,
1082 2881 1272 2943 καθῆτο
1322 2896 1388 2933 an
1435 2881 1624 2948 καθῇτο
1675 2880 1746 2934 sit
1796 2881 1997 2936 verius,
2081 2881 2140 2935 In
2193 2882 2388 2938 talibus

407 2967 576 3037 igitur
614 2966 947 3037 saepiuscule
993 2972 1203 3021 vetusta
1238 2966 1409 3020 forma
1449 2973 1568 3021 tuto
1619 2967 1918 3034 delitescit,
1975 2967 2140 3024 donec
2179 2972 2390 3026 acutior

406 3053 602 3124 aliquis
635 3052 795 3106 simul
830 3055 1124 3125 optativum
1165 3055 1370 3125 requiri
1412 3054 1678 3125 intelligat
1715 3062 1767 3110 et
1813 3056 2067 3110 continuo
2107 3058 2386 3128 scriptoris

406 3157 627 3196 manum
677 3139 881 3195 eliciat:
938 3142 1078 3213 quod
1129 3141 1330 3196 sactum
1375 3147 1455 3196 est
1496 3143 1551 3195 in
1598 3141 1869 3197 Andocide
1914 3142 2057 3198 Orat.
2094 3143 2136 3197 Ι.
2189 3148 2216 3215 §
2257 3148 2384 3203 142.

407 3230 462 3282 in
508 3227 686 3283 verbis
733 3228 937 3290 εἰκότως
981 3231 1023 3284 δ’
1074 3229 1137 3284 ἂν
1195 3232 1361 3284 αὐτῶν
1411 3231 1737 3297 μεμνῆσθαι,
1803 3229 1893 3284 ubi
1938 3238 2383 3287 ΜΕΜΝΗΣΘΑΙ

405 3315 607 3388 duplici
648 3314 915 3370 tralaticio
955 3334 1136 3371 errore
1190 3316 1418 3371 fideliter
1458 3318 1690 3372 servavit
1744 3315 1982 3371 Oratoris
2034 3334 2253 3373 manum
2289 3341 2381 3385 με·

405 3410 627 3473 μνῇσθε,
667 3409 721 3457 et
756 3403 810 3456 in
850 3404 1030 3458 eodem
1076 3406 1272 3458 iterum
1327 3403 1470 3459 Orat.
1505 3404 1570 3458 11.
1614 3407 1762 3476 §24
1820 3406 1958 3459 οὐδὲν
2007 3403 2087 3460 οὖν
2134 3405 2208 3460 ἔτι
2264 3408 2395 3461 ὑπο·.

405 3493 647 3547 λείπεται
691 3488 786 3558 ὅτῳ
830 3490 893 3545 ἄν
929 3513 1012 3557 μοι
1067 3493 1270 3553 δικαίως
1312 3493 1730 3559 διαβεβλῆσθαι,
1774 3492 1882 3548 imo
1923 3508 2046 3548 vero
2091 3494 2381 3566 διαβεβλῇ-

407 3582 519 3645 σθε,
560 3586 619 3634 ut
651 3578 919 3634 Dohraeus
969 3587 1020 3633 et
1055 3580 1325 3635 Beklterus
1365 3579 1732 3635 emendarunt.
