2436 4068
996 210 1100 260 295

1000 356 1013 372 9
1065 355 1078 372 e
1128 355 1143 373 9
1194 353 1207 369 9

372 443 548 508 μάτην
583 443 759 502 πόνους
799 441 1009 508 ἔχοντες
1048 442 1187 495 οὐδὲν
1226 440 1431 500 εἰδότες.
1984 504 1987 509 .

152 529 283 597 Quis
319 530 530 601 ignorat
571 547 729 601 quam
768 546 923 601 saepe
959 529 1102 583 κεναὶ
1136 530 1341 589 ἐλπίδες
1383 544 1413 581 a
1454 528 1624 599 poetis
1657 525 1763 582 dici
1810 526 2046 582 soleant?

76 618 342 673 Tenemus
381 619 551 688 igitur
583 617 827 672 fraudem
870 615 1228 670 manifestam.
1306 616 1473 670 Multo
1516 614 1723 671 foedius
1771 615 2052 687 inquinata

74 713 202 760 sunt
244 704 400 760 verba
440 712 627 777 poetae
662 706 703 758 Ι.
746 710 798 759 5.

1353 797 1504 846 Μισῶ

376 883 535 950 σοφὸν
573 883 625 934 ἐν
662 880 925 945 λόγοισιν,
964 880 1016 939 ἐς
1059 879 1101 932 δ’
1138 881 1302 940 ὄνησιν
1341 882 1396 933 οὐ
1437 879 1614 947 σοφόν.

78 985 320 1041 expunge
358 968 464 1023 duo
492 968 811 1023 emblemata
847 975 901 1022 et
933 965 1249 1038 Euripidem
1290 983 1581 1038 agnosces:

376 1061 528 1110 Μισῶ
567 1059 726 1125 σοφὸν
765 1057 1028 1122 λόγοισιν,
1067 1056 1119 1115 ἐς
1158 1058 1202 1111 δ’
1242 1055 1405 1118 ὄνησιν
1444 1053 1520 1108 οὔ.

76 1144 263 1202 Obiter
300 1144 496 1200 adiuva
535 1144 864 1200 laborantem
907 1144 1198 1214 Tragicum
1236 1143 1349 1197 VII.
1391 1148 1442 1197 5.

303 1236 424 1302 πρὸς
464 1234 562 1294 τας
602 1235 814 1301 χρήσεις
851 1234 954 1300 χρὴ
993 1232 1082 1286 καὶ
1121 1232 1192 1287 τοὶ
1233 1230 1538 1300 πράγματα
1577 1240 1785 1288 σκοπεῖν

303 1321 391 1376 καὶ
432 1322 532 1383 τὰς
569 1322 775 1383 διαίτας
813 1327 913 1376 τῶν
951 1326 1120 1376 κακῶν
1159 1342 1218 1375 τε
1257 1322 1519 1386 κάγαθῶν.

79 1410 188 1464 imo
223 1426 348 1465 vero
386 1412 508 1478 πρὸς
543 1411 644 1471 τὰς
680 1410 866 1480 φύσεις
898 1413 1000 1477 χρὴ
1022 1416 1357 1474 -σκοπεῖν,
1398 1409 1445 1463 si
1484 1409 1566 1463 vis
1607 1407 1921 1480 Euripidem
1966 1426 2059 1464 au·

80 1497 213 1553 dire.
292 1499 532 1571 Ineptam
575 1498 1038 1570 interpolationem
1081 1497 1219 1552 male
1257 1496 1458 1552 occulit
1495 1496 1645 1552 locus
1677 1497 1792 1552 VII.
1836 1501 1886 1552 2.

383 1588 407 1640 ὁ
446 1587 490 1641 δ’
531 1587 649 1651 ἡδὺς
690 1589 810 1642 αἰὼν
852 1590 880 1651 ἡ
919 1588 1054 1651 κακή
1094 1591 1143 1640 τ’
1183 1587 1417 1652 ἀτολμία

381 1677 487 1731 οὔτ’
527 1673 656 1730 οἶκον
694 1676 826 1731 οὔτε·
852 1682 1016 1741 γαῖαν
1058 1675 1309 1743 ὀρθώσειεν
1349 1673 1430 1728 ἄν.

81 1763 220 1819 Num
255 1771 316 1819 tu
359 1763 489 1819 haec
529 1765 705 1836 ipsum
738 1763 1050 1836 Euripidem
1094 1762 1304 1818 dedisse
1337 1762 1657 1818 existimas?
1698 1769 1751 1818 et
1789 1762 1896 1818 οὔτ’
1932 1760 2063 1819 οἷκον

81 1851 199 1907 οὔτε
236 1858 403 1918 γαῖαν
442 1854 495 1907 in
538 1852 637 1907 hac
676 1853 942 1907 sententia
986 1851 1120 1907 hene
1161 1851 1407 1923 componi
1458 1850 1655 1923 putas?
1737 1850 1915 1906 Placet
1953 1851 2061 1906 edi-

84 1941 188 1995 tori
244 1948 460 2003 tamen,
518 1942 608 2013 qni
666 1942 1087 2012 iuterpretatur:
1152 1957 1359 2011 »nequo
1418 1957 1577 1993 urtam
1631 1939 1843 1993 domum
1899 1958 2063 2012 neque

81 2047 285 2084 omnem
342 2029 657 2085 civitatem.'’
737 2028 793 2083 Si
850 2030 928 2082 sic
988 2028 1334 2099 interpretari
1393 2027 1574 2082 licebit
1635 2027 1778 2081 nulla
1831 2045 2059 2100 usquam

81 2117 322 2173 haerebit
360 2117 666 2172 difficultas.
746 2117 849 2172 Sed
883 2115 1103 2187 affulget
1142 2115 1233 2170 lux
1274 2114 1507 2170 aliunde.
1589 2115 1677 2170 Bis
1718 2116 1901 2171 eadem
1944 2135 2063 2172 sen-

82 2207 250 2261 tentia
289 2204 526 2261 indidem
573 2212 782 2260 servata
823 2204 963 2277 apud
1014 2204 1297 2258 Stobaeum
1348 2210 1430 2257 est
1476 2203 1658 2258 Floril.
1695 2204 1834 2260 VIII.
1879 2210 1966 2260 15.
2008 2213 2062 2260 et

83 2294 271 2350 XXIX.
313 2297 402 2348 22.
484 2294 593 2348 Hoc
632 2301 812 2349 autem
854 2292 968 2348 loco
1004 2310 1068 2348 ex
1108 2290 1409 2347 Erechtheo
1448 2290 1704 2348 affertur:

382 2384 407 2436 ὂ
444 2384 488 2437 δ’
530 2383 648 2446 ἡδὺς
687 2384 807 2438 αἰὼν
847 2385 876 2446 ἦ
915 2383 1051 2446 κακή
1088 2384 1137 2436 τ’
1176 2381 1412 2446 ἀτολμία

381 2471 489 2526 οὔτ’
527 2468 656 2526 οἶκον
695 2471 812 2526 οὔτε
851 2470 1023 2536 βίοτον
1062 2470 1199 2525 οὐδὲν
1240 2473 1450 2538 ὠφελεῖ.

0 2566 25 2643 ἰ
80 2574 217 2632 quae
256 2560 417 2614 etiam
462 2560 634 2630 magis
673 2558 901 2614 mirifica
946 2565 1027 2614 est
1064 2559 1324 2630 oppositio
1365 2558 1472 2612 οὔτ’
1511 2555 1641 2619 οἶκος
1694 2561 1811 2614 οὔτε
1864 2562 2056 2626 βίοτος.

16 2655 30 2724 3
77 2646 218 2703 Ecce
258 2648 369 2719 ipse
415 2646 701 2719 Euripides
739 2646 914 2718 prodit
954 2646 1143 2702 leviter
1180 2653 1390 2701 tantum
1431 2645 1746 2702 vulneratus
1783 2665 1847 2703 ex
1889 2649 2057 2705 altero

0 2741 28 2794 J.'
82 2733 228 2791 loco:
268 2737 540 2803 Εὐριπίδου
578 2735 885 2804 Ἀρχελάῳ·

22 2854 27 2863 ι

15 2901 23 2924 i

0 2936 3 2947 ι
15 2939 21 2951 ι

386 2825 409 2878 ὖ
448 2826 492 2879 δ’
533 2825 652 2888 ἡδὺς
692 2826 813 2879 αἰὼν
854 2826 883 2887 ἡ
923 2825 1058 2888 κακή
1098 2826 1147 2878 τ’
1186 2824 1431 2891 ἀνανδρία

385 2912 492 2967 οὔτ’
531 2910 661 2968 οἷκον
700 2913 817 2968 οὔτε
858 2912 1008 2967 πόλιν
1052 2914 1077 2938 ⁴
1117 2913 1367 2979 ορθώσειεν
1407 2910 1488 2966 ἄν.

83 3001 456 3072 unusquisqne
498 3002 683 3056 statim
724 3002 1019 3056 correxerit
1056 3002 1373 3069 ἀνορθώσειεν
1411 2998 1513 3064 ἄν,
1554 2999 1695 3071 quod
1742 3000 2064 3058 Valckenae-

2 3120 5 3122 -
82 3089 200 3143 rius
236 3094 290 3141 et
332 3088 598 3143 Porsonus
644 3096 1052 3162 praeceperunt.
1134 3089 1243 3143 Hoc
1284 3088 1501 3143 demum
1551 3105 1743 3144 sanum
1785 3097 1837 3144 et
1877 3093 2061 3162 genui-

85 3192 214 3231 num
257 3182 371 3231 est:
421 3174 550 3238 οἶκος
606 3185 660 3232 ct
710 3178 859 3239 πόλις
907 3178 958 3231 in
1002 3176 1094 3231 tali
1147 3194 1206 3231 re
1252 3177 1465 3248 egregie
1513 3185 1940 3248 componuntur,
2002 3186 2061 3233 ut

83 3261 142 3318 εὖ
178 3265 375 3319 διοικεῖν
409 3266 559 3321 πόλιν
598 3265 686 3321 καὶ
725 3267 886 3320 οἰκίαν
927 3282 1084 3337 saepe
1126 3265 1268 3338 apud
1310 3264 1582 3319 Platonem
1636 3265 1826 3321 docere
1866 3286 1921 3321 se
1967 3268 2061 3322 So-

88 3350 296 3422 phistae
334 3353 693 3425 profitentur,
739 3362 799 3409 ut
840 3354 892 3408 in
944 3354 1069 3426 Rep.
1105 3355 1167 3410 X.
1226 3371 1276 3426 p.
1312 3358 1422 3409 600
1461 3354 1520 3408 D.
1576 3354 1684 3409 οὔτ’
1732 3356 1891 3410 οἰκίαν
1943 3356 2061 3411 οὔτε

89 3438 240 3493 πόλιν
286 3443 378 3504 ‘ritu
418 3445 583 3498 αὐτῶν
623 3444 820 3498 διοικεῖν
858 3440 948 3497 οἶοί
985 3446 1033 3498 τ’
1081 3443 1282 3498 ἔσονται
1309 3486 1321 3504 .
1383 3442 1473 3497 ubi
1511 3442 1664 3515 plura
1709 3443 1852 3498 dedit
1907 3443 2061 3499 Stall-

93 3526 355 3583 baumius.
433 3530 551 3603 lpse
592 3530 876 3603 Euripides
926 3531 1052 3587 alibi
1094 3531 1238 3587 Stob.
1282 3530 1460 3587 Floril.
1495 3531 1624 3586 LIV.
1669 3536 1718 3585 ὕ.
