2436 4068
1307 198 1412 249 706

391 353 566 400 autem
616 345 860 416 pessimis
922 342 1091 395 modis
1149 342 1429 395 mutilatus
1471 350 1550 395 est
1601 349 1650 396 et
1706 350 2006 415 corruptus.
2091 347 2235 413 Quae
2275 363 2359 401 ex·
2434 376 2436 391 ‹

391 442 536 488 stant
572 452 633 486 ex
678 433 876 484 maiore
915 446 1070 500 opere
1103 437 1351 500 excerpta
1393 437 1546 492 sunt,
1593 432 1737 483 tenui
1773 431 1859 484 filo
1897 440 2116 485 consuta
2155 434 2359 488 eadem-

395 540 497 593 que
533 521 739 574 lacunis
783 518 958 572 lacera
1005 525 1057 571 et
1107 517 1354 588 plurimis
1396 517 1603 570 mendis
1656 518 1863 583 obsita,
1920 527 1977 572 ut
2019 522 2230 591 saepius
2272 539 2361 575 ne·
2435 529 2436 533 ’

394 627 495 680 que
537 607 802 662 sententia
843 605 948 658 ulla
986 605 1092 657 ullo
1142 605 1294 658 modo
1332 605 1572 675 exsculpi
1611 609 1802 676 possit,
1864 625 2035 677 neque
2088 608 2194 662 ulla
2246 626 2364 680 spes
2431 624 2434 639 ³

394 704 571 751 certae
612 694 998 750 emendationis
1035 691 1316 761 affulgeat,
1352 693 1512 745 etiam
1554 695 1597 744 si
1636 696 1754 763 quis
1777 711 1960 748 omnes
1996 697 2197 766 ingenii
2225 697 2363 750 vires
2402 702 2435 766 3³2}

393 787 485 838 diu
527 792 577 838 et
621 783 849 836 multum
888 779 1202 834 intenderit.
1281 778 1424 831 Nihil
1467 779 1612 832 aliud
1655 780 1791 834 effici
1834 789 2003 853 potest
2048 785 2152 836 nisi
2196 793 2255 838 ut
2297 771 2436 857 exii?

393 873 477 926 his
534 871 699 925 veluti
756 869 1003 923 frustulis
1064 868 1288 922 eximiae
1356 868 1636 921 cuiusdam
1699 869 1907 923 tabulae
1977 870 2252 924 diffractae
2311 853 2436 947 etf}

393 961 755 1014 comminutae
797 957 1034 1010 maculas
1073 955 1329 1027 quasdam
1367 962 1419 1008 et
1455 955 1637 1009 sordes
1669 956 1846 1022 eluaS,
1887 957 1939 1010 id
1975 959 2114 1028 quod
2146 967 2363 1030 propter
2395 949 2436 1047 ἰ

393 1049 604 1102 illarum
649 1046 997 1116 reliquiarum
1038 1042 1418 1115 praestantiam
1475 1043 1657 1096 sedulo
1701 1043 1910 1099 faciam.
1990 1045 2189 1116 Nempe
2231 1046 2364 1100 mihi
2398 1033 2414 1060 ”

388 1136 603 1207 quidem
649 1151 746 1188 cur
793 1132 847 1186 hi
890 1132 1010 1185 libri
1050 1149 1153 1184 non
1203 1130 1268 1184 ab
1305 1131 1419 1200 ipso
1461 1130 1808 1201 Xenophonte
1861 1134 2050 1204 scripti
2101 1151 2214 1188 esse
2255 1137 2363 1189 exi·

389 1226 680 1279 stimentur
731 1219 865 1275 nihil
917 1236 1108 1273 causae
1163 1236 1279 1272 esse
1327 1217 1568 1272 videtur:
1632 1226 1815 1273 contra
1880 1222 2146 1275 neminem
2197 1222 2418 1276 alium

387 1319 600 1385 praeter
634 1309 1034 1380 Xenophontem
1081 1308 1364 1378 utriusque
1404 1305 1529 1359 libri
1566 1323 1680 1360 esse
1722 1317 1993 1363 auctorem
2039 1309 2207 1363 multa
2243 1326 2359 1364 sua·
2389 1293 2417 1372 V*

389 1402 517 1456 dent
561 1407 620 1453 ut
667 1397 904 1452 credam.
986 1396 1059 1450 De
1114 1411 1219 1465 qua
1275 1411 1331 1448 re
1379 1395 1615 1465 primum
1677 1397 1916 1450 omnium
1962 1399 2108 1451 iuvat
2166 1386 2415 1490 dicere.{

391 1489 583 1545 Ordiar
616 1486 681 1540 ab
721 1484 811 1538 illo
849 1483 991 1545 loce,
1034 1484 1125 1553 qui
1165 1482 1365 1552 legitur
1406 1483 1492 1536 Xl.
1536 1488 1587 1536 8.
1642 1481 1716 1538 ὅτι
1758 1486 1852 1549 μὲν
1893 1486 2239 1540 παλαιότατοι
2283 1483 2361 1540 οὗ·
2395 1491 2419 1546 {¹1-

387 1600 461 1632 τοι
516 1578 557 1630 οἱ
613 1576 750 1640 νόμοι
816 1572 979 1646 (leges
1032 1571 1288 1644 Lycurgi)
1346 1571 1551 1639 σαφές·
1610 1573 1631 1624 ὁ
1682 1572 1786 1639 γὰρ
1841 1578 2133 1640 Λυκοῦργος
2188 1575 2361 1628 κατὰ
2395 1559 2427 1656 {y

387 1668 531 1726 τοὺς
573 1663 993 1730 Ἡρακλείδας
1034 1660 1252 1723 λέγεται
1287 1659 1543 1723 γενέσθαι.
1625 1659 1963 1715 Manifestum
1999 1670 2078 1715 est
2113 1679 2172 1716 ea
2203 1662 2361 1716 verba
2398 1653 2426 1732 {5

387 1754 440 1807 id
491 1751 795 1822 siguificare
846 1748 986 1819 quod
1042 1746 1240 1801 eruditi
1292 1746 1535 1800 historici
1577 1754 1629 1800 et
1675 1754 1971 1818 temporum
2023 1751 2414 1820 indagatores?

389 1842 662 1912 aliquanto
684 1844 799 1908 post
820 1836 1254 1908 Xenophonteam
1293 1842 1521 1888 aetatem
1558 1835 1735 1889 dicere
1771 1836 1941 1890 solent
1970 1838 2112 1893 κατα
2147 1840 2237 1901 τὴν
2267 1844 2363 1893 τῶν
2395 1837 2421 1891 ἶίἶ·

386 1928 723 1997 Ἡρακλειδῶν
758 1924 978 1978 κάθοδον.
1059 1922 1380 1977 Plutarchus
1415 1923 1469 1975 in
1506 1923 1740 1996 Lycurg.
1786 1941 1899 1996 cap.
1939 1931 1988 1979 1.
2034 1926 2098 1979 de
2125 1926 2359 1998 Lycurgi
2394 1886 2420 1992 l

388 2023 561 2072 aetate
630 2014 911 2085 disputans
966 2029 1131 2083 quum
1197 2010 1492 2064 sententias
1553 2011 1891 2075 AristoteliS,
1950 1993 2409 2080 E1·atosthenis,i

387 2103 688 2178 Apollodori
730 2109 781 2155 et
819 2101 1019 2153 Timaei
1062 2100 1392 2170 exposuisset
1435 2100 1508 2151 ita
1553 2100 1761 2170 pergit:
1803 2101 1970 2155 δίδωσι
1998 2103 2050 2156 δὲ
2090 2104 2178 2157 καὶ
2219 2113 2361 2161 Ξενο-

388 2200 498 2263 φῶν
540 2191 773 2246 ὑπόνοιαν
809 2188 1157 2255 ἀρχαιότητος
1188 2189 1237 2241 ἐν
1271 2182 1340 2247 οἷς
1381 2187 1466 2240 τὸν
1506 2185 1663 2254 ἄνδρα
1697 2187 1844 2252 λέγει
1879 2190 2148 2254 γεγονέναι
2185 2193 2359 2246 κατὰ

391 2283 538 2342 τοὺς
581 2277 1038 2345 Ἡρακλείδας,
1080 2275 1275 2346 quibus
1315 2291 1421 2328 non
1463 2274 1748 2329 admodum
1803 2285 1958 2330 acute
1999 2277 2233 2333 addidit:
2275 2281 2362 2344 γέ-

392 2391 460 2425 νει
511 2368 605 2434 μὲν
641 2366 746 2432 γαρ
787 2365 1117 2430 Ἡρακλεῖδαι
1167 2364 1406 2426 δήπουθεν
1464 2358 1591 2423 ἦσαν
1644 2361 1730 2415 καὶ
1778 2365 1820 2417 οἱ
1876 2364 2113 2420 νεώτατοι
2167 2369 2265 2422 τῶν
2316 2370 2367 2421 ἐν

395 2457 614 2524 Σπάρτῃ
668 2451 947 2519 βασιλέων.
1004 2452 1026 2503 ὅ
1081 2451 1132 2503 δὲ
1186 2450 1314 2504 ἔοικε
1364 2450 1657 2518 βουλομένῳ
1705 2451 1821 2511 τοὺς
1875 2454 2098 2519 πρώτους
2152 2455 2366 2516 ἐκείνους

397 2546 483 2601 καὶ
540 2545 799 2607 σύνεγγυς
850 2538 1156 2606 Ἡρακλέους
1193 2537 1454 2606 ὀνομάζειν
1503 2539 1862 2606 Ἡρακλείδας.
1940 2541 2046 2593 Hos
2083 2541 2368 2613 Euripides
2419 2547 2436 2612 ἦ

398 2641 451 2689 et
492 2631 708 2702 Tragici
745 2627 1085 2695 Ἡρακλείδας
1126 2626 1431 2697 appellant,
1474 2633 1526 2680 et
1570 2627 1830 2696 pictoreS‚
1873 2634 1929 2681 ut
1970 2630 2025 2681 in
2062 2631 2366 2702 Aristopha-
2404 2621 2436 2683 122?

402 2724 486 2776 nis
515 2721 669 2775 Pluto
709 2735 784 2771 vs,
810 2720 934 2771 585.
1016 2714 1220 2768 Caeteri
1262 2731 1350 2768 eos
1384 2715 1498 2774 τοὺς
1531 2714 1839 2782 Ἡρακλέους
1874 2717 2072 2778 παῖδας
2107 2719 2371 2790 appellare

404 2811 603 2872 solent,
646 2813 706 2860 ut
742 2821 896 2875 saepe
938 2804 989 2855 in
1023 2802 1352 2875 Panegyrico
1386 2804 1680 2866 IsocrateS‚
1722 2802 1813 2856 sed
1862 2804 2072 2859 eosdem
2107 2809 2372 2874 Ἡρακλεί-

405 2902 498 2958 δας
561 2893 850 2965 Xenophon
909 2891 1151 2944 nominat
1203 2890 1256 2942 in
1314 2891 1530 2944 Memor.
1574 2891 1664 2944 111.
1707 2908 1757 2945 v.
1809 2896 1890 2946 10.
1972 2894 2372 2965 Xenophontem
2402 2901 2436 2942 ἑὲ

407 2993 626 3058 apparet
669 2999 770 3035 non
813 2980 907 3032 hos
948 2978 1154 3042 dicere,
1195 2978 1286 3032 sed
1327 2996 1445 3042 eos,
1506 2980 1596 3050 qui
1639 2979 1704 3033 ab
1759 2978 1913 3049 longo
1970 2981 2126 3034 exilio
2173 2985 2374 3038 reversi

406 3080 459 3129 et
497 3072 614 3126 aliis
669 3067 1013 3138 Peloponnesi
1066 3066 1306 3136 partibus
1353 3075 1405 3121 et
1457 3067 1715 3120 Laconica
1768 3069 1922 3138 potiti
1968 3077 2124 3122 sunt:
2180 3072 2374 3141 quihus

411 3160 549 3234 quod
610 3158 919 3231 Lycurgum
977 3155 1252 3225 aequalem
1292 3153 1457 3208 fuisse
1513 3162 1696 3209 narrat
1745 3155 2086 3211 vehementer
2138 3157 2375 3226 fallitur,
2408 3151 2436 3252 δ’

411 3248 624 3305 sedest
673 3262 733 3300 ea
786 3245 900 3314 ipsa
939 3258 1024 3295 res
1076 3241 1271 3294 indicio
1313 3242 1456 3296 hunc
1509 3243 1620 3310 περὶ
1661 3250 1753 3304 τῆς
1802 3245 2054 3298 Λακώνων
2109 3246 2422 3308 πολιτείαςῖ

406 3333 643 3390 libellum
685 3337 1012 3403 perveterem
1067 3345 1183 3382 esse
1223 3336 1274 3382 et
1320 3329 1466 3382 illius
1507 3330 1698 3383 aetatis
1748 3347 1912 3401 quum
1965 3333 2199 3388 nondum
2246 3334 2372 3390 haec

406 3439 438 3476 a
478 3437 744 3492 quoquam
794 3418 1105 3488 diligentius
1145 3416 1415 3486 explorata
1452 3424 1503 3470 et
1548 3418 1875 3487 temporibus
1927 3423 2040 3475 suis
2080 3422 2250 3476 divisa
2297 3439 2370 3476 es·

406 3517 540 3565 sent.
622 3508 781 3562 Vides
812 3504 1158 3560 Plutarchum
1194 3503 1561 3558 indubitanter
1592 3504 1735 3559 hunc
1767 3506 2000 3561 libellum
2036 3509 2370 3581 Xenophonti

405 3599 641 3652 tribuere
675 3604 727 3651 et
764 3597 880 3650 eius
914 3594 1232 3649 auctoritate
1272 3609 1520 3648 securim]
1566 3594 1639 3647 uti
1664 3635 1678 3658 ,
1720 3611 1879 3665 quam
1916 3613 2038 3650 cum
2078 3597 2368 3654 doctissimi

2427 1618 2436 1707 t

2400 1826 2408 1839 ⁴
2398 1813 2409 1823 v

2414 1788 2436 1895 ‘aa‘
2423 1710 2436 1785 a...

2422 1897 2436 1963 fi.-

2410 1957 2436 2184 *m

2426 2515 2427 2518 „
2409 2450 2436 2504 ἷζε
2409 2187 2436 2446 ῒὌΞῙΙ-Ρῒῖφέ
