2436 4068
1367 176 1471 226 756

423 324 628 378 adiecta
670 338 771 375 non
816 318 982 371 multo
1020 323 1100 370 est
1141 319 1319 370 sanior
1359 335 1516 388 quam
1573 317 1757 371 Latina
1800 317 2012 388 vulgata
2051 319 2113 373 de
2158 321 2384 393 Vectiqa-

422 413 572 466 libus,
654 408 854 462 Laudat
899 406 1040 458 hunc
1081 405 1443 475 Xenophontis
1493 405 1687 458 librum
1731 405 1873 458 solus
1917 405 2204 473 Veterum,
2245 411 2383 479 quod
2434 439 2436 442 <

420 501 583 552 sciam
609 539 621 560 ,
665 494 1003 566 pereruditus
1046 492 1226 546 rhetor
1266 493 1551 546 Menander
1590 492 1700 560 περὶ
1744 494 2087 547 ἐπιδεικτικῶν
2129 497 2182 548 in
2240 497 2384 551 Wat-
2434 519 2436 521 ¹

419 588 488 639 zii
541 584 716 637 Rhett.
772 582 954 634 Graec.
994 581 1081 634 IX.
1125 599 1173 651 p.
1216 584 1350 633 161:
1409 583 1450 633 εἶ
1486 581 1535 633 δὲ
1579 582 1706 647 νήσῳ
1748 581 1963 634 ἐοικυῖαν
2008 583 2199 655 (χώραν
2241 586 2383 640 ἐπικι-
2433 615 2436 655 f

419 672 567 744 νοίης)
624 669 660 724 οἵ
714 691 772 723 τε
814 670 924 735 περὶ
986 670 1150 735 Τύρου
1204 669 1561 734 Ἀριςόβουλος
1612 669 1809 748 {admo-s
1857 670 1942 723 κοεὶ
2003 673 2113 738 περὶ
2172 667 2436 739 Rumon}

417 760 695 827 Ἀριςείδης
745 757 831 810 κοιὶ
890 762 1117 824 Ξενοφῶν
1158 759 1206 809 ἐν
1259 763 1363 816 τοῖς
1413 755 1583 822 Πόροις
1632 756 1742 822 περὶ
1783 765 1874 818 τῆς
1929 760 2210 823 Ἀττικῆς,
2265 750 2436 828 nam-2}

418 850 495 902 sic
555 845 871 916 legendum:
935 847 1110 915 inepte
1164 844 1407 898 Walzius
1465 845 1515 895 ἐν
1571 851 1674 903 τοῖς
1732 843 1895 910 πόροις
1955 853 2058 905 τοῖς
2119 847 2229 914 περὶ
2289 831 2436 911 τῆςῧζ

415 941 678 996 Ἀττικῆς.
759 932 1121 1002 Xenophontis
1162 932 1308 985 locus
1350 948 1507 1001 quem
1547 931 1766 1000 respicit
1810 930 2081 1000 legiturl.
2128 939 2178 988 7.
2368 917 2436 1023 ζ

511 1024 624 1090 Quo
675 1038 812 1075 anno
869 1020 1155 1090 Xenophon
1210 1020 1462 1072 librum
1445 1039 1556 1084 περι
1600 1019 1767 1085 Πόρων
1821 1021 2094 1090 scr-ipseiit
2149 1022 2436 1108 nondumffi¹

415 1114 556 1166 inter
595 1112 737 1163 viros
792 1109 973 1162 doctos
1020 1110 1150 1162 satis
1206 1115 1430 1160 constat.
1511 1107 1643 1161 Nota
1684 1114 1763 1160 cst
1817 1107 2064 1162 Boeckhii
2118 1127 2178 1163 ea
2225 1111 2288 1165 de
2329 1128 2356 1164 r
2431 1123 2436 1172 ς·

415 1200 704 1270 disputatio
746 1199 800 1250 in
852 1195 1132 1250 Oeconom.
1189 1196 1340 1249 Potit.
1380 1195 1467 1248 IV
1512 1199 1598 1249 20.
1661 1212 1775 1266 pag.
1813 1200 1918 1250 778
1959 1214 2036 1268 sq.
2093 1200 2181 1252 cui
2235 1199 2354 1270 plan
2426 1214 2432 1221 ’

416 1289 677 1342 assentior
719 1286 829 1339 veri
879 1301 994 1337 esse
1046 1284 1377 1337 simillimum
1430 1285 1688 1337 statuenti
1732 1286 1990 1354 scriptum
2032 1303 2146 1340 esse
2186 1287 2324 1341 lihru
2364 1315 2365 1318 ¹

415 1376 596 1428 statim
641 1379 757 1442 post
811 1371 1006 1424 bellum
1059 1371 1248 1425 sociale
1304 1373 1653 1441 compositum
1706 1374 1786 1424 ἐπ’
1836 1371 2081 1440 ἄρχοντος
2121 1374 2413 1437 Ἀθήνησιν-

415 1462 692 1521 Ἐλπι’νου,
747 1458 1077 1531 Olympiadis
1129 1460 1238 1512 CVI
1277 1477 1419 1512 anno
1468 1461 1672 1529 prime,
1729 1469 1852 1513 ante
1900 1460 2019 1514 Chr.
2057 1461 2176 1536 552.
2257 1463 2391 1516 (ζου-ι’

416 1549 562 1603 veuit
602 1549 686 1600 itta
732 1565 865 1618 pax,
908 1563 1066 1618 quam
1112 1546 1397 1616 Xenophon
1442 1555 1822 1601 commemorat
1856 1549 1944 1602 IV.
1983 1553 2053 1603 40
2093 1558 2145 1603 et
2186 1550 2246 1604 V.
2287 1555 2353 1604 12

414 1637 623 1692 Eubulo
680 1644 898 1689 auctore
956 1634 1128 1687 inedia
1185 1635 1404 1687 circiter
1461 1643 1662 1688 aestate
1729 1639 1852 1688 anni
1896 1641 2020 1691 555.
2098 1637 2391 1710 Xenophon
2418 1655 2436 1699 ,ῑ

415 1727 584 1796 igitur
625 1740 788 1795 quum
829 1723 919 1776 illa
966 1723 1222 1775 scriberet
1279 1723 1466 1792 agebat
1507 1739 1705 1775 annum
1764 1726 1956 1778 aetatis
2015 1727 2232 1780 circiter
2274 1714 2415 1799 seps.

415 1814 776 1884 tuagesinium
819 1811 1114 1865 secundum
1156 1829 1220 1863 an
1259 1811 1509 1872 tertium;
1551 1813 1680 1863 satis
1722 1813 1862 1865 enim
1899 1829 1962 1866 ex
2002 1815 2113 1884 ipsa
2154 1807 2393 1870 Anabas'¹

416 1902 812 1955 demonstrasse
863 1899 1044 1952 =cideor
1086 1898 1198 1951 fieri
1256 1915 1360 1952 non
1401 1916 1551 1969 posse
1594 1906 1651 1952 ut
1691 1900 1978 1971 Xenophon
2021 1912 2144 1955 ante
2185 1919 2385 1957 annum

416 1995 542 2044 450.
598 1998 755 2042 natus
804 1989 910 2048 sit,
971 1987 1061 2040 sed
1121 2004 1224 2040 uno
1277 1987 1508 2040 61ῑ6ιω6
1561 2004 1698 2040 anno
1751 1989 1913 2042 etiam
1969 1989 2157 2044 serius,
2239 1990 2436 2081 Quodgs-

413 2096 509 2150 per
549 2076 913 2147 Xenophontis
952 2083 1178 2129 :etatem
1218 2075 1587 2145 percommode
1632 2075 1745 2128 fieri
1788 2084 1958 2146 potest
2005 2076 2144 2131 idem
2186 2076 2420 2150 passim·

414 2174 524 2220 toto
564 2166 699 2218 libro
758 2165 971 2234 egiegie
1025 2164 1391 2217 confir-‚matut
1474 2164 1693 2230 Quando
1748 2166 1889 2218 enini
1949 2165 2140 2219 melius
2194 2175 2246 2220 et
2299 2184 2392 2238 op·

413 2341 798 2396 Atheniensum
847 2342 921 2393 ita
963 2339 1333 2392 stabilirentur
1387 2347 1445 2392 ut
1501 2340 1715 2392 iniuriis
1772 2341 1823 2392 in
1879 2343 2048 2394 socios
2098 2342 2390 2397 abstinere-

412 2430 542 2484 tur?
606 2429 963 2498 Compositum
1006 2434 1119 2480 erat
1170 2444 1329 2495 grave
1379 2426 1571 2479 hellum
1618 2434 1793 2480 ortum
1837 2445 1898 2481 ex
1938 2429 2151 2482 iniuriis
2193 2431 2386 2500 quibus

416 2534 472 2571 36
505 2517 686 2569 vexari
723 2517 986 2568 sociorum
1020 2516 1374 2584 potentissimi
1412 2515 1792 2584 querebantur.
1873 2515 1971 2569 Ubi
2004 2533 2104 2587 pax
2140 2519 2387 2572 convenit

412 2605 700 2658 videndum
743 2612 855 2657 erat
899 2621 963 2656 ue
1009 2605 1204 2656 iterum
1259 2603 1465 2656 duriter
1507 2612 1558 2656 et
1601 2621 1757 2657 avare
1811 2605 1969 2656 sociis
2010 2605 2382 2675 imperaretur.
2417 2615 2436 2666 ,ἶ

415 2693 662 2747 Solebant
702 2699 878 2745 autem
926 2691 1145 2744 Athenis
1199 2691 1446 2746 Oratores
1496 2691 1648 2744 fateri
1710 2693 1878 2746 socios
1930 2693 2111 2746 vexari
2166 2701 2217 2747 et
2269 2712 2387 2765 spo·

412 2780 564 2843 liari,
607 2780 698 2833 sed
740 2797 853 2832 eam
906 2796 1020 2832 esse
1061 2779 1235 2849 populi
1282 2780 1510 2850 inopiam
1554 2787 1606 2832 ut
1655 2780 1704 2833 id
1747 2779 1920 2834 facere
1961 2797 2176 2834 necesse
2229 2789 2382 2835 esset.
2431 2823 2436 2833 .

414 2869 596 2922 Posuit
636 2868 734 2920 hoc
777 2871 950 2937 ipsum
1005 2867 1292 2938 Xenophon
1342 2869 1394 2920 in
1438 2869 1611 2937 operis
1665 2870 1848 2932 initio,
1902 2868 1991 2921 sed
2035 2868 2224 2938 duplex
2266 2887 2382 2924 ora-
2413 2855 2436 2924 ,ζέ

416 2957 550 3009 tioni
593 2955 843 3008 mendum
895 2955 1135 3009 adhaesit
1169 2956 1206 3008 l.
1256 2962 1315 3008 1:
1372 2955 1481 3008 ἐπεὶ
1522 2956 1573 3009 δὲ
1613 2958 1709 3009 τῶν
1751 2957 1986 3018 Ἀθήνησι
2041 2958 2399 3022 προεςηκότων

415 3044 714 3108 ε’,λέγοντό
778 3063 908 3102 τινες
963 3046 1026 3102 ὡς
1087 3045 1425 3107 γιγνώσκουσι
1477 3044 1571 3107 μὲν
1625 3046 1682 3098 τὸ
1742 3045 1928 3098 δίκαιον
1987 3045 2176 3104 οὐδενὸς
2234 3041 2380 3105 ἧττον

415 3135 511 3186 τῶν
553 3131 726 3185 ἄλλων
779 3131 1078 3197 ἀνθρώπων,
1138 3131 1219 3183 διὰ
1262 3131 1311 3183 δὲ
1353 3134 1441 3192 τὴν
1495 3136 1581 3184 τοῦ
1642 3133 1858 3194 πλήθους
1905 3132 2082 3184 πενίοεν
2140 3131 2436 3195 &mysach-:¹

414 3220 585 3287 ζεσθοιι
627 3219 877 3291 [ἔφασαν]
927 3219 1210 3284 ἀδικώτεροι
1247 3216 1373 3271 εἶναι
1411 3219 1522 3284 περὶ
1557 3219 1653 3279 τοὶς
1691 3220 1884 3279 πόλεις.
1967 3218 2228 3271 Vitiosum
2266 3181 2436 3284 633θὲ14

413 3307 650 3371 ἐλέγοντο
706 3309 834 3359 satis
888 3306 1229 3376 perspicuum
1275 3304 1402 3358 est:
1467 3323 1549 3357 res
1605 3307 1718 3375 ipsa
1774 3306 1969 3359 clamat
2026 3306 2204 3370 ἔλεγον
2263 3323 2409 3360 esse:

413 3394 835 3456 emendandum,
881 3394 1037 3464 idque
1079 3400 1128 3445 et
1172 3393 1257 3444 alii
1301 3402 1352 3446 et
1401 3393 1755 3447 Schneiderus
1796 3402 2194 3465 perspexerunt.
2278 3389 2410 3448 Sed‘

414 3482 502 3534 uhi
547 3484 778 3552 primum
824 3483 1002 3547 ἔλεγον
1040 3482 1304 3551 receperis
1345 3481 1550 3547 ἔφασαν
1606 3481 1740 3551 quod
1785 3484 2029 3553 sequitur
2070 3483 2172 3536 erit.
2226 3481 2374 3536 indu·
2434 3530 2436 3533 ,

413 3569 670 3633 cendum,
727 3578 774 3623 ct
831 3570 906 3624 sic
948 3569 1162 3624 habebis
1205 3567 1566 3638 Xenophontis
1615 3586 1862 3624 manum:
1919 3570 2100 3634 ἔλεγόν
2141 3591 2271 3630 τινες
2310 3572 2373 3629 ὡς
