<?xml version="1.0" encoding="UTF-8"?>
<!DOCTYPE html PUBLIC "-//W3C//DTD XHTML 1.0 Transitional//EN"
    "http://www.w3.org/TR/xhtml1/DTD/xhtml1-transitional.dtd">
<html xmlns="http://www.w3.org/1999/xhtml" xml:lang="en" lang="en">
 <head>
  <title>
</title>
<meta http-equiv="Content-Type" content="text/html;charset=utf-8" />
  <meta name='ocr-system' content='tesseract 3.04.00' />
  <meta name='ocr-capabilities' content='ocr_page ocr_carea ocr_par ocr_line ocrx_word'/>
</head>
<body>
  <div class='ocr_page' id='page_1' title='image "./novaelectionesqu00cobeuoft/novaelectionesqu00cobeuoft_0028.png"; bbox 0 0 2436 4068; ppageno 0'>
   <div class='ocr_carea' id='block_1_1' title="bbox 1283 227 1403 263">
    <p class='ocr_par' dir='ltr' id='par_1_1' title="bbox 1283 227 1403 263">
     <span class='ocr_line' id='line_1_1' title="bbox 1283 227 1403 263; baseline 0 -1"><span class='ocrx_word' id='word_1_1' title='bbox 1283 227 1403 263; x_wconf 80' lang='lat' dir='ltr'>xxtv</span> 
     </span>
    </p>
   </div>
   <div class='ocr_carea' id='block_1_2' title="bbox 353 362 2332 3050">
    <p class='ocr_par' dir='ltr' id='par_1_2' title="bbox 353 362 2332 3050">
     <span class='ocr_line' id='line_1_2' title="bbox 358 362 2321 434; baseline -0.001 -11"><span class='ocrx_word' id='word_1_2' title='bbox 358 376 448 432; x_wconf 76' lang='grc' dir='ltr'>τῆς</span> <span class='ocrx_word' id='word_1_3' title='bbox 500 374 595 423; x_wconf 81' lang='grc' dir='ltr'>τῶν</span> <span class='ocrx_word' id='word_1_4' title='bbox 647 369 902 421; x_wconf 82' lang='grc' dir='ltr'><em>Λακώνων</em></span> <span class='ocrx_word' id='word_1_5' title='bbox 953 366 1233 424; x_wconf 72' lang='grc' dir='ltr'><em>πολιτείας.</em></span> <span class='ocrx_word' id='word_1_6' title='bbox 1330 362 1601 434; x_wconf 87' lang='lat' dir='ltr'>Sequehar</span> <span class='ocrx_word' id='word_1_7' title='bbox 1650 364 1774 418; x_wconf 90' lang='lat' dir='ltr'>olim</span> <span class='ocrx_word' id='word_1_8' title='bbox 1827 366 2198 422; x_wconf 81' lang='lat' dir='ltr'>auctoritatem</span> <span class='ocrx_word' id='word_1_9' title='bbox 2241 386 2321 423; x_wconf 92' lang='lat' dir='ltr'>eo-</span> 
     </span>
     <span class='ocr_line' id='line_1_3' title="bbox 356 462 2324 539; baseline -0.001 -16"><span class='ocrx_word' id='word_1_10' title='bbox 356 486 475 523; x_wconf 87' lang='lat' dir='ltr'>rum</span> <span class='ocrx_word' id='word_1_11' title='bbox 519 469 611 539; x_wconf 87' lang='lat' dir='ltr'>qui</span> <span class='ocrx_word' id='word_1_12' title='bbox 669 466 1000 538; x_wconf 75' lang='lat' dir='ltr'>Xenophonti</span> <span class='ocrx_word' id='word_1_13' title='bbox 1053 464 1205 517; x_wconf 89' lang='lat' dir='ltr'>illum</span> <span class='ocrx_word' id='word_1_14' title='bbox 1242 462 1443 517; x_wconf 88' lang='lat' dir='ltr'>librum</span> <span class='ocrx_word' id='word_1_15' title='bbox 1489 464 1792 535; x_wconf 79' lang='lat' dir='ltr'>eriperent,</span> <span class='ocrx_word' id='word_1_16' title='bbox 1848 473 1906 519; x_wconf 91' lang='lat' dir='ltr'>ut</span> <span class='ocrx_word' id='word_1_17' title='bbox 1945 467 2219 538; x_wconf 71' lang='lat' dir='ltr'>apparebit</span> <span class='ocrx_word' id='word_1_18' title='bbox 2259 484 2324 522; x_wconf 87' lang='lat' dir='ltr'>ex</span> 
     </span>
     <span class='ocr_line' id='line_1_4' title="bbox 357 562 2322 639; baseline 0 -17"><span class='ocrx_word' id='word_1_19' title='bbox 357 570 422 623; x_wconf 89' lang='lat' dir='ltr'>iis</span> <span class='ocrx_word' id='word_1_20' title='bbox 463 586 597 639; x_wconf 89' lang='lat' dir='ltr'>quae</span> <span class='ocrx_word' id='word_1_21' title='bbox 637 585 753 639; x_wconf 84' lang='lat' dir='ltr'>pag.</span> <span class='ocrx_word' id='word_1_22' title='bbox 796 571 920 620; x_wconf 87' lang='lat'><strong>611.</strong></span> <span class='ocrx_word' id='word_1_23' title='bbox 978 581 1007 618; x_wconf 91' lang='lat' dir='ltr'>a</span> <span class='ocrx_word' id='word_1_24' title='bbox 1050 580 1134 618; x_wconf 88' lang='lat' dir='ltr'>me</span> <span class='ocrx_word' id='word_1_25' title='bbox 1186 563 1391 635; x_wconf 85' lang='lat' dir='ltr'>scripta</span> <span class='ocrx_word' id='word_1_26' title='bbox 1430 569 1572 617; x_wconf 90' lang='lat' dir='ltr'>sunt.</span> <span class='ocrx_word' id='word_1_27' title='bbox 1653 562 1751 617; x_wconf 87' lang='lat' dir='ltr'>Ubi</span> <span class='ocrx_word' id='word_1_28' title='bbox 1790 563 1988 619; x_wconf 88' lang='lat' dir='ltr'>librum</span> <span class='ocrx_word' id='word_1_29' title='bbox 2031 566 2322 637; x_wconf 82' lang='lat' dir='ltr'>diligentis-</span> 
     </span>
     <span class='ocr_line' id='line_1_5' title="bbox 354 664 2325 739; baseline -0.001 -15"><span class='ocrx_word' id='word_1_30' title='bbox 354 671 489 724; x_wconf 88' lang='lat' dir='ltr'>sime</span> <span class='ocrx_word' id='word_1_31' title='bbox 534 677 782 724; x_wconf 79' lang='lat' dir='ltr'>excutere</span> <span class='ocrx_word' id='word_1_32' title='bbox 825 666 1005 737; x_wconf 85' lang='lat' dir='ltr'>coepi,</span> <span class='ocrx_word' id='word_1_33' title='bbox 1062 664 1253 735; x_wconf 85' lang='lat' dir='ltr'>agnovi</span> <span class='ocrx_word' id='word_1_34' title='bbox 1307 664 1707 736; x_wconf 85' lang='lat' dir='ltr'>Xenophontem</span> <span class='ocrx_word' id='word_1_35' title='bbox 1752 671 1803 719; x_wconf 85' lang='lat' dir='ltr'>et</span> <span class='ocrx_word' id='word_1_36' title='bbox 1843 668 2116 738; x_wconf 90' lang='lat' dir='ltr'>composui</span> <span class='ocrx_word' id='word_1_37' title='bbox 2169 685 2325 739; x_wconf 83' lang='lat' dir='ltr'>argu-</span> 
     </span>
     <span class='ocr_line' id='line_1_6' title="bbox 355 764 2327 840; baseline -0.001 -16"><span class='ocrx_word' id='word_1_38' title='bbox 355 777 535 824; x_wconf 83' lang='lat' dir='ltr'>menta</span> <span class='ocrx_word' id='word_1_39' title='bbox 581 768 776 840; x_wconf 87' lang='lat' dir='ltr'>quibus</span> <span class='ocrx_word' id='word_1_40' title='bbox 816 765 947 820; x_wconf 91' lang='lat' dir='ltr'>mihi</span> <span class='ocrx_word' id='word_1_41' title='bbox 999 766 1382 836; x_wconf 80' lang='lat' dir='ltr'>ipsipersuasi</span> <span class='ocrx_word' id='word_1_42' title='bbox 1434 781 1537 818; x_wconf 89' lang='lat' dir='ltr'>non</span> <span class='ocrx_word' id='word_1_43' title='bbox 1589 764 1753 819; x_wconf 87' lang='lat' dir='ltr'>alium</span> <span class='ocrx_word' id='word_1_44' title='bbox 1804 783 1965 838; x_wconf 87' lang='lat' dir='ltr'>quam</span> <span class='ocrx_word' id='word_1_45' title='bbox 2012 767 2327 840; x_wconf 88' lang='lat' dir='ltr'>Xenophon-</span> 
     </span>
     <span class='ocr_line' id='line_1_7' title="bbox 353 865 2326 940; baseline 0 -16"><span class='ocrx_word' id='word_1_46' title='bbox 353 879 461 925; x_wconf 87' lang='lat' dir='ltr'>tem</span> <span class='ocrx_word' id='word_1_47' title='bbox 525 869 611 922; x_wconf 90' lang='lat' dir='ltr'>illa</span> <span class='ocrx_word' id='word_1_48' title='bbox 667 869 744 922; x_wconf 90' lang='lat' dir='ltr'>sic</span> <span class='ocrx_word' id='word_1_49' title='bbox 799 867 1031 921; x_wconf 89' lang='lat' dir='ltr'>scribere</span> <span class='ocrx_word' id='word_1_50' title='bbox 1084 866 1336 937; x_wconf 88' lang='lat' dir='ltr'>potuisse.</span> <span class='ocrx_word' id='word_1_51' title='bbox 1431 865 1491 919; x_wconf 95' lang='lat' dir='ltr'>In</span> <span class='ocrx_word' id='word_1_52' title='bbox 1546 865 1674 919; x_wconf 87' lang='lat' dir='ltr'>locis</span> <span class='ocrx_word' id='word_1_53' title='bbox 1734 867 2132 938; x_wconf 87' lang='lat' dir='ltr'>Xenophonteis</span> <span class='ocrx_word' id='word_1_54' title='bbox 2191 886 2326 940; x_wconf 89' lang='lat' dir='ltr'>quos</span> 
     </span>
     <span class='ocr_line' id='line_1_8' title="bbox 355 965 2328 1040; baseline 0 -16"><span class='ocrx_word' id='word_1_55' title='bbox 355 970 579 1025; x_wconf 81' lang='lat' dir='ltr'>tractavi</span> <span class='ocrx_word' id='word_1_56' title='bbox 622 986 762 1023; x_wconf 93' lang='lat' dir='ltr'>unus</span> <span class='ocrx_word' id='word_1_57' title='bbox 817 976 896 1023; x_wconf 90' lang='lat' dir='ltr'>est</span> <span class='ocrx_word' id='word_1_58' title='bbox 947 984 1105 1039; x_wconf 83' lang='lat' dir='ltr'>quem</span> <span class='ocrx_word' id='word_1_59' title='bbox 1150 966 1370 1020; x_wconf 87' lang='lat' dir='ltr'>meliora</span> <span class='ocrx_word' id='word_1_60' title='bbox 1426 965 1645 1020; x_wconf 89' lang='lat' dir='ltr'>edoctus</span> <span class='ocrx_word' id='word_1_61' title='bbox 1701 969 2014 1022; x_wconf 75' lang='lat' dir='ltr'>retractabo.</span> <span class='ocrx_word' id='word_1_62' title='bbox 2109 970 2328 1040; x_wconf 79' lang='lat' dir='ltr'>Legitur</span> 
     </span>
     <span class='ocr_line' id='line_1_9' title="bbox 354 1067 2324 1138; baseline 0 -14"><span class='ocrx_word' id='word_1_63' title='bbox 354 1071 410 1124; x_wconf 90' lang='lat' dir='ltr'>in</span> <span class='ocrx_word' id='word_1_64' title='bbox 461 1070 745 1124; x_wconf 80' lang='lat' dir='ltr'>Hellenicis</span> <span class='ocrx_word' id='word_1_65' title='bbox 781 1069 873 1124; x_wconf 86' lang='grc' dir='ltr'><strong>ΙΙΙ.</strong></span> <span class='ocrx_word' id='word_1_66' title='bbox 915 1087 981 1123; x_wconf 85' lang='lat' dir='ltr'>lv.</span> <span class='ocrx_word' id='word_1_67' title='bbox 1025 1073 1076 1123; x_wconf 85' lang='grc'>8.</span> <span class='ocrx_word' id='word_1_68' title='bbox 1133 1069 1155 1122; x_wconf 83' lang='grc' dir='ltr'><em>ὃ</em></span> <span class='ocrx_word' id='word_1_69' title='bbox 1207 1068 1303 1133; x_wconf 78' lang='grc' dir='ltr'>μὲν</span> <span class='ocrx_word' id='word_1_70' title='bbox 1359 1067 1683 1133; x_wconf 70' lang='grc' dir='ltr'><em>Ἀγησίλαος</em></span> <span class='ocrx_word' id='word_1_71' title='bbox 1739 1068 1933 1130; x_wconf 74' lang='grc' dir='ltr'><em>ἰδιώτης</em></span> <span class='ocrx_word' id='word_1_72' title='bbox 1990 1070 2261 1138; x_wconf 74' lang='grc' dir='ltr'><em>ἐφαίνετο,</em></span> <span class='ocrx_word' id='word_1_73' title='bbox 2302 1072 2324 1124; x_wconf 80' lang='lat' dir='ltr'>o‘</span> 
     </span>
     <span class='ocr_line' id='line_1_10' title="bbox 354 1166 2325 1239; baseline -0.001 -12"><span class='ocrx_word' id='word_1_74' title='bbox 354 1173 407 1227; x_wconf 79' lang='grc' dir='ltr'>δὲ</span> <span class='ocrx_word' id='word_1_75' title='bbox 442 1171 734 1239; x_wconf 82' lang='grc' dir='ltr'><em>Λύσανδρος</em></span> <span class='ocrx_word' id='word_1_76' title='bbox 772 1170 1044 1238; x_wconf 78' lang='grc' dir='ltr'><em>βασιλεύς.</em></span> <span class='ocrx_word' id='word_1_77' title='bbox 1097 1166 1172 1224; x_wconf 71' lang='grc' dir='ltr'>ἔτι</span> <span class='ocrx_word' id='word_1_78' title='bbox 1221 1169 1315 1235; x_wconf 79' lang='grc' dir='ltr'>μὲν</span> <span class='ocrx_word' id='word_1_79' title='bbox 1354 1167 1434 1224; x_wconf 78' lang='grc' dir='ltr'>οὖν</span> <span class='ocrx_word' id='word_1_80' title='bbox 1488 1167 1688 1234; x_wconf 74' lang='grc' dir='ltr'><em>ἔμηνε</em></span> <span class='ocrx_word' id='word_1_81' title='bbox 1745 1169 1830 1222; x_wconf 77' lang='grc' dir='ltr'>καὶ</span> <span class='ocrx_word' id='word_1_82' title='bbox 1874 1172 1958 1224; x_wconf 83' lang='grc' dir='ltr'>τὸν</span> <span class='ocrx_word' id='word_1_83' title='bbox 2009 1171 2325 1235; x_wconf 73' lang='grc' dir='ltr'><em>Ἀγησίλαον</em></span> 
     </span>
     <span class='ocr_line' id='line_1_11' title="bbox 355 1267 2330 1339; baseline -0.001 -12"><span class='ocrx_word' id='word_1_84' title='bbox 355 1276 532 1327; x_wconf 75' lang='grc' dir='ltr'><em>ταῦτα</em></span> <span class='ocrx_word' id='word_1_85' title='bbox 571 1274 819 1336; x_wconf 78' lang='grc' dir='ltr'><em>ἐδήλωσεν</em></span> <span class='ocrx_word' id='word_1_86' title='bbox 875 1270 1060 1339; x_wconf 78' lang='grc' dir='ltr'><em>ὕςερον.</em></span> <span class='ocrx_word' id='word_1_87' title='bbox 1103 1267 1155 1324; x_wconf 80' lang='grc' dir='ltr'>οἵ</span> <span class='ocrx_word' id='word_1_88' title='bbox 1186 1290 1252 1335; x_wconf 72' lang='grc' dir='ltr'>γε</span> <span class='ocrx_word' id='word_1_89' title='bbox 1291 1271 1392 1335; x_wconf 67' lang='grc' dir='ltr'>μὴν</span> <span class='ocrx_word' id='word_1_90' title='bbox 1446 1268 1720 1337; x_wconf 65' lang='grc' dir='ltr'><em>τριάκοντα</em></span> <span class='ocrx_word' id='word_1_91' title='bbox 1757 1270 1852 1323; x_wconf 79' lang='grc' dir='ltr'>ὑπὸ</span> <span class='ocrx_word' id='word_1_92' title='bbox 1892 1275 1980 1324; x_wconf 81' lang='grc' dir='ltr'>τοῦ</span> <span class='ocrx_word' id='word_1_93' title='bbox 2022 1271 2202 1337; x_wconf 79' lang='grc' dir='ltr'><em>Φθόνου</em></span> <span class='ocrx_word' id='word_1_94' title='bbox 2241 1273 2330 1325; x_wconf 81' lang='grc' dir='ltr'>οὐκ</span> 
     </span>
     <span class='ocr_line' id='line_1_12' title="bbox 356 1370 2329 1442; baseline -0.002 -13"><span class='ocrx_word' id='word_1_95' title='bbox 356 1379 542 1442; x_wconf 75' lang='grc' dir='ltr'><em>ἐσίγων</em></span> <span class='ocrx_word' id='word_1_96' title='bbox 582 1373 722 1435; x_wconf 80' lang='grc' dir='ltr'><strong>κτὲ.,</strong></span> <span class='ocrx_word' id='word_1_97' title='bbox 762 1371 818 1424; x_wconf 91' lang='lat' dir='ltr'>in</span> <span class='ocrx_word' id='word_1_98' title='bbox 865 1371 949 1425; x_wconf 90' lang='lat' dir='ltr'>his</span> <span class='ocrx_word' id='word_1_99' title='bbox 989 1370 1142 1437; x_wconf 76' lang='grc' dir='ltr'><em>ἔμηνε</em></span> <span class='ocrx_word' id='word_1_100' title='bbox 1183 1370 1433 1424; x_wconf 88' lang='lat' dir='ltr'>vitiosum</span> <span class='ocrx_word' id='word_1_101' title='bbox 1475 1386 1588 1423; x_wconf 89' lang='lat' dir='ltr'>esse</span> <span class='ocrx_word' id='word_1_102' title='bbox 1634 1377 1842 1424; x_wconf 87' lang='lat' dir='ltr'>certum</span> <span class='ocrx_word' id='word_1_103' title='bbox 1881 1379 1996 1434; x_wconf 90' lang='lat' dir='ltr'>est,</span> <span class='ocrx_word' id='word_1_104' title='bbox 2057 1370 2148 1425; x_wconf 87' lang='lat' dir='ltr'>sed</span> <span class='ocrx_word' id='word_1_105' title='bbox 2189 1371 2329 1442; x_wconf 85' lang='lat' dir='ltr'>quod</span> 
     </span>
     <span class='ocr_line' id='line_1_13' title="bbox 356 1470 2327 1545; baseline -0.001 -19"><span class='ocrx_word' id='word_1_106' title='bbox 356 1471 676 1545; x_wconf 85' lang='lat' dir='ltr'>reponebam</span> <span class='ocrx_word' id='word_1_107' title='bbox 717 1490 768 1544; x_wconf 90' lang='lat' dir='ltr'>p.</span> <span class='ocrx_word' id='word_1_108' title='bbox 804 1476 929 1526; x_wconf 86' lang='lat'>514.-</span> <span class='ocrx_word' id='word_1_109' title='bbox 969 1471 1082 1535; x_wconf 77' lang='grc' dir='ltr'><em>ἠνία</em></span> <span class='ocrx_word' id='word_1_110' title='bbox 1123 1486 1228 1524; x_wconf 89' lang='lat' dir='ltr'>non</span> <span class='ocrx_word' id='word_1_111' title='bbox 1263 1476 1346 1525; x_wconf 86' lang='lat' dir='ltr'>est</span> <span class='ocrx_word' id='word_1_112' title='bbox 1382 1470 1500 1542; x_wconf 78' lang='lat' dir='ltr'>ipsa</span> <span class='ocrx_word' id='word_1_113' title='bbox 1541 1470 1905 1542; x_wconf 86' lang='lat' dir='ltr'>Xenophontis</span> <span class='ocrx_word' id='word_1_114' title='bbox 1942 1488 2149 1525; x_wconf 79' lang='lat' dir='ltr'>manus,</span> <span class='ocrx_word' id='word_1_115' title='bbox 2231 1471 2327 1525; x_wconf 92' lang='lat' dir='ltr'>Ve-</span> 
     </span>
     <span class='ocr_line' id='line_1_14' title="bbox 361 1569 2326 1644; baseline -0.001 -16"><span class='ocrx_word' id='word_1_116' title='bbox 361 1589 481 1628; x_wconf 88' lang='lat' dir='ltr'>rum</span> <span class='ocrx_word' id='word_1_117' title='bbox 518 1572 652 1626; x_wconf 85' lang='lat' dir='ltr'>vidit</span> <span class='ocrx_word' id='word_1_118' title='bbox 691 1572 730 1626; x_wconf 90' lang='lat'>1.</span> <span class='ocrx_word' id='word_1_119' title='bbox 769 1569 1116 1634; x_wconf 87' lang='lat' dir='ltr'>Pantazides,</span> <span class='ocrx_word' id='word_1_120' title='bbox 1158 1570 1250 1641; x_wconf 92' lang='lat' dir='ltr'>qui</span> <span class='ocrx_word' id='word_1_121' title='bbox 1286 1586 1457 1641; x_wconf 89' lang='lat' dir='ltr'>nuper</span> <span class='ocrx_word' id='word_1_122' title='bbox 1493 1569 1894 1626; x_wconf 74' lang='lat' dir='ltr'>Emendationcs</span> <span class='ocrx_word' id='word_1_123' title='bbox 1929 1572 1983 1626; x_wconf 81' lang='lat' dir='ltr'>in</span> <span class='ocrx_word' id='word_1_124' title='bbox 2029 1571 2326 1644; x_wconf 78' lang='lat' dir='ltr'>Xenophon·</span> 
     </span>
     <span class='ocr_line' id='line_1_15' title="bbox 359 1669 2327 1743; baseline -0.001 -16"><span class='ocrx_word' id='word_1_125' title='bbox 359 1681 460 1727; x_wconf 81' lang='lat' dir='ltr'>lem</span> <span class='ocrx_word' id='word_1_126' title='bbox 513 1674 708 1729; x_wconf 82' lang='lat' dir='ltr'>Graece</span> <span class='ocrx_word' id='word_1_127' title='bbox 762 1673 988 1743; x_wconf 87' lang='lat' dir='ltr'>scriptas</span> <span class='ocrx_word' id='word_1_128' title='bbox 1048 1671 1329 1742; x_wconf 83' lang='lat' dir='ltr'>Gottingae</span> <span class='ocrx_word' id='word_1_129' title='bbox 1376 1669 1559 1724; x_wconf 84' lang='lat' dir='ltr'>edidit.</span> <span class='ocrx_word' id='word_1_130' title='bbox 1641 1671 1926 1743; x_wconf 87' lang='lat' dir='ltr'>Postquam</span> <span class='ocrx_word' id='word_1_131' title='bbox 1983 1671 2134 1737; x_wconf 68' lang='grc' dir='ltr'><em>ἔμηνε</em></span> <span class='ocrx_word' id='word_1_132' title='bbox 2178 1673 2327 1726; x_wconf 89' lang='lat' dir='ltr'>vitio·</span> 
     </span>
     <span class='ocr_line' id='line_1_16' title="bbox 360 1769 2330 1845; baseline -0.001 -17"><span class='ocrx_word' id='word_1_133' title='bbox 360 1792 479 1828; x_wconf 88' lang='lat' dir='ltr'>sum</span> <span class='ocrx_word' id='word_1_134' title='bbox 517 1791 631 1828; x_wconf 83' lang='lat' dir='ltr'>esse</span> <span class='ocrx_word' id='word_1_135' title='bbox 671 1772 1083 1835; x_wconf 87' lang='lat' dir='ltr'>demonstravit,</span> <span class='ocrx_word' id='word_1_136' title='bbox 1122 1772 1400 1838; x_wconf 76' lang='grc' dir='ltr'><em>διορθωτὲσν</em></span> <span class='ocrx_word' id='word_1_137' title='bbox 1430 1769 1531 1839; x_wconf 69' lang='grc' dir='ltr'>ἄρα</span> <span class='ocrx_word' id='word_1_138' title='bbox 1554 1773 1608 1825; x_wconf 83' lang='grc' dir='ltr'>ἐκ</span> <span class='ocrx_word' id='word_1_139' title='bbox 1649 1775 1841 1834; x_wconf 79' lang='grc' dir='ltr'><em>παντὸς</em></span> <span class='ocrx_word' id='word_1_140' title='bbox 1877 1772 2091 1841; x_wconf 77' lang='grc' dir='ltr'>τρόπον,</span> <span class='ocrx_word' id='word_1_141' title='bbox 2129 1774 2330 1845; x_wconf 86' lang='lat' dir='ltr'>inquit,</span> 
     </span>
     <span class='ocr_line' id='line_1_17' title="bbox 357 1871 2331 1943; baseline -0.001 -13"><span class='ocrx_word' id='word_1_142' title='bbox 357 1884 474 1930; x_wconf 87' lang='lat' dir='ltr'>tum</span> <span class='ocrx_word' id='word_1_143' title='bbox 534 1880 679 1930; x_wconf 88' lang='lat' dir='ltr'>recte</span> <span class='ocrx_word' id='word_1_144' title='bbox 730 1874 877 1927; x_wconf 83' lang='grc' dir='ltr'><em>ἐκίνει</em></span> <span class='ocrx_word' id='word_1_145' title='bbox 938 1871 1240 1943; x_wconf 88' lang='lat' dir='ltr'>improbat,</span> <span class='ocrx_word' id='word_1_146' title='bbox 1293 1878 1438 1925; x_wconf 86' lang='lat' dir='ltr'>recte</span> <span class='ocrx_word' id='word_1_147' title='bbox 1491 1889 1671 1926; x_wconf 84' lang='lat' dir='ltr'>meum</span> <span class='ocrx_word' id='word_1_148' title='bbox 1715 1874 1900 1939; x_wconf 76' lang='grc' dir='ltr'><em>ἠνία,</em></span> <span class='ocrx_word' id='word_1_149' title='bbox 1954 1872 2073 1942; x_wconf 72' lang='grc' dir='ltr'>ὅπερ</span> <span class='ocrx_word' id='word_1_150' title='bbox 2127 1876 2198 1928; x_wconf 72' lang='grc' dir='ltr'>τα</span> <span class='ocrx_word' id='word_1_151' title='bbox 2236 1874 2331 1939; x_wconf 78' lang='grc' dir='ltr'>μὲν</span> 
     </span>
     <span class='ocr_line' id='line_1_18' title="bbox 359 1972 2332 2043; baseline -0.001 -12"><span class='ocrx_word' id='word_1_152' title='bbox 359 1976 507 2031; x_wconf 72' lang='grc' dir='ltr'>ἄλλα</span> <span class='ocrx_word' id='word_1_153' title='bbox 548 1974 842 2042; x_wconf 73' lang='grc' dir='ltr'><em>ἑξομαλίζει</em></span> <span class='ocrx_word' id='word_1_154' title='bbox 866 2017 879 2038; x_wconf 90' lang='grc'>,</span> <span class='ocrx_word' id='word_1_155' title='bbox 934 1981 998 2042; x_wconf 68' lang='grc' dir='ltr'>τῇ</span> <span class='ocrx_word' id='word_1_156' title='bbox 1039 1974 1091 2027; x_wconf 80' lang='grc' dir='ltr'>δὲ</span> <span class='ocrx_word' id='word_1_157' title='bbox 1132 1972 1513 2041; x_wconf 45' lang='grc' dir='ltr'><em>παραδεδομένῳ)</em></span> <span class='ocrx_word' id='word_1_158' title='bbox 1551 1977 1734 2043; x_wconf 68' lang='grc' dir='ltr'><em>γραφῇ</em></span> <span class='ocrx_word' id='word_1_159' title='bbox 1784 1977 1845 2036; x_wconf 80' lang='grc' dir='ltr'>ὡς</span> <span class='ocrx_word' id='word_1_160' title='bbox 1899 1978 2017 2038; x_wconf 75' lang='grc' dir='ltr'>ἔπος</span> <span class='ocrx_word' id='word_1_161' title='bbox 2054 1977 2214 2030; x_wconf 76' lang='grc' dir='ltr'><em>εἰπεῖν</em></span> <span class='ocrx_word' id='word_1_162' title='bbox 2254 1977 2332 2030; x_wconf 80' lang='grc' dir='ltr'>οὐ·</span> 
     </span>
     <span class='ocr_line' id='line_1_19' title="bbox 358 2071 2330 2148; baseline -0.001 -16"><span class='ocrx_word' id='word_1_163' title='bbox 358 2079 438 2132; x_wconf 77' lang='grc' dir='ltr'>δὲν</span> <span class='ocrx_word' id='word_1_164' title='bbox 479 2077 632 2130; x_wconf 77' lang='grc' dir='ltr'><em>κοινὸν</em></span> <span class='ocrx_word' id='word_1_165' title='bbox 670 2075 788 2142; x_wconf 78' lang='grc' dir='ltr'><em>ἔχον</em></span> <span class='ocrx_word' id='word_1_166' title='bbox 831 2071 1075 2128; x_wconf 69' lang='grc' dir='ltr'><em>ἀπίθανόν</em></span> <span class='ocrx_word' id='word_1_167' title='bbox 1119 2074 1237 2130; x_wconf 64' lang='grc' dir='ltr'><em>«ἔς-ιν.</em></span> <span class='ocrx_word' id='word_1_168' title='bbox 1321 2072 1521 2127; x_wconf 81' lang='lat' dir='ltr'>Verum</span> <span class='ocrx_word' id='word_1_169' title='bbox 1569 2072 1667 2127; x_wconf 90' lang='lat' dir='ltr'>hoc</span> <span class='ocrx_word' id='word_1_170' title='bbox 1709 2082 1806 2130; x_wconf 84' lang='lat' dir='ltr'>est.</span> <span class='ocrx_word' id='word_1_171' title='bbox 1871 2074 2007 2142; x_wconf 83' lang='lat' dir='ltr'>Quid</span> <span class='ocrx_word' id='word_1_172' title='bbox 2047 2077 2214 2148; x_wconf 81' lang='lat' dir='ltr'>igitur</span> <span class='ocrx_word' id='word_1_173' title='bbox 2249 2082 2330 2131; x_wconf 81' lang='lat' dir='ltr'>est</span> 
     </span>
     <span class='ocr_line' id='line_1_20' title="bbox 357 2172 2329 2249; baseline -0.001 -17"><span class='ocrx_word' id='word_1_174' title='bbox 357 2173 680 2249; x_wconf 80' lang='lat' dir='ltr'>legendum?</span> <span class='ocrx_word' id='word_1_175' title='bbox 743 2174 922 2239; x_wconf 76' lang='grc' dir='ltr'><em>ἔμοιγε</em></span> <span class='ocrx_word' id='word_1_176' title='bbox 973 2172 1143 2237; x_wconf 81' lang='grc' dir='ltr'><em>δοκεῖ,</em></span> <span class='ocrx_word' id='word_1_177' title='bbox 1186 2172 1398 2242; x_wconf 77' lang='lat' dir='ltr'>inquit,</span> <span class='ocrx_word' id='word_1_178' title='bbox 1461 2174 1518 2226; x_wconf 80' lang='grc' dir='ltr'>τὸ</span> <span class='ocrx_word' id='word_1_179' title='bbox 1557 2181 1806 2228; x_wconf 91' lang='grc' dir='ltr'>ΕΜΗΝΕ</span> <span class='ocrx_word' id='word_1_180' title='bbox 1850 2176 1985 2230; x_wconf 77' lang='grc' dir='ltr'><em>οὐδὲν</em></span> <span class='ocrx_word' id='word_1_181' title='bbox 2038 2174 2165 2232; x_wconf 78' lang='grc' dir='ltr'><em>εἶναι</em></span> <span class='ocrx_word' id='word_1_182' title='bbox 2202 2179 2329 2231; x_wconf 67' lang='grc' dir='ltr'>ἀλλ’</span> 
     </span>
     <span class='ocr_line' id='line_1_21' title="bbox 356 2273 2326 2347; baseline -0.001 -15"><span class='ocrx_word' id='word_1_183' title='bbox 356 2281 386 2343; x_wconf 78' lang='grc' dir='ltr'>ἢ</span> <span class='ocrx_word' id='word_1_184' title='bbox 427 2277 717 2342; x_wconf 68' lang='grc' dir='ltr'><em>ἀνάγνωσιν</em></span> <span class='ocrx_word' id='word_1_185' title='bbox 753 2274 1114 2341; x_wconf 74' lang='grc' dir='ltr'><em>ἦμαρτημένην</em></span> <span class='ocrx_word' id='word_1_186' title='bbox 1153 2280 1246 2336; x_wconf 77' lang='grc' dir='ltr'>τῆς</span> <span class='ocrx_word' id='word_1_187' title='bbox 1285 2273 1439 2339; x_wconf 77' lang='grc' dir='ltr'><em>μόνης</em></span> <span class='ocrx_word' id='word_1_188' title='bbox 1479 2276 1694 2337; x_wconf 65' lang='grc' dir='ltr'>ἀληθοῦς</span> <span class='ocrx_word' id='word_1_189' title='bbox 1733 2275 1819 2329; x_wconf 76' lang='grc' dir='ltr'>καὶ</span> <span class='ocrx_word' id='word_1_190' title='bbox 1861 2278 2077 2341; x_wconf 71' lang='grc' dir='ltr'><em>γνησίας</em></span> <span class='ocrx_word' id='word_1_191' title='bbox 2113 2282 2326 2347; x_wconf 75' lang='grc' dir='ltr'><em>γραφῆς</em></span> 
     </span>
     <span class='ocr_line' id='line_1_22' title="bbox 356 2373 2330 2448; baseline -0.001 -14"><span class='ocrx_word' id='word_1_192' title='bbox 356 2384 664 2435; x_wconf 87' lang='grc' dir='ltr'><strong>ΕΔΑΚΝΕ.</strong></span> <span class='ocrx_word' id='word_1_193' title='bbox 745 2374 1020 2428; x_wconf 88' lang='lat' dir='ltr'>Assentior</span> <span class='ocrx_word' id='word_1_194' title='bbox 1071 2380 1122 2428; x_wconf 87' lang='lat' dir='ltr'>et</span> <span class='ocrx_word' id='word_1_195' title='bbox 1162 2373 1420 2427; x_wconf 86' lang='lat' dir='ltr'>ambabus</span> <span class='ocrx_word' id='word_1_196' title='bbox 1471 2374 1720 2429; x_wconf 90' lang='lat' dir='ltr'>manibus</span> <span class='ocrx_word' id='word_1_197' title='bbox 1778 2378 2031 2448; x_wconf 84' lang='lat' dir='ltr'>optimam</span> <span class='ocrx_word' id='word_1_198' title='bbox 2084 2377 2330 2432; x_wconf 88' lang='lat' dir='ltr'>emenda-</span> 
     </span>
     <span class='ocr_line' id='line_1_23' title="bbox 357 2470 2330 2545; baseline -0.001 -11"><span class='ocrx_word' id='word_1_199' title='bbox 357 2480 557 2535; x_wconf 83' lang='lat' dir='ltr'>tionem</span> <span class='ocrx_word' id='word_1_200' title='bbox 624 2474 947 2545; x_wconf 87' lang='lat' dir='ltr'>amplector:</span> <span class='ocrx_word' id='word_1_201' title='bbox 1006 2470 1080 2527; x_wconf 70' lang='grc' dir='ltr'>ἔτι</span> <span class='ocrx_word' id='word_1_202' title='bbox 1138 2474 1230 2539; x_wconf 78' lang='grc' dir='ltr'>μὲν</span> <span class='ocrx_word' id='word_1_203' title='bbox 1286 2471 1367 2528; x_wconf 80' lang='grc' dir='ltr'>οὖν</span> <span class='ocrx_word' id='word_1_204' title='bbox 1429 2474 1667 2530; x_wconf 74' lang='grc' dir='ltr'><em>ἔδακνε</em></span> <span class='ocrx_word' id='word_1_205' title='bbox 1727 2478 1813 2531; x_wconf 76' lang='grc' dir='ltr'>καὶ</span> <span class='ocrx_word' id='word_1_206' title='bbox 1871 2478 1956 2532; x_wconf 74' lang='grc' dir='ltr'>τὸν</span> <span class='ocrx_word' id='word_1_207' title='bbox 2012 2479 2330 2544; x_wconf 70' lang='grc' dir='ltr'><em>Ἀγησίλαον</em></span> 
     </span>
     <span class='ocr_line' id='line_1_24' title="bbox 360 2573 2329 2651; baseline -0.002 -15"><span class='ocrx_word' id='word_1_208' title='bbox 360 2585 552 2636; x_wconf 78' lang='grc' dir='ltr'><em>ταῦτα.</em></span> <span class='ocrx_word' id='word_1_209' title='bbox 621 2575 781 2630; x_wconf 85' lang='lat' dir='ltr'>Plura</span> <span class='ocrx_word' id='word_1_210' title='bbox 811 2575 978 2644; x_wconf 83' lang='lat' dir='ltr'>igitur</span> <span class='ocrx_word' id='word_1_211' title='bbox 1013 2573 1319 2628; x_wconf 85' lang='lat' dir='ltr'>huiusmodi</span> <span class='ocrx_word' id='word_1_212' title='bbox 1354 2577 1624 2630; x_wconf 87' lang='lat' dir='ltr'>communi</span> <span class='ocrx_word' id='word_1_213' title='bbox 1661 2594 1818 2648; x_wconf 83' lang='lat' dir='ltr'>opera</span> <span class='ocrx_word' id='word_1_214' title='bbox 1854 2577 2138 2650; x_wconf 85' lang='lat' dir='ltr'>studioque</span> <span class='ocrx_word' id='word_1_215' title='bbox 2173 2595 2329 2651; x_wconf 87' lang='lat' dir='ltr'>quae·</span> 
     </span>
     <span class='ocr_line' id='line_1_25' title="bbox 361 2674 2327 2747; baseline -0.001 -11"><span class='ocrx_word' id='word_1_216' title='bbox 361 2696 565 2736; x_wconf 81' lang='lat' dir='ltr'>ramus,</span> <span class='ocrx_word' id='word_1_217' title='bbox 643 2676 772 2730; x_wconf 90' lang='lat' dir='ltr'>Mihi</span> <span class='ocrx_word' id='word_1_218' title='bbox 827 2674 1042 2747; x_wconf 85' lang='lat' dir='ltr'>quidem</span> <span class='ocrx_word' id='word_1_219' title='bbox 1096 2683 1319 2729; x_wconf 89' lang='lat' dir='ltr'>nonest</span> <span class='ocrx_word' id='word_1_220' title='bbox 1369 2676 1676 2747; x_wconf 85' lang='lat' dir='ltr'>quiescendi</span> <span class='ocrx_word' id='word_1_221' title='bbox 1730 2687 1783 2732; x_wconf 92' lang='lat' dir='ltr'>et</span> <span class='ocrx_word' id='word_1_222' title='bbox 1838 2678 2041 2733; x_wconf 87' lang='lat' dir='ltr'>otiandi</span> <span class='ocrx_word' id='word_1_223' title='bbox 2093 2681 2327 2736; x_wconf 82' lang='lat' dir='ltr'>auimuS.</span> 
     </span>
     <span class='ocr_line' id='line_1_26' title="bbox 363 2774 2332 2851; baseline -0.001 -15"><span class='ocrx_word' id='word_1_224' title='bbox 363 2781 603 2836; x_wconf 86' lang='lat' dir='ltr'>Plurima</span> <span class='ocrx_word' id='word_1_225' title='bbox 645 2782 933 2848; x_wconf 84' lang='lat' dir='ltr'>supersunt</span> <span class='ocrx_word' id='word_1_226' title='bbox 973 2774 1191 2844; x_wconf 85' lang='lat' dir='ltr'>agenda.</span> <span class='ocrx_word' id='word_1_227' title='bbox 1273 2775 1366 2829; x_wconf 88' lang='lat' dir='ltr'>His</span> <span class='ocrx_word' id='word_1_228' title='bbox 1402 2776 1467 2830; x_wconf 88' lang='lat' dir='ltr'>ad</span> <span class='ocrx_word' id='word_1_229' title='bbox 1522 2776 1679 2832; x_wconf 86' lang='lat' dir='ltr'>finem</span> <span class='ocrx_word' id='word_1_230' title='bbox 1721 2779 1993 2851; x_wconf 85' lang='lat' dir='ltr'>perductis</span> <span class='ocrx_word' id='word_1_231' title='bbox 2031 2781 2213 2835; x_wconf 79' lang='lat' dir='ltr'>statitn</span> <span class='ocrx_word' id='word_1_232' title='bbox 2265 2778 2332 2835; x_wconf 85' lang='lat' dir='ltr'>ad</span> 
     </span>
     <span class='ocr_line' id='line_1_27' title="bbox 362 2875 1228 2953; baseline -0.008 -17"><span class='ocrx_word' id='word_1_233' title='bbox 362 2882 568 2953; x_wconf 87' lang='lat' dir='ltr'>reliqua</span> <span class='ocrx_word' id='word_1_234' title='bbox 607 2894 693 2932; x_wconf 92' lang='lat' dir='ltr'>me</span> <span class='ocrx_word' id='word_1_235' title='bbox 732 2876 1008 2946; x_wconf 84' lang='lat' dir='ltr'>accingor;</span> <span class='ocrx_word' id='word_1_236' title='bbox 1049 2875 1228 2946; x_wconf 88' lang='lat' dir='ltr'>itaque</span> 
     </span>
     <span class='ocr_line' id='line_1_28' title="bbox 669 2974 1599 3050; baseline 0.005 -21"><span class='ocrx_word' id='word_1_237' title='bbox 669 2976 795 3030; x_wconf 77' lang='lat' dir='ltr'>Cras</span> <span class='ocrx_word' id='word_1_238' title='bbox 833 2976 1013 3046; x_wconf 69' lang='lat' dir='ltr'>inqens</span> <span class='ocrx_word' id='word_1_239' title='bbox 1052 2974 1352 3030; x_wconf 78' lang='lat' dir='ltr'>iterabimus</span> <span class='ocrx_word' id='word_1_240' title='bbox 1391 2995 1599 3050; x_wconf 84' lang='lat' dir='ltr'>aequor.</span> 
     </span>
    </p>
   </div>
   <div class='ocr_carea' id='block_1_3' title="bbox 464 3149 1328 3296">
    <p class='ocr_par' dir='ltr' id='par_1_3' title="bbox 464 3149 1328 3296">
     <span class='ocr_line' id='line_1_29' title="bbox 464 3149 1316 3206; baseline -0.006 0"><span class='ocrx_word' id='word_1_241' title='bbox 464 3152 749 3206; x_wconf 84' lang='lat' dir='ltr'>Scribebam</span> <span class='ocrx_word' id='word_1_242' title='bbox 784 3149 1316 3202; x_wconf 70' lang='lat' dir='ltr'>Locnnm-BATAvoRUM</span> 
     </span>
     <span class='ocr_line' id='line_1_30' title="bbox 523 3243 1328 3296; baseline -0.005 1"><span class='ocrx_word' id='word_1_243' title='bbox 523 3260 694 3296; x_wconf 87' lang='lat' dir='ltr'>mense</span> <span class='ocrx_word' id='word_1_244' title='bbox 730 3243 929 3293; x_wconf 85' lang='lat' dir='ltr'>Octobri</span> <span class='ocrx_word' id='word_1_245' title='bbox 967 3259 1008 3293; x_wconf 90' lang='lat' dir='ltr'>a.</span> <span class='ocrx_word' id='word_1_246' title='bbox 1044 3258 1328 3293; x_wconf 68' lang='lat' dir='ltr'>Mncccwm.</span> 
     </span>
    </p>
   </div>
  </div>
 </body>
</html>
