2436 4068
1320 197 1427 247 660

393 346 479 401 σἰἐι
520 343 775 412 διαφέρειν
818 341 840 396 ὃ
880 339 941 394 σὺ
994 344 1152 399 ποιεῖς
1194 339 1221 404 ἢ
1256 340 1355 394 τῶν
1389 342 1623 401 ἀσκητῶν
1675 338 1796 394 ὄντα
1833 340 2040 406 κρείττω
2081 341 2197 403 τοὺς
2237 343 2362 397 ἰδιώ-

393 455 490 493 τας
530 431 845 499 φοβεῖσθαι;
889 427 1042 482 Haud
1084 428 1194 481 scio
1233 444 1299 481 an
1351 434 1509 482 ποιεῖν
1546 426 1805 482 exciderit
1853 434 1904 481 et
1943 428 2022 481 sic
2058 427 2163 498 legi
2212 446 2360 500 opor·

395 526 540 574 teat:
593 516 614 571 ἓ
662 519 725 570 σὺ
779 524 935 577 ποιεῖς
980 513 1179 589 (ποιεῖν)
1223 515 1250 577 ἢ
1293 546 1366 554 -—
1405 516 1722 582 φοβνεῖσθαις
1782 514 2098 585 Pei-vulgata
2152 515 2362 571 dicendi

396 607 567 662 forma
625 611 706 659 est
759 605 932 675 qualis
991 609 1042 657 et
1098 601 1223 655 alibi
1276 601 1477 672 passim
1533 602 1733 673 legitur
1789 609 1842 656 et
1894 603 2037 674 apud
2091 603 2364 661 Demosth.

400 694 543 749 Orat.
583 692 768 747 XXIII.
813 697 900 746 51.
941 690 1172 758 διαφέρει
1210 691 1262 744 δὲ
1300 690 1353 743 τί
1391 693 1537 744 τοῦτο
1583 695 1691 743 τοῦ
1746 692 1810 750 ὥς
1854 690 2007 745 αὑτὸν
2047 689 2233 756 ἄγειν;
2273 691 2363 746 sed

397 779 626 835 retrahit
660 796 745 834 me
781 779 1100 850 Antiphanis
1136 778 1286 832 locus
1326 777 1467 848 apud
1508 776 1792 832 Stobaeum
1835 778 1888 830 in
1928 777 2110 832 Floril.
2155 782 2261 843 74,
2302 782 2359 833 9:
2425 780 2427 785 ’

622 869 676 922 τί
713 870 856 936 φῄςς
897 869 1072 921 λαθεῖν
1114 867 1270 934 ζητῶν
1310 887 1359 920 τι
1406 866 1524 932 πρὸς
1564 867 1770 929 γυναῖκ’
1811 866 1934 932 ε’ρεῖς

620 955 678 1010 τὸ
719 958 982 1023 mamm
1021 954 1108 1008 καὶ
1150 955 1204 1008 τί
1243 957 1390 1007 τοῦτο
1432 952 1793 1021 διαφέρειν
1840 952 1963 1006 οἴει

623 1043 651 1106 ἢ
692 1046 822 1097 πᾶσι
864 1050 968 1103 τοῖς
1009 1040 1208 1109 κη’ρυξιν
1241 1042 1290 1094 ἐν
1317 1042 1484 1110 ἀγορᾷ
1521 1039 1759 1109 φράσαις

396 1129 528 1185 haec
565 1130 705 1184 eni-m
742 1131 963 1184 Porsoni
1004 1129 1303 1184 emendatio
1354 1145 1451 1200 pro
1486 1128 1540 1182 σι’
1574 1134 1721 1182 τοῦτο
1754 1128 1981 1197 διαφέρει
2016 1129 2044 1192 ἢ
2082 1132 2214 1183 πᾶσι
2253 1131 2361 1183 κτὲ.

395 1229 650 1272 numeros
688 1220 885 1290 optime
925 1219 1164 1272 restituit
1203 1224 1255 1271 et
1291 1217 1403 1270 loco
1443 1215 1806 1287 Xenophontis
1849 1215 2234 1280 confirmatur,
2268 1217 2361 1288 qui

397 1315 583 1362 contra
635 1307 955 1379 Antiphanis
1009 1307 1404 1377 comparatione
1458 1321 1620 1359 sanus
1659 1310 1712 1359 et
1762 1304 1970 1375 integer
2008 1321 2123 1358 esse
2169 1304 2364 1359 intelli-

395 1396 560 1466 gitur.
641 1395 787 1462 Quod
826 1397 877 1448 in
921 1412 1034 1465 sqq.
1077 1410 1331 1465 reponere
1364 1393 1598 1447 volebam
1641 1393 1710 1446 σὺ
1749 1393 1852 1459 γὰρ
1884 1401 1989 1453 τοῖς
2024 1393 2360 1460 πρωτεύουσιν
2432 1454 2433 1458 ¹

396 1486 503 1538 κτὲ.
545 1501 641 1555 pro
678 1486 731 1537 οὐ
773 1483 909 1549 γάρ,
949 1482 1100 1536 video
1146 1481 1269 1535 olim
1303 1497 1591 1552 occupasse
1635 1479 2018 1534 Schneiderum
2043 1524 2057 1545 ‚
2099 1498 2159 1535 ac
2195 1483 2364 1536 miror

396 1573 668 1625 neminem
711 1579 913 1624 certam
955 1569 1378 1625 emendationem
1429 1569 1711 1639 recepisse.
1793 1568 1893 1635 Qui
1929 1568 2101 1623 locum
2140 1568 2360 1642 diligen-

393 1666 477 1713 ter
513 1659 803 1729 inspicient
843 1665 924 1711 sat
967 1658 1078 1711 scio
1117 1657 1188 1710 σὺ
1227 1654 1332 1723 γάρ
1373 1655 1658 1726 aliquando
1695 1662 2022 1727 recepturos,

486 1746 730 1801 Socrates
777 1745 1152 1800 meretriculae
1191 1745 1283 1798 111.
1328 1761 1400 1798 xi.
1447 1749 1531 1799 10.
1590 1745 1662 1797 ita
1714 1743 1931 1798 suadet:
1991 1746 2071 1800 δεῖ
2124 1746 2208 1800 τὸν
2265 1746 2361 1811 μὲν

398 1837 767 1903 ἐπιμελόμενον
807 1834 1040 1900 ἀσμένως
1083 1834 1461 1900 ὑποδέχεσθαι,
1500 1834 1584 1887 τὸν
1623 1833 1674 1887 δὲ
1714 1837 2072 1900 τρυφῶντα
2117 1835 2361 1889 ἀποκλεί-

391 1947 491 1988 ειν,
533 1924 655 1989 sed‚
709 1922 896 1987 credo,
950 1922 1014 1977 de
1058 1923 1285 1976 istarum
1326 1927 1552 1991 quaestu
1599 1921 1700 1974 erit
1742 1927 1922 1974 actum
1963 1920 2051 1974 ubi
2092 1923 2207 1983 τοὺς
2244 1944 2360 1990 τρυ-

390 2020 600 2083 φῶντας
637 2012 908 2082 coeperint
949 2009 1246 2064 excludere.
1326 2008 1626 2062 Medeliitur
1667 2008 1803 2062 malo
1848 2025 1952 2062 una
1995 2008 2238 2075 literula,
2279 2011 2359 2065 vel

391 2103 569 2173 potius
609 2102 789 2155 tenuis
830 2099 1067 2163 lineola,
1121 2114 1255 2168 quae
1296 2096 1713 2151 describentium
1758 2098 1925 2151 aciem
1981 2098 2104 2151 olim
2149 2098 2358 2169 fugerat

388 2194 443 2245 in
487 2193 754 2264 Scriptura
795 2179 1328 2254 AETPTQQNTA,
1370 2189 1424 2243 id
1478 2197 1557 2244 esi.
1614 2192 1697 2244 τὸν
1752 2191 1794 2244 δ’
1849 2193 2172 2259 ἐντρυφῶντα
2226 2194 2356 2246 οέπο-

389 2282 595 2336 κλειέιν.
678 2281 818 2335 Satis
862 2283 1050 2335 tritum
1096 2286 1148 2332 et
1202 2287 1384 2332 notum
1439 2285 1519 2332 est
1572 2279 1828 2347 ἐντρυφᾶν
1883 2299 2015 2342 τινι,
2062 2279 2359 2349 petulanter

389 2379 437 2424 ee
488 2378 728 2440 proterve
786 2370 944 2423 alicui
997 2367 1219 2421 illudere
1238 2386 1256 2429 ,·
1330 2374 1387 2420 ut
1449 2365 1588 2437 apud
1648 2366 1961 2438 Euripidem
2021 2367 2073 2420 in
2132 2367 2356 2440 Cyclope

386 2474 462 2511 vs
503 2461 641 2511 588:

686 2545 889 2613 μέμφει
930 2546 1014 2598 τὸν
1056 2544 1236 2611 ἐ’ραςην
1273 2543 1575 2612 κοέντρυφᾷς
1617 2541 1916 2606 πεπωκότις

386 2632 753 2688 Callicratidas
787 2632 926 2704 apud
964 2630 1311 2685 Plutarchum
1360 2631 1412 2683 in
1468 2629 1733 2700 Apophth.
1775 2629 1965 2683 Lacon.
2025 2647 2077 2701 p.
2116 2634 2240 2685 222.
2289 2631 2350 2686 E.

385 2723 509 2795 Cyri
551 2721 746 2775 fastum
792 2739 893 2774 non
935 2720 1108 2774 serens
1147 2718 1442 2782 ἀπηλλάγη
1499 2718 1567 2778 εἷς
1598 2721 1829 2785 Ἔφεσον
1869 2718 2045 2772 πολλοὶ
2087 2720 2351 2787 ἐπαρώμε-

386 2831 464 2870 νος
506 2811 645 2864 κακα
677 2817 782 2870 τοῖς
824 2811 1032 2875 πρώτοις
1087 2808 1585 2875 ἐντρυφηθεῖσιν
1645 2806 1741 2859 ὑπὸ
1780 2805 2058 2874 βαρβάρων
2091 2807 2178 2860 καὶ
2215 2807 2347 2863 διδα-

388 2896 536 2960 ξασιν
577 2899 762 2958 αὐτοὺς
801 2897 1018 2963 ὑβρίζειν
1059 2896 1142 2949 δια
1182 2899 1420 2948 πλοῦτον.

463 2985 642 3038 Etiam
703 2983 846 3036 aliud
910 2983 1143 3037 Socratis
1195 2981 1475 3036 consilium
1532 2979 1703 3035 eidem
1761 2981 2106 3036 mulierculae
2167 2982 2349 3037 datum

387 3071 596 3126 scribae
636 3087 698 3124 ex
736 3071 987 3141 prudenti
1028 3069 1268 3124 fecerunt
1319 3070 1610 3140 pessimum
1654 3069 1744 3123 111.
1787 3086 1855 3121 xi.
1903 3074 1985 3122 14.
2066 3069 2352 3135 Quaerenti

389 3159 688 3214 Theodotae
727 3165 830 3219 πῶς
882 3158 944 3212 ἂν
998 3160 1098 3223 ἐγὼ
1149 3159 1298 3222 λιμὸν
1332 3158 1558 3222 ἐμποιεῖν
1594 3179 1662 3224 τῳ
1715 3162 1811 3210 τῶν
1852 3159 1971 3223 παρ’
2025 3156 2132 3222 ἐμοὶ
2184 3159 2347 3212 δυναί-

385 3265 516 3313 μην;
554 3245 836 3317 respondet
877 3247 899 3299 ὃ
934 3245 1069 3313 εἴρων
1107 3245 1192 3298 his
1228 3245 1435 3299 verbis:
1477 3246 1518 3298 εἶ
1556 3250 1745 3312 πρῶτον
1780 3244 1874 3308 μὲν
1913 3252 2017 3305 τοῖς
2051 3245 2345 3312 κεκορεσμέ-

385 3355 480 3395 νοις
522 3335 658 3399 μήτε
700 3334 992 3401 προσφέροις
1034 3335 1168 3399 μήτε
1211 3334 1606 3398 ὑπομιμνῄσκοις
1631 3373 1645 3392 ,
1689 3361 1760 3369 —
1801 3331 1982 3385 ἔπειτα
2021 3335 2136 3394 τοὺς
2176 3334 2346 3399 δεομέ-

383 3443 491 3484 νους
556 3423 953 3487 ὑπομιμνῄσκοις
1013 3424 1076 3481 ὡς
1138 3420 1467 3487 κοσμιωτοέτη
1500 3441 1559 3473 τε
1613 3420 1778 3488 διαίτη
1852 3420 1937 3473 καὶ
1996 3422 2077 3488 τῷ
2137 3421 2346 3488 φαίνε-

383 3512 530 3564 σθαι
570 3510 937 3575 βουλομένη
978 3508 1279 3576 χαρίζεσθαι
1328 3507 1414 3562 καὶ
1464 3507 1853 3574 διαφεύγουσα,
1893 3507 1982 3568 ἕως
2028 3508 2091 3562 ἂν
2130 3510 2193 3568 ὥς
2242 3506 2343 3573 μοί-

381 3611 507 3656 λιςα
562 3599 820 3663 δεηθῶσιν,
871 3597 1150 3654 inserenda
1196 3604 1275 3654 est
1331 3597 1472 3652 enim
1533 3595 1758 3668 negandi
1813 3595 2074 3667 particula
2128 3595 2214 3650 καὶ
2272 3597 2339 3662 τῷ
