<?xml version="1.0" encoding="UTF-8"?>
<!DOCTYPE html PUBLIC "-//W3C//DTD XHTML 1.0 Transitional//EN"
    "http://www.w3.org/TR/xhtml1/DTD/xhtml1-transitional.dtd">
<html xmlns="http://www.w3.org/1999/xhtml" xml:lang="en" lang="en">
 <head>
  <title>
</title>
<meta http-equiv="Content-Type" content="text/html;charset=utf-8" />
  <meta name='ocr-system' content='tesseract 3.04.00' />
  <meta name='ocr-capabilities' content='ocr_page ocr_carea ocr_par ocr_line ocrx_word'/>
</head>
<body>
  <div class='ocr_page' id='page_1' title='image "./novaelectionesqu00cobeuoft/novaelectionesqu00cobeuoft_0748.png"; bbox 0 0 2436 4068; ppageno 0'>
   <div class='ocr_carea' id='block_1_1' title="bbox 1348 178 1450 228">
    <p class='ocr_par' dir='ltr' id='par_1_1' title="bbox 1348 178 1450 228">
     <span class='ocr_line' id='line_1_1' title="bbox 1348 178 1450 228; baseline 0.02 -2"><span class='ocrx_word' id='word_1_1' title='bbox 1348 178 1450 228; x_wconf 83' lang='lat'>714</span> 
     </span>
    </p>
   </div>
   <div class='ocr_carea' id='block_1_2' title="bbox 387 317 2422 3645">
    <p class='ocr_par' dir='ltr' id='par_1_2' title="bbox 398 317 2376 1177">
     <span class='ocr_line' id='line_1_2' title="bbox 404 317 2370 394; baseline 0.002 -17"><span class='ocrx_word' id='word_1_2' title='bbox 404 323 583 377; x_wconf 84' lang='lat' dir='ltr'>nentia</span> <span class='ocrx_word' id='word_1_3' title='bbox 622 337 682 374; x_wconf 85' lang='lat' dir='ltr'>ac</span> <span class='ocrx_word' id='word_1_4' title='bbox 720 317 1046 387; x_wconf 79' lang='lat' dir='ltr'>frugalitate.</span> <span class='ocrx_word' id='word_1_5' title='bbox 1129 318 1230 372; x_wconf 89' lang='lat' dir='ltr'>Sed</span> <span class='ocrx_word' id='word_1_6' title='bbox 1267 318 1398 372; x_wconf 89' lang='lat' dir='ltr'>haec</span> <span class='ocrx_word' id='word_1_7' title='bbox 1436 319 1561 372; x_wconf 87' lang='lat' dir='ltr'>olim</span> <span class='ocrx_word' id='word_1_8' title='bbox 1596 319 1829 375; x_wconf 80' lang='lat' dir='ltr'>fuerant.</span> <span class='ocrx_word' id='word_1_9' title='bbox 1912 322 2141 376; x_wconf 87' lang='lat' dir='ltr'>Pericles</span> <span class='ocrx_word' id='word_1_10' title='bbox 2193 341 2370 394; x_wconf 86' lang='lat' dir='ltr'>regem</span> 
     </span>
     <span class='ocr_line' id='line_1_3' title="bbox 405 405 2376 481; baseline 0.001 -16"><span class='ocrx_word' id='word_1_11' title='bbox 405 410 789 481; x_wconf 71' lang='lat' dir='ltr'>Spartanorum</span> <span class='ocrx_word' id='word_1_12' title='bbox 814 405 1098 473; x_wconf 75' lang='lat' dir='ltr'>largitione</span> <span class='ocrx_word' id='word_1_13' title='bbox 1119 413 1461 476; x_wconf 77' lang='lat' dir='ltr'>corruperat,</span> <span class='ocrx_word' id='word_1_14' title='bbox 1502 415 1553 459; x_wconf 91' lang='lat' dir='ltr'>et</span> <span class='ocrx_word' id='word_1_15' title='bbox 1575 424 1733 477; x_wconf 86' lang='lat' dir='ltr'>quam</span> <span class='ocrx_word' id='word_1_16' title='bbox 1766 409 1963 463; x_wconf 88' lang='lat' dir='ltr'>multos</span> <span class='ocrx_word' id='word_1_17' title='bbox 1997 409 2127 463; x_wconf 87' lang='lat' dir='ltr'>alios</span> <span class='ocrx_word' id='word_1_18' title='bbox 2168 419 2376 468; x_wconf 86' lang='lat' dir='ltr'>constat</span> 
     </span>
     <span class='ocr_line' id='line_1_4' title="bbox 405 493 2373 564; baseline 0 -12"><span class='ocrx_word' id='word_1_19' title='bbox 405 505 529 552; x_wconf 89' lang='lat' dir='ltr'>ante</span> <span class='ocrx_word' id='word_1_20' title='bbox 570 493 932 564; x_wconf 73' lang='lat' dir='ltr'>Xenophontis</span> <span class='ocrx_word' id='word_1_21' title='bbox 971 499 1196 545; x_wconf 86' lang='lat' dir='ltr'>aetatem</span> <span class='ocrx_word' id='word_1_22' title='bbox 1237 495 1462 561; x_wconf 78' lang='grc' dir='ltr'><em>αἶσχρῶς</em></span> <span class='ocrx_word' id='word_1_23' title='bbox 1517 496 1862 561; x_wconf 75' lang='grc' dir='ltr'><em>δωροδοκῆσαι.</em></span> <span class='ocrx_word' id='word_1_24' title='bbox 1944 498 2056 551; x_wconf 88' lang='lat' dir='ltr'>Iam</span> <span class='ocrx_word' id='word_1_25' title='bbox 2097 498 2222 551; x_wconf 89' lang='lat' dir='ltr'>olim</span> <span class='ocrx_word' id='word_1_26' title='bbox 2267 517 2373 555; x_wconf 90' lang='lat' dir='ltr'>me-</span> 
     </span>
     <span class='ocr_line' id='line_1_5' title="bbox 401 579 2374 654; baseline 0.002 -15"><span class='ocrx_word' id='word_1_27' title='bbox 401 594 490 639; x_wconf 89' lang='lat' dir='ltr'>tus</span> <span class='ocrx_word' id='word_1_28' title='bbox 531 584 705 636; x_wconf 79' lang='lat' dir='ltr'>fuerat</span> <span class='ocrx_word' id='word_1_29' title='bbox 743 597 808 633; x_wconf 88' lang='lat' dir='ltr'>ne</span> <span class='ocrx_word' id='word_1_30' title='bbox 849 579 1093 649; x_wconf 81' lang='lat' dir='ltr'>Spartam</span> <span class='ocrx_word' id='word_1_31' title='bbox 1138 581 1362 634; x_wconf 87' lang='lat' dir='ltr'>avaritia</span> <span class='ocrx_word' id='word_1_32' title='bbox 1403 582 1664 652; x_wconf 77' lang='lat' dir='ltr'>perderet.</span> <span class='ocrx_word' id='word_1_33' title='bbox 1727 584 1961 654; x_wconf 86' lang='lat' dir='ltr'>Regibus</span> <span class='ocrx_word' id='word_1_34' title='bbox 2001 585 2287 641; x_wconf 86' lang='lat' dir='ltr'>Alcamene</span> <span class='ocrx_word' id='word_1_35' title='bbox 2322 597 2374 643; x_wconf 89' lang='lat' dir='ltr'>et</span> 
     </span>
     <span class='ocr_line' id='line_1_6' title="bbox 404 669 2373 740; baseline 0.002 -15"><span class='ocrx_word' id='word_1_36' title='bbox 404 672 775 740; x_wconf 82' lang='lat' dir='ltr'>Theopompo,</span> <span class='ocrx_word' id='word_1_37' title='bbox 818 669 871 720; x_wconf 93' lang='lat' dir='ltr'>in</span> <span class='ocrx_word' id='word_1_38' title='bbox 916 685 1141 738; x_wconf 88' lang='lat' dir='ltr'>quorum</span> <span class='ocrx_word' id='word_1_39' title='bbox 1184 684 1408 738; x_wconf 87' lang='lat' dir='ltr'>regnum</span> <span class='ocrx_word' id='word_1_40' title='bbox 1453 670 1643 723; x_wconf 85' lang='lat' dir='ltr'>incidit</span> <span class='ocrx_word' id='word_1_41' title='bbox 1678 674 1705 734; x_wconf 79' lang='grc' dir='ltr'><em>ἦ</em></span> <span class='ocrx_word' id='word_1_42' title='bbox 1738 678 1834 725; x_wconf 81' lang='grc' dir='ltr'>τῶν</span> <span class='ocrx_word' id='word_1_43' title='bbox 1876 674 2180 737; x_wconf 75' lang='grc' dir='ltr'><em>Ὀλυμπίων</em></span> <span class='ocrx_word' id='word_1_44' title='bbox 2217 675 2373 738; x_wconf 81' lang='grc' dir='ltr'><em>θέσις,</em></span> 
     </span>
     <span class='ocr_line' id='line_1_7' title="bbox 401 755 2374 828; baseline 0.003 -16"><span class='ocrx_word' id='word_1_45' title='bbox 401 776 507 813; x_wconf 91' lang='lat' dir='ltr'>uno</span> <span class='ocrx_word' id='word_1_46' title='bbox 555 763 673 827; x_wconf 83' lang='lat' dir='ltr'>post</span> <span class='ocrx_word' id='word_1_47' title='bbox 708 757 1014 828; x_wconf 83' lang='lat' dir='ltr'>Lycurgum</span> <span class='ocrx_word' id='word_1_48' title='bbox 1056 755 1266 809; x_wconf 87' lang='lat' dir='ltr'>saeculo</span> <span class='ocrx_word' id='word_1_49' title='bbox 1311 755 1451 828; x_wconf 91' lang='lat' dir='ltr'>(vide</span> <span class='ocrx_word' id='word_1_50' title='bbox 1509 757 1783 812; x_wconf 83' lang='lat' dir='ltr'>Plutarchi</span> <span class='ocrx_word' id='word_1_51' title='bbox 1834 758 2080 814; x_wconf 77' lang='lat' dir='ltr'>Instituta</span> <span class='ocrx_word' id='word_1_52' title='bbox 2120 762 2374 818; x_wconf 82' lang='lat' dir='ltr'>Laconica</span> 
     </span>
     <span class='ocr_line' id='line_1_8' title="bbox 398 843 1532 918; baseline 0 -19"><span class='ocrx_word' id='word_1_53' title='bbox 398 863 517 918; x_wconf 84' lang='lat' dir='ltr'>pag.</span> <span class='ocrx_word' id='word_1_54' title='bbox 556 847 681 898; x_wconf 72' lang='lat'><strong>259.</strong></span> <span class='ocrx_word' id='word_1_55' title='bbox 724 843 805 915; x_wconf 87' lang='lat' dir='ltr'>F.)</span> <span class='ocrx_word' id='word_1_56' title='bbox 865 843 1138 897; x_wconf 89' lang='lat' dir='ltr'>oraculum</span> <span class='ocrx_word' id='word_1_57' title='bbox 1180 852 1261 897; x_wconf 85' lang='lat' dir='ltr'>est</span> <span class='ocrx_word' id='word_1_58' title='bbox 1300 844 1532 899; x_wconf 87' lang='lat' dir='ltr'>editum:</span> 
     </span>
     <span class='ocr_line' id='line_1_9' title="bbox 623 931 2095 1002; baseline 0.003 -16"><span class='ocrx_word' id='word_1_59' title='bbox 623 933 660 986; x_wconf 74' lang='grc' dir='ltr'>οἱ</span> <span class='ocrx_word' id='word_1_60' title='bbox 699 933 1103 999; x_wconf 69' lang='grc' dir='ltr'>φιλοχρηματία</span> <span class='ocrx_word' id='word_1_61' title='bbox 1145 931 1398 998; x_wconf 71' lang='grc' dir='ltr'><em>Σπάρταν</em></span> <span class='ocrx_word' id='word_1_62' title='bbox 1438 934 1582 996; x_wconf 75' lang='grc' dir='ltr'><em>ὀλεῖ,</em></span> <span class='ocrx_word' id='word_1_63' title='bbox 1623 932 1757 988; x_wconf 73' lang='grc' dir='ltr'><em>ἄλλο</em></span> <span class='ocrx_word' id='word_1_64' title='bbox 1798 936 1902 1002; x_wconf 70' lang='grc' dir='ltr'>γαρ</span> <span class='ocrx_word' id='word_1_65' title='bbox 1943 936 2095 990; x_wconf 80' lang='grc' dir='ltr'><em>οὐδέν.</em></span> 
     </span>
     <span class='ocr_line' id='line_1_10' title="bbox 399 1018 2318 1092; baseline 0.003 -17"><span class='ocrx_word' id='word_1_66' title='bbox 399 1029 453 1075; x_wconf 88' lang='lat' dir='ltr'>et</span> <span class='ocrx_word' id='word_1_67' title='bbox 491 1018 621 1092; x_wconf 88' lang='lat' dir='ltr'>quid</span> <span class='ocrx_word' id='word_1_68' title='bbox 658 1019 756 1071; x_wconf 89' lang='lat' dir='ltr'>sibi</span> <span class='ocrx_word' id='word_1_69' title='bbox 799 1018 915 1072; x_wconf 86' lang='lat' dir='ltr'>vult</span> <span class='ocrx_word' id='word_1_70' title='bbox 955 1026 1107 1073; x_wconf 87' lang='lat' dir='ltr'>vetus</span> <span class='ocrx_word' id='word_1_71' title='bbox 1149 1019 1350 1073; x_wconf 90' lang='lat' dir='ltr'>dictum</span> <span class='ocrx_word' id='word_1_72' title='bbox 1391 1027 1499 1073; x_wconf 90' lang='lat' dir='ltr'>tota</span> <span class='ocrx_word' id='word_1_73' title='bbox 1545 1021 1901 1092; x_wconf 87' lang='lat' dir='ltr'>Peloponneso</span> <span class='ocrx_word' id='word_1_74' title='bbox 1942 1023 2318 1080; x_wconf 87' lang='lat' dir='ltr'>decantatum:</span> 
     </span>
     <span class='ocr_line' id='line_1_11' title="bbox 625 1107 1978 1177; baseline 0.004 -17"><span class='ocrx_word' id='word_1_75' title='bbox 625 1107 724 1160; x_wconf 75' lang='grc' dir='ltr'>ταν</span> <span class='ocrx_word' id='word_1_76' title='bbox 764 1108 953 1173; x_wconf 70' lang='grc' dir='ltr'><em>αρε-ταν</em></span> <span class='ocrx_word' id='word_1_77' title='bbox 994 1108 1079 1161; x_wconf 78' lang='grc' dir='ltr'>καὶ</span> <span class='ocrx_word' id='word_1_78' title='bbox 1123 1108 1220 1162; x_wconf 74' lang='grc' dir='ltr'>ταν</span> <span class='ocrx_word' id='word_1_79' title='bbox 1261 1109 1450 1177; x_wconf 78' lang='grc' dir='ltr'><em>σοφίαν</em></span> <span class='ocrx_word' id='word_1_80' title='bbox 1492 1115 1684 1164; x_wconf 81' lang='grc' dir='ltr'><em>νικῶντι</em></span> <span class='ocrx_word' id='word_1_81' title='bbox 1724 1115 1978 1175; x_wconf 77' lang='grc' dir='ltr'>χελῶναι,</span> 
     </span>
    </p>

    <p class='ocr_par' dir='ltr' id='par_1_3' title="bbox 387 1194 2422 3645">
     <span class='ocr_line' id='line_1_12' title="bbox 398 1194 2372 1271; baseline 0.003 -21"><span class='ocrx_word' id='word_1_82' title='bbox 398 1195 538 1268; x_wconf 88' lang='lat' dir='ltr'>apud</span> <span class='ocrx_word' id='word_1_83' title='bbox 593 1194 856 1249; x_wconf 88' lang='lat' dir='ltr'>Pollucem</span> <span class='ocrx_word' id='word_1_84' title='bbox 897 1194 986 1248; x_wconf 80' lang='lat' dir='ltr'>IX.</span> <span class='ocrx_word' id='word_1_85' title='bbox 1037 1196 1148 1249; x_wconf 75' lang='lat'>74?</span> <span class='ocrx_word' id='word_1_86' title='bbox 1228 1196 1602 1267; x_wconf 85' lang='lat' dir='ltr'>Pereleganter</span> <span class='ocrx_word' id='word_1_87' title='bbox 1642 1198 1811 1268; x_wconf 88' lang='lat' dir='ltr'>igitur</span> <span class='ocrx_word' id='word_1_88' title='bbox 1849 1197 2053 1252; x_wconf 87' lang='lat' dir='ltr'>dictum</span> <span class='ocrx_word' id='word_1_89' title='bbox 2097 1207 2177 1253; x_wconf 86' lang='lat' dir='ltr'>est</span> <span class='ocrx_word' id='word_1_90' title='bbox 2216 1202 2267 1254; x_wconf 80' lang='grc' dir='ltr'>ἐν</span> <span class='ocrx_word' id='word_1_91' title='bbox 2307 1210 2372 1271; x_wconf 73' lang='grc' dir='ltr'>τῇ</span> 
     </span>
     <span class='ocr_line' id='line_1_13' title="bbox 400 1283 2394 1355; baseline 0.002 -16"><span class='ocrx_word' id='word_1_92' title='bbox 400 1285 618 1352; x_wconf 71' lang='grc' dir='ltr'><em>Σπάρτη</em></span> <span class='ocrx_word' id='word_1_93' title='bbox 671 1290 768 1338; x_wconf 81' lang='grc' dir='ltr'>τῶν</span> <span class='ocrx_word' id='word_1_94' title='bbox 818 1283 1107 1351; x_wconf 71' lang='grc' dir='ltr'><em>χρημάτων</em></span> <span class='ocrx_word' id='word_1_95' title='bbox 1150 1286 1178 1346; x_wconf 75' lang='grc' dir='ltr'><em>ἦ</em></span> <span class='ocrx_word' id='word_1_96' title='bbox 1218 1292 1396 1346; x_wconf 77' lang='grc' dir='ltr'><em>κτῆσις</em></span> <span class='ocrx_word' id='word_1_97' title='bbox 1438 1286 1644 1345; x_wconf 84' lang='grc' dir='ltr'><em>πλείους</em></span> <span class='ocrx_word' id='word_1_98' title='bbox 1691 1286 1868 1346; x_wconf 81' lang='grc' dir='ltr'><em>λύπας</em></span> <span class='ocrx_word' id='word_1_99' title='bbox 1911 1287 1938 1349; x_wconf 79' lang='grc' dir='ltr'>ἢ</span> <span class='ocrx_word' id='word_1_100' title='bbox 1982 1290 2009 1350; x_wconf 75' lang='grc' dir='ltr'><strong><em>ἡ</em></strong></span> <span class='ocrx_word' id='word_1_101' title='bbox 2050 1296 2234 1355; x_wconf 76' lang='grc' dir='ltr'><em>χρῆσις</em></span> <span class='ocrx_word' id='word_1_102' title='bbox 2287 1292 2394 1352; x_wconf 68' lang='grc' dir='ltr'>εὐ-,</span> 
     </span>
     <span class='ocr_line' id='line_1_14' title="bbox 397 1371 2372 1445; baseline 0.002 -19"><span class='ocrx_word' id='word_1_103' title='bbox 397 1373 653 1442; x_wconf 80' lang='grc' dir='ltr'><em>φροο-ύνας</em></span> <span class='ocrx_word' id='word_1_104' title='bbox 692 1373 948 1439; x_wconf 75' lang='grc' dir='ltr'>παρέχει,</span> <span class='ocrx_word' id='word_1_105' title='bbox 990 1371 1080 1424; x_wconf 90' lang='lat' dir='ltr'>sed</span> <span class='ocrx_word' id='word_1_106' title='bbox 1119 1371 1183 1424; x_wconf 85' lang='lat' dir='ltr'>ad</span> <span class='ocrx_word' id='word_1_107' title='bbox 1221 1372 1455 1444; x_wconf 79' lang='lat' dir='ltr'>Lycurgi</span> <span class='ocrx_word' id='word_1_108' title='bbox 1490 1380 1732 1445; x_wconf 85' lang='lat' dir='ltr'>tempora</span> <span class='ocrx_word' id='word_1_109' title='bbox 1766 1374 1895 1428; x_wconf 89' lang='lat' dir='ltr'>haec</span> <span class='ocrx_word' id='word_1_110' title='bbox 1927 1374 2203 1429; x_wconf 88' lang='lat' dir='ltr'>reserenda</span> <span class='ocrx_word' id='word_1_111' title='bbox 2245 1384 2372 1430; x_wconf 87' lang='lat' dir='ltr'>sunt</span> 
     </span>
     <span class='ocr_line' id='line_1_15' title="bbox 395 1461 2419 1534; baseline 0.001 -20"><span class='ocrx_word' id='word_1_112' title='bbox 395 1468 448 1515; x_wconf 89' lang='lat' dir='ltr'>et</span> <span class='ocrx_word' id='word_1_113' title='bbox 497 1462 743 1533; x_wconf 83' lang='lat' dir='ltr'>Lycurgo</span> <span class='ocrx_word' id='word_1_114' title='bbox 796 1461 1090 1531; x_wconf 84' lang='lat' dir='ltr'>proximam</span> <span class='ocrx_word' id='word_1_115' title='bbox 1149 1466 1416 1522; x_wconf 86' lang='lat' dir='ltr'>aetatem,</span> <span class='ocrx_word' id='word_1_116' title='bbox 1478 1478 1579 1514; x_wconf 89' lang='lat' dir='ltr'>non</span> <span class='ocrx_word' id='word_1_117' title='bbox 1634 1461 1695 1515; x_wconf 86' lang='lat' dir='ltr'>ad</span> <span class='ocrx_word' id='word_1_118' title='bbox 1751 1462 2116 1534; x_wconf 87' lang='lat' dir='ltr'>Xenophontis</span> <span class='ocrx_word' id='word_1_119' title='bbox 2168 1481 2370 1518; x_wconf 86' lang='lat' dir='ltr'>memo-</span> <span class='ocrx_word' id='word_1_120' title='bbox 2414 1487 2419 1491; x_wconf 56' lang='lat'><em>¹</em></span> 
     </span>
     <span class='ocr_line' id='line_1_16' title="bbox 395 1545 2370 1623; baseline 0.002 -21"><span class='ocrx_word' id='word_1_121' title='bbox 395 1549 565 1612; x_wconf 87' lang='lat' dir='ltr'>riam,</span> <span class='ocrx_word' id='word_1_122' title='bbox 607 1549 696 1618; x_wconf 85' lang='lat' dir='ltr'>qui</span> <span class='ocrx_word' id='word_1_123' title='bbox 738 1547 867 1601; x_wconf 88' lang='lat' dir='ltr'>baec</span> <span class='ocrx_word' id='word_1_124' title='bbox 910 1564 1014 1600; x_wconf 91' lang='lat' dir='ltr'>non</span> <span class='ocrx_word' id='word_1_125' title='bbox 1051 1545 1210 1608; x_wconf 83' lang='lat' dir='ltr'>vidit,</span> <span class='ocrx_word' id='word_1_126' title='bbox 1253 1547 1343 1600; x_wconf 88' lang='lat' dir='ltr'>sed</span> <span class='ocrx_word' id='word_1_127' title='bbox 1381 1549 1593 1602; x_wconf 77' lang='lat' dir='ltr'>audivit.</span> <span class='ocrx_word' id='word_1_128' title='bbox 1677 1550 1824 1604; x_wconf 88' lang='lat' dir='ltr'>Talia</span> <span class='ocrx_word' id='word_1_129' title='bbox 1862 1550 2030 1604; x_wconf 87' lang='lat' dir='ltr'>multa</span> <span class='ocrx_word' id='word_1_130' title='bbox 2065 1553 2115 1604; x_wconf 90' lang='lat' dir='ltr'>in</span> <span class='ocrx_word' id='word_1_131' title='bbox 2158 1552 2370 1623; x_wconf 88' lang='lat' dir='ltr'>Sparta-</span> 
     </span>
     <span class='ocr_line' id='line_1_17' title="bbox 395 1633 2370 1709; baseline 0.002 -18"><span class='ocrx_word' id='word_1_132' title='bbox 395 1653 585 1691; x_wconf 87' lang='lat' dir='ltr'>norum</span> <span class='ocrx_word' id='word_1_133' title='bbox 650 1633 1025 1705; x_wconf 82' lang='lat' dir='ltr'>congressibus</span> <span class='ocrx_word' id='word_1_134' title='bbox 1084 1651 1146 1688; x_wconf 83' lang='lat' dir='ltr'>ex</span> <span class='ocrx_word' id='word_1_135' title='bbox 1198 1636 1563 1690; x_wconf 85' lang='lat' dir='ltr'>vetustissima</span> <span class='ocrx_word' id='word_1_136' title='bbox 1623 1640 1881 1691; x_wconf 87' lang='lat' dir='ltr'>memoria</span> <span class='ocrx_word' id='word_1_137' title='bbox 1932 1640 2156 1709; x_wconf 86' lang='lat' dir='ltr'>repetita</span> <span class='ocrx_word' id='word_1_138' title='bbox 2212 1641 2370 1694; x_wconf 88' lang='lat' dir='ltr'>iacta-</span> 
     </span>
     <span class='ocr_line' id='line_1_18' title="bbox 394 1723 2410 1796; baseline 0.001 -17"><span class='ocrx_word' id='word_1_139' title='bbox 394 1725 593 1779; x_wconf 85' lang='lat' dir='ltr'>bantur</span> <span class='ocrx_word' id='word_1_140' title='bbox 647 1731 700 1777; x_wconf 90' lang='lat' dir='ltr'>et</span> <span class='ocrx_word' id='word_1_141' title='bbox 758 1723 823 1776; x_wconf 87' lang='lat' dir='ltr'>ad</span> <span class='ocrx_word' id='word_1_142' title='bbox 881 1725 1193 1796; x_wconf 83' lang='lat' dir='ltr'>Lycurgum</span> <span class='ocrx_word' id='word_1_143' title='bbox 1251 1731 1524 1777; x_wconf 86' lang='lat' dir='ltr'>auctorem</span> <span class='ocrx_word' id='word_1_144' title='bbox 1583 1725 1912 1780; x_wconf 85' lang='lat' dir='ltr'>confidenter</span> <span class='ocrx_word' id='word_1_145' title='bbox 1966 1726 2410 1782; x_wconf 76' lang='lat' dir='ltr'>rel&#39;erebanturz&#39;</span> 
     </span>
     <span class='ocr_line' id='line_1_19' title="bbox 394 1811 2422 1884; baseline 0.001 -18"><span class='ocrx_word' id='word_1_146' title='bbox 394 1829 531 1884; x_wconf 89' lang='lat' dir='ltr'>quae</span> <span class='ocrx_word' id='word_1_147' title='bbox 581 1828 905 1883; x_wconf 87' lang='lat' dir='ltr'>quamquam</span> <span class='ocrx_word' id='word_1_148' title='bbox 968 1819 1241 1864; x_wconf 88' lang='lat' dir='ltr'>auctorem</span> <span class='ocrx_word' id='word_1_149' title='bbox 1295 1811 1540 1876; x_wconf 91' lang='lat' dir='ltr'>nullum,</span> <span class='ocrx_word' id='word_1_150' title='bbox 1582 1813 1789 1868; x_wconf 89' lang='lat' dir='ltr'>nullum</span> <span class='ocrx_word' id='word_1_151' title='bbox 1836 1821 2024 1868; x_wconf 87' lang='lat' dir='ltr'>testem</span> <span class='ocrx_word' id='word_1_152' title='bbox 2077 1814 2370 1878; x_wconf 87' lang='lat' dir='ltr'>habebant,</span> <span class='ocrx_word' id='word_1_153' title='bbox 2411 1861 2422 1869; x_wconf 90' lang='lat'><strong>.</strong></span> 
     </span>
     <span class='ocr_line' id='line_1_20' title="bbox 390 1898 2421 1972; baseline 0.003 -18"><span class='ocrx_word' id='word_1_154' title='bbox 390 1907 568 1955; x_wconf 88' lang='lat' dir='ltr'>tamen</span> <span class='ocrx_word' id='word_1_155' title='bbox 622 1902 746 1971; x_wconf 85' lang='lat' dir='ltr'>quia</span> <span class='ocrx_word' id='word_1_156' title='bbox 804 1916 957 1954; x_wconf 88' lang='lat' dir='ltr'>nemo</span> <span class='ocrx_word' id='word_1_157' title='bbox 995 1898 1351 1969; x_wconf 86' lang='lat' dir='ltr'>redarguebat</span> <span class='ocrx_word' id='word_1_158' title='bbox 1404 1907 1549 1953; x_wconf 87' lang='lat' dir='ltr'>certa</span> <span class='ocrx_word' id='word_1_159' title='bbox 1590 1908 1643 1955; x_wconf 89' lang='lat' dir='ltr'>et</span> <span class='ocrx_word' id='word_1_160' title='bbox 1693 1901 1964 1972; x_wconf 88' lang='lat' dir='ltr'>explorata</span> <span class='ocrx_word' id='word_1_161' title='bbox 2017 1920 2130 1957; x_wconf 88' lang='lat' dir='ltr'>esse</span> <span class='ocrx_word' id='word_1_162' title='bbox 2190 1905 2368 1958; x_wconf 85' lang='lat' dir='ltr'>existi·</span> <span class='ocrx_word' id='word_1_163' title='bbox 2419 1959 2421 1961; x_wconf 83' lang='grc'><em>,</em></span> 
     </span>
     <span class='ocr_line' id='line_1_21' title="bbox 391 1987 2369 2060; baseline 0.001 -18"><span class='ocrx_word' id='word_1_164' title='bbox 391 1989 694 2043; x_wconf 87' lang='lat' dir='ltr'>mabantur.</span> <span class='ocrx_word' id='word_1_165' title='bbox 774 1988 850 2042; x_wconf 91' lang='lat' dir='ltr'>De</span> <span class='ocrx_word' id='word_1_166' title='bbox 903 1987 1150 2058; x_wconf 80' lang='lat' dir='ltr'>Lycurgo</span> <span class='ocrx_word' id='word_1_167' title='bbox 1202 1995 1255 2040; x_wconf 90' lang='lat' dir='ltr'>et</span> <span class='ocrx_word' id='word_1_168' title='bbox 1305 1987 1542 2060; x_wconf 81' lang='lat' dir='ltr'>Lycurgi</span> <span class='ocrx_word' id='word_1_169' title='bbox 1602 1989 1809 2059; x_wconf 89' lang='lat' dir='ltr'>legibus</span> <span class='ocrx_word' id='word_1_170' title='bbox 1858 1998 1909 2044; x_wconf 88' lang='lat' dir='ltr'>et</span> <span class='ocrx_word' id='word_1_171' title='bbox 1958 1991 2225 2044; x_wconf 87' lang='lat' dir='ltr'>institutis</span> <span class='ocrx_word' id='word_1_172' title='bbox 2273 1990 2369 2044; x_wconf 90' lang='lat' dir='ltr'>ali-</span> 
     </span>
     <span class='ocr_line' id='line_1_22' title="bbox 391 2076 2369 2149; baseline 0.002 -20"><span class='ocrx_word' id='word_1_173' title='bbox 391 2076 521 2148; x_wconf 85' lang='lat' dir='ltr'>quid</span> <span class='ocrx_word' id='word_1_174' title='bbox 563 2078 695 2130; x_wconf 88' lang='lat' dir='ltr'>certi</span> <span class='ocrx_word' id='word_1_175' title='bbox 738 2077 975 2147; x_wconf 88' lang='lat' dir='ltr'>reperire</span> <span class='ocrx_word' id='word_1_176' title='bbox 1023 2076 1185 2128; x_wconf 86' lang='lat' dir='ltr'>etiam</span> <span class='ocrx_word' id='word_1_177' title='bbox 1227 2076 1346 2129; x_wconf 92' lang='lat' dir='ltr'>vivo</span> <span class='ocrx_word' id='word_1_178' title='bbox 1387 2076 1735 2147; x_wconf 88' lang='lat' dir='ltr'>Xenophonte</span> <span class='ocrx_word' id='word_1_179' title='bbox 1786 2078 2014 2132; x_wconf 89' lang='lat' dir='ltr'>arduum</span> <span class='ocrx_word' id='word_1_180' title='bbox 2058 2085 2172 2132; x_wconf 85' lang='lat' dir='ltr'>erat</span> <span class='ocrx_word' id='word_1_181' title='bbox 2213 2096 2369 2149; x_wconf 90' lang='lat' dir='ltr'>nego-</span> 
     </span>
     <span class='ocr_line' id='line_1_23' title="bbox 391 2163 2368 2237; baseline 0.001 -18"><span class='ocrx_word' id='word_1_182' title='bbox 391 2167 549 2219; x_wconf 87' lang='lat' dir='ltr'>tium.</span> <span class='ocrx_word' id='word_1_183' title='bbox 634 2165 864 2237; x_wconf 75' lang='lat' dir='ltr'>Scrz&#39;ptas</span> <span class='ocrx_word' id='word_1_184' title='bbox 921 2163 1064 2234; x_wconf 88' lang='lat' dir='ltr'>leges</span> <span class='ocrx_word' id='word_1_185' title='bbox 1109 2181 1278 2234; x_wconf 89' lang='lat' dir='ltr'>neque</span> <span class='ocrx_word' id='word_1_186' title='bbox 1334 2166 1448 2235; x_wconf 90' lang='lat' dir='ltr'>ipse</span> <span class='ocrx_word' id='word_1_187' title='bbox 1500 2165 1720 2236; x_wconf 88' lang='lat' dir='ltr'>reliquit</span> <span class='ocrx_word' id='word_1_188' title='bbox 1760 2174 1813 2220; x_wconf 90' lang='lat' dir='ltr'>et</span> <span class='ocrx_word' id='word_1_189' title='bbox 1867 2184 1894 2220; x_wconf 91' lang='lat' dir='ltr'>a</span> <span class='ocrx_word' id='word_1_190' title='bbox 1943 2166 2152 2220; x_wconf 87' lang='lat' dir='ltr'>civibus</span> <span class='ocrx_word' id='word_1_191' title='bbox 2204 2166 2368 2221; x_wconf 88' lang='lat' dir='ltr'>scribi</span> 
     </span>
     <span class='ocr_line' id='line_1_24' title="bbox 392 2252 2368 2323; baseline 0.001 -16"><span class='ocrx_word' id='word_1_192' title='bbox 392 2253 593 2316; x_wconf 82' lang='lat' dir='ltr'>vetuit,</span> <span class='ocrx_word' id='word_1_193' title='bbox 639 2252 778 2305; x_wconf 86' lang='lat' dir='ltr'>Plut.</span> <span class='ocrx_word' id='word_1_194' title='bbox 820 2252 1052 2323; x_wconf 85' lang='lat' dir='ltr'>Lycurg.</span> <span class='ocrx_word' id='word_1_195' title='bbox 1097 2256 1191 2305; x_wconf 81' lang='lat'>15:</span> <span class='ocrx_word' id='word_1_196' title='bbox 1233 2252 1332 2317; x_wconf 83' lang='grc' dir='ltr'>μία</span> <span class='ocrx_word' id='word_1_197' title='bbox 1372 2259 1469 2305; x_wconf 81' lang='grc' dir='ltr'>τῶν</span> <span class='ocrx_word' id='word_1_198' title='bbox 1498 2257 1682 2320; x_wconf 77' lang='grc' dir='ltr'><em>ῥητρῶν</em></span> <span class='ocrx_word' id='word_1_199' title='bbox 1723 2253 1777 2317; x_wconf 73' lang='grc' dir='ltr'>ἦν</span> <span class='ocrx_word' id='word_1_200' title='bbox 1811 2256 1897 2319; x_wconf 70' lang='grc' dir='ltr'>μὴ</span> <span class='ocrx_word' id='word_1_201' title='bbox 1944 2256 2240 2323; x_wconf 72' lang='grc' dir='ltr'><em>χρῆσθαι</em></span> <span class='ocrx_word' id='word_1_202' title='bbox 2282 2255 2368 2309; x_wconf 84' lang='lat' dir='ltr'>vo&#39;·</span> 
     </span>
     <span class='ocr_line' id='line_1_25' title="bbox 390 2339 2417 2413; baseline 0.002 -22"><span class='ocrx_word' id='word_1_203' title='bbox 390 2362 539 2407; x_wconf 78' lang='grc' dir='ltr'>μοις</span> <span class='ocrx_word' id='word_1_204' title='bbox 582 2339 994 2407; x_wconf 69' lang='grc' dir='ltr'><em>ἐγγράφοις.</em></span> <span class='ocrx_word' id='word_1_205' title='bbox 1078 2339 1262 2409; x_wconf 87' lang='lat' dir='ltr'>Itaque</span> <span class='ocrx_word' id='word_1_206' title='bbox 1301 2356 1511 2393; x_wconf 86' lang='lat' dir='ltr'>summa</span> <span class='ocrx_word' id='word_1_207' title='bbox 1554 2350 1668 2394; x_wconf 85' lang='lat' dir='ltr'>erat</span> <span class='ocrx_word' id='word_1_208' title='bbox 1723 2341 1949 2396; x_wconf 80' lang='lat' dir='ltr'>facultas</span> <span class='ocrx_word' id='word_1_209' title='bbox 1987 2350 2039 2396; x_wconf 87' lang='lat' dir='ltr'>et</span> <span class='ocrx_word' id='word_1_210' title='bbox 2079 2342 2368 2413; x_wconf 85' lang='lat' dir='ltr'>affingendi</span> <span class='ocrx_word' id='word_1_211' title='bbox 2415 2367 2417 2370; x_wconf 47' lang='lat'><strong>⁴</strong></span> 
     </span>
     <span class='ocr_line' id='line_1_26' title="bbox 391 2426 2368 2501; baseline 0.001 -19"><span class='ocrx_word' id='word_1_212' title='bbox 391 2430 638 2501; x_wconf 86' lang='lat' dir='ltr'>Lycurgo</span> <span class='ocrx_word' id='word_1_213' title='bbox 676 2427 936 2498; x_wconf 87' lang='lat' dir='ltr'>quidlibet</span> <span class='ocrx_word' id='word_1_214' title='bbox 974 2434 1026 2480; x_wconf 88' lang='lat' dir='ltr'>et</span> <span class='ocrx_word' id='word_1_215' title='bbox 1068 2435 1252 2480; x_wconf 85' lang='lat' dir='ltr'>contra</span> <span class='ocrx_word' id='word_1_216' title='bbox 1297 2426 1671 2494; x_wconf 86' lang='lat' dir='ltr'>abiudicandi,</span> <span class='ocrx_word' id='word_1_217' title='bbox 1720 2430 1762 2482; x_wconf 91' lang='lat' dir='ltr'>si</span> <span class='ocrx_word' id='word_1_218' title='bbox 1801 2430 1927 2500; x_wconf 90' lang='lat' dir='ltr'>quid</span> <span class='ocrx_word' id='word_1_219' title='bbox 1965 2430 2053 2483; x_wconf 91' lang='lat' dir='ltr'>illo</span> <span class='ocrx_word' id='word_1_220' title='bbox 2091 2447 2192 2483; x_wconf 88' lang='lat' dir='ltr'>non</span> <span class='ocrx_word' id='word_1_221' title='bbox 2236 2432 2368 2486; x_wconf 89' lang='lat' dir='ltr'>satis</span> 
     </span>
     <span class='ocr_line' id='line_1_27' title="bbox 391 2515 2366 2586; baseline 0.002 -17"><span class='ocrx_word' id='word_1_222' title='bbox 391 2516 615 2586; x_wconf 87' lang='lat' dir='ltr'>dignum</span> <span class='ocrx_word' id='word_1_223' title='bbox 669 2515 958 2569; x_wconf 88' lang='lat' dir='ltr'>videretur.</span> <span class='ocrx_word' id='word_1_224' title='bbox 1039 2515 1260 2569; x_wconf 79' lang='lat' dir='ltr'>infamis</span> <span class='ocrx_word' id='word_1_225' title='bbox 1311 2515 1848 2571; x_wconf 87' lang='lat' dir='ltr'>Lacedaemoniorum</span> <span class='ocrx_word' id='word_1_226' title='bbox 1907 2520 2157 2586; x_wconf 76' lang='grc' dir='ltr'><em>κρυπτεία</em></span> <span class='ocrx_word' id='word_1_227' title='bbox 2206 2525 2258 2573; x_wconf 88' lang='lat' dir='ltr'>et</span> <span class='ocrx_word' id='word_1_228' title='bbox 2301 2519 2366 2573; x_wconf 89' lang='lat' dir='ltr'>ab</span> 
     </span>
     <span class='ocr_line' id='line_1_28' title="bbox 389 2603 2422 2677; baseline 0.001 -18"><span class='ocrx_word' id='word_1_229' title='bbox 389 2604 676 2659; x_wconf 86' lang='lat' dir='ltr'>Aristotele</span> <span class='ocrx_word' id='word_1_230' title='bbox 717 2603 914 2657; x_wconf 89' lang='lat' dir='ltr'>diserte</span> <span class='ocrx_word' id='word_1_231' title='bbox 956 2604 1205 2656; x_wconf 85' lang='lat' dir='ltr'>instituta</span> <span class='ocrx_word' id='word_1_232' title='bbox 1245 2620 1360 2657; x_wconf 89' lang='lat' dir='ltr'>esse</span> <span class='ocrx_word' id='word_1_233' title='bbox 1402 2620 1431 2656; x_wconf 93' lang='lat' dir='ltr'>a</span> <span class='ocrx_word' id='word_1_234' title='bbox 1471 2604 1717 2677; x_wconf 82' lang='lat' dir='ltr'>Lycurgo</span> <span class='ocrx_word' id='word_1_235' title='bbox 1762 2606 1994 2660; x_wconf 84' lang='lat' dir='ltr'>traditur</span> <span class='ocrx_word' id='word_1_236' title='bbox 2029 2614 2080 2660; x_wconf 89' lang='lat' dir='ltr'>et</span> <span class='ocrx_word' id='word_1_237' title='bbox 2123 2625 2149 2660; x_wconf 85' lang='lat' dir='ltr'>a</span> <span class='ocrx_word' id='word_1_238' title='bbox 2196 2614 2363 2662; x_wconf 87' lang='lat' dir='ltr'>caete·</span> <span class='ocrx_word' id='word_1_239' title='bbox 2419 2646 2422 2647; x_wconf 22' lang='grc' dir='ltr'><em>ν</em></span> 
     </span>
     <span class='ocr_line' id='line_1_29' title="bbox 389 2691 2364 2764; baseline 0.001 -18"><span class='ocrx_word' id='word_1_240' title='bbox 389 2693 467 2746; x_wconf 86' lang='lat' dir='ltr'>ris</span> <span class='ocrx_word' id='word_1_241' title='bbox 523 2693 638 2746; x_wconf 89' lang='lat' dir='ltr'>eius</span> <span class='ocrx_word' id='word_1_242' title='bbox 686 2691 951 2744; x_wconf 83' lang='lat' dir='ltr'>institutis</span> <span class='ocrx_word' id='word_1_243' title='bbox 1009 2708 1114 2743; x_wconf 90' lang='lat' dir='ltr'>non</span> <span class='ocrx_word' id='word_1_244' title='bbox 1164 2691 1433 2746; x_wconf 87' lang='lat' dir='ltr'>abhorret.</span> <span class='ocrx_word' id='word_1_245' title='bbox 1516 2692 1836 2746; x_wconf 88' lang='lat' dir='ltr'>Plutarchus</span> <span class='ocrx_word' id='word_1_246' title='bbox 1895 2694 2235 2764; x_wconf 84' lang='lat' dir='ltr'>obloquitur:</span> <span class='ocrx_word' id='word_1_247' title='bbox 2276 2698 2364 2749; x_wconf 77' lang='grc' dir='ltr'>οὐκ</span> 
     </span>
     <span class='ocr_line' id='line_1_30' title="bbox 389 2779 2361 2853; baseline 0.002 -20"><span class='ocrx_word' id='word_1_248' title='bbox 389 2779 453 2834; x_wconf 69' lang='grc' dir='ltr'>ἂν</span> <span class='ocrx_word' id='word_1_249' title='bbox 503 2780 675 2843; x_wconf 66' lang='grc' dir='ltr'><em>ἔγωγε</em></span> <span class='ocrx_word' id='word_1_250' title='bbox 728 2779 1027 2845; x_wconf 80' lang='grc' dir='ltr'><em>προσθείην,</em></span> <span class='ocrx_word' id='word_1_251' title='bbox 1086 2780 1261 2849; x_wconf 85' lang='lat' dir='ltr'>inquit</span> <span class='ocrx_word' id='word_1_252' title='bbox 1314 2781 1367 2832; x_wconf 90' lang='lat' dir='ltr'>in</span> <span class='ocrx_word' id='word_1_253' title='bbox 1425 2781 1650 2853; x_wconf 87' lang='lat' dir='ltr'>Lycurg.</span> <span class='ocrx_word' id='word_1_254' title='bbox 1693 2786 1796 2845; x_wconf 73' lang='lat'>28,</span> <span class='ocrx_word' id='word_1_255' title='bbox 1854 2783 2131 2850; x_wconf 70' lang='grc' dir='ltr'><em>Λυκούργῳ</em></span> <span class='ocrx_word' id='word_1_256' title='bbox 2183 2784 2361 2850; x_wconf 77' lang='grc' dir='ltr'><em>μιαρὸν</em></span> 
     </span>
     <span class='ocr_line' id='line_1_31' title="bbox 389 2865 2360 2939; baseline 0.002 -18"><span class='ocrx_word' id='word_1_257' title='bbox 389 2865 514 2921; x_wconf 77' lang='grc' dir='ltr'><em>οὕτω</em></span> <span class='ocrx_word' id='word_1_258' title='bbox 567 2874 658 2928; x_wconf 70' lang='grc' dir='ltr'>τῆς</span> <span class='ocrx_word' id='word_1_259' title='bbox 706 2868 984 2933; x_wconf 80' lang='grc' dir='ltr'><em>κρυπτείας</em></span> <span class='ocrx_word' id='word_1_260' title='bbox 1035 2866 1175 2932; x_wconf 65' lang='grc' dir='ltr'><em>ἔργον</em></span> <span class='ocrx_word' id='word_1_261' title='bbox 1232 2869 1336 2921; x_wconf 72' lang='grc' dir='ltr'>απὸ</span> <span class='ocrx_word' id='word_1_262' title='bbox 1386 2876 1477 2931; x_wconf 77' lang='grc' dir='ltr'>τῆς</span> <span class='ocrx_word' id='word_1_263' title='bbox 1536 2868 1703 2931; x_wconf 70' lang='grc' dir='ltr'><em>ἄλλης</em></span> <span class='ocrx_word' id='word_1_264' title='bbox 1745 2874 1902 2925; x_wconf 78' lang='grc' dir='ltr'><em>αὐτοῦ</em></span> <span class='ocrx_word' id='word_1_265' title='bbox 1950 2870 2234 2939; x_wconf 77' lang='grc' dir='ltr'><em>πραότητος</em></span> <span class='ocrx_word' id='word_1_266' title='bbox 2274 2871 2360 2925; x_wconf 75' lang='grc' dir='ltr'>καὶ</span> 
     </span>
     <span class='ocr_line' id='line_1_32' title="bbox 389 2955 2408 3022; baseline 0 -12"><span class='ocrx_word' id='word_1_267' title='bbox 389 2956 704 3015; x_wconf 71' lang='grc' dir='ltr'>δικαιοσύνης</span> <span class='ocrx_word' id='word_1_268' title='bbox 742 2955 1140 3021; x_wconf 75' lang='grc' dir='ltr'><em>τεκμαιρόμενος</em></span> <span class='ocrx_word' id='word_1_269' title='bbox 1181 2956 1266 3008; x_wconf 79' lang='grc' dir='ltr'>τὸν</span> <span class='ocrx_word' id='word_1_270' title='bbox 1299 2955 1497 3022; x_wconf 82' lang='grc' dir='ltr'><em>τρόπον.</em></span> <span class='ocrx_word' id='word_1_271' title='bbox 1581 2957 1680 3012; x_wconf 83' lang='lat' dir='ltr'>Sed</span> <span class='ocrx_word' id='word_1_272' title='bbox 1729 2959 1806 3011; x_wconf 84' lang='lat' dir='ltr'>sic</span> <span class='ocrx_word' id='word_1_273' title='bbox 1843 2958 2021 3011; x_wconf 86' lang='lat' dir='ltr'>omnia</span> <span class='ocrx_word' id='word_1_274' title='bbox 2076 2957 2141 3010; x_wconf 84' lang='lat' dir='ltr'>ad</span> <span class='ocrx_word' id='word_1_275' title='bbox 2182 2959 2359 3011; x_wconf 81' lang='lat' dir='ltr'>cuius·</span> <span class='ocrx_word' id='word_1_276' title='bbox 2404 3014 2408 3019; x_wconf 54' lang='grc'><em>,</em></span> 
     </span>
     <span class='ocr_line' id='line_1_33' title="bbox 390 3042 2409 3116; baseline 0.002 -19"><span class='ocrx_word' id='word_1_277' title='bbox 390 3061 493 3115; x_wconf 88' lang='lat' dir='ltr'>que</span> <span class='ocrx_word' id='word_1_278' title='bbox 548 3042 830 3096; x_wconf 88' lang='lat' dir='ltr'>arbitrium</span> <span class='ocrx_word' id='word_1_279' title='bbox 883 3049 1083 3095; x_wconf 88' lang='lat' dir='ltr'>temere</span> <span class='ocrx_word' id='word_1_280' title='bbox 1140 3043 1554 3098; x_wconf 87' lang='lat' dir='ltr'>revocabuntur.</span> <span class='ocrx_word' id='word_1_281' title='bbox 1650 3045 1817 3112; x_wconf 83' lang='lat' dir='ltr'>Quam</span> <span class='ocrx_word' id='word_1_282' title='bbox 1877 3045 2045 3100; x_wconf 85' lang='lat' dir='ltr'>multa</span> <span class='ocrx_word' id='word_1_283' title='bbox 2110 3054 2360 3116; x_wconf 85' lang='lat' dir='ltr'>putemus</span> <span class='ocrx_word' id='word_1_284' title='bbox 2407 3062 2409 3067; x_wconf 88' lang='lat'>·</span> 
     </span>
     <span class='ocr_line' id='line_1_34' title="bbox 389 3129 2406 3201; baseline 0.001 -16"><span class='ocrx_word' id='word_1_285' title='bbox 389 3131 783 3185; x_wconf 86' lang='lat' dir='ltr'>Lacedaemone</span> <span class='ocrx_word' id='word_1_286' title='bbox 837 3136 957 3199; x_wconf 85' lang='lat' dir='ltr'>post</span> <span class='ocrx_word' id='word_1_287' title='bbox 1012 3129 1244 3201; x_wconf 85' lang='lat' dir='ltr'>Lycurgi</span> <span class='ocrx_word' id='word_1_288' title='bbox 1301 3138 1529 3186; x_wconf 82' lang='lat' dir='ltr'>aetatem</span> <span class='ocrx_word' id='word_1_289' title='bbox 1585 3141 1791 3187; x_wconf 87' lang='lat' dir='ltr'>mutata</span> <span class='ocrx_word' id='word_1_290' title='bbox 1844 3141 1895 3188; x_wconf 90' lang='lat' dir='ltr'>et</span> <span class='ocrx_word' id='word_1_291' title='bbox 1955 3140 2147 3186; x_wconf 86' lang='lat' dir='ltr'>novata</span> <span class='ocrx_word' id='word_1_292' title='bbox 2201 3130 2406 3187; x_wconf 70' lang='lat' dir='ltr'>esse?3</span> 
     </span>
     <span class='ocr_line' id='line_1_35' title="bbox 388 3219 2359 3292; baseline 0.001 -18"><span class='ocrx_word' id='word_1_293' title='bbox 388 3221 587 3275; x_wconf 88' lang='lat' dir='ltr'>Earum</span> <span class='ocrx_word' id='word_1_294' title='bbox 626 3234 809 3272; x_wconf 90' lang='lat' dir='ltr'>rerum</span> <span class='ocrx_word' id='word_1_295' title='bbox 848 3223 1022 3269; x_wconf 89' lang='lat' dir='ltr'>tamen</span> <span class='ocrx_word' id='word_1_296' title='bbox 1066 3219 1446 3288; x_wconf 86' lang='lat' dir='ltr'>propemodum</span> <span class='ocrx_word' id='word_1_297' title='bbox 1500 3222 1738 3274; x_wconf 87' lang='lat' dir='ltr'>omnium</span> <span class='ocrx_word' id='word_1_298' title='bbox 1793 3222 1905 3291; x_wconf 87' lang='lat' dir='ltr'>ipse</span> <span class='ocrx_word' id='word_1_299' title='bbox 1947 3229 2134 3275; x_wconf 90' lang='lat' dir='ltr'>auctor</span> <span class='ocrx_word' id='word_1_300' title='bbox 2186 3222 2359 3292; x_wconf 90' lang='lat' dir='ltr'>perhi-</span> 
     </span>
     <span class='ocr_line' id='line_1_36' title="bbox 388 3303 2360 3381; baseline 0.001 -19"><span class='ocrx_word' id='word_1_301' title='bbox 388 3308 580 3371; x_wconf 87' lang='lat' dir='ltr'>betur,</span> <span class='ocrx_word' id='word_1_302' title='bbox 622 3306 959 3377; x_wconf 88' lang='lat' dir='ltr'>plurimaque</span> <span class='ocrx_word' id='word_1_303' title='bbox 1002 3303 1064 3357; x_wconf 88' lang='lat' dir='ltr'>de</span> <span class='ocrx_word' id='word_1_304' title='bbox 1102 3322 1193 3368; x_wconf 82' lang='lat' dir='ltr'>ee,</span> <span class='ocrx_word' id='word_1_305' title='bbox 1234 3307 1286 3359; x_wconf 89' lang='lat' dir='ltr'>in</span> <span class='ocrx_word' id='word_1_306' title='bbox 1328 3307 1411 3361; x_wconf 87' lang='lat' dir='ltr'>his</span> <span class='ocrx_word' id='word_1_307' title='bbox 1454 3309 1813 3361; x_wconf 86' lang='lat' dir='ltr'>minutissima</span> <span class='ocrx_word' id='word_1_308' title='bbox 1850 3309 2112 3379; x_wconf 88' lang='lat' dir='ltr'>quaedam</span> <span class='ocrx_word' id='word_1_309' title='bbox 2135 3318 2185 3364; x_wconf 90' lang='lat' dir='ltr'>et</span> <span class='ocrx_word' id='word_1_310' title='bbox 2226 3325 2360 3381; x_wconf 86' lang='lat' dir='ltr'>quae</span> 
     </span>
     <span class='ocr_line' id='line_1_37' title="bbox 387 3393 2357 3464; baseline 0.003 -16"><span class='ocrx_word' id='word_1_311' title='bbox 387 3395 512 3449; x_wconf 89' lang='lat' dir='ltr'>solis</span> <span class='ocrx_word' id='word_1_312' title='bbox 547 3393 857 3464; x_wconf 87' lang='lat' dir='ltr'>aequalibus</span> <span class='ocrx_word' id='word_1_313' title='bbox 889 3399 1012 3445; x_wconf 88' lang='lat' dir='ltr'>nota</span> <span class='ocrx_word' id='word_1_314' title='bbox 1047 3409 1161 3446; x_wconf 88' lang='lat' dir='ltr'>esse</span> <span class='ocrx_word' id='word_1_315' title='bbox 1205 3404 1456 3464; x_wconf 85' lang='lat' dir='ltr'>possunt,</span> <span class='ocrx_word' id='word_1_316' title='bbox 1497 3405 2019 3462; x_wconf 86' lang='lat' dir='ltr'>commemorantur,</span> <span class='ocrx_word' id='word_1_317' title='bbox 2061 3401 2357 3464; x_wconf 65' lang='grc' dir='ltr'><em>ἀπομνημο-</em></span> 
     </span>
     <span class='ocr_line' id='line_1_38' title="bbox 391 3481 2356 3553; baseline 0.002 -16"><span class='ocrx_word' id='word_1_318' title='bbox 391 3484 663 3549; x_wconf 79' lang='grc' dir='ltr'><em>νεύματα,</em></span> <span class='ocrx_word' id='word_1_319' title='bbox 704 3481 1133 3550; x_wconf 65' lang='grc' dir='ltr'><em>ἀποφθέγματα,</em></span> <span class='ocrx_word' id='word_1_320' title='bbox 1175 3482 1445 3546; x_wconf 78' lang='grc' dir='ltr'><em>ἐπιςολαί,</em></span> <span class='ocrx_word' id='word_1_321' title='bbox 1488 3483 1539 3535; x_wconf 84' lang='lat' dir='ltr'>in</span> <span class='ocrx_word' id='word_1_322' title='bbox 1580 3483 1774 3553; x_wconf 86' lang='lat' dir='ltr'>quibus</span> <span class='ocrx_word' id='word_1_323' title='bbox 1813 3485 1892 3539; x_wconf 87' lang='lat' dir='ltr'>vel</span> <span class='ocrx_word' id='word_1_324' title='bbox 1935 3486 2220 3540; x_wconf 84' lang='lat' dir='ltr'>Plutarcho</span> <span class='ocrx_word' id='word_1_325' title='bbox 2260 3487 2356 3540; x_wconf 83' lang='lat' dir='ltr'>mi-</span> 
     </span>
     <span class='ocr_line' id='line_1_39' title="bbox 388 3569 2354 3645; baseline 0.002 -22"><span class='ocrx_word' id='word_1_326' title='bbox 388 3572 531 3625; x_wconf 86' lang='lat' dir='ltr'>nime</span> <span class='ocrx_word' id='word_1_327' title='bbox 584 3570 847 3640; x_wconf 87' lang='lat' dir='ltr'>suspicaci</span> <span class='ocrx_word' id='word_1_328' title='bbox 900 3587 1067 3641; x_wconf 82' lang='lat' dir='ltr'>neque</span> <span class='ocrx_word' id='word_1_329' title='bbox 1134 3570 1425 3640; x_wconf 87' lang='lat' dir='ltr'>perspicaci</span> <span class='ocrx_word' id='word_1_330' title='bbox 1479 3569 1682 3625; x_wconf 83' lang='lat' dir='ltr'>homini</span> <span class='ocrx_word' id='word_1_331' title='bbox 1739 3573 1974 3629; x_wconf 88' lang='lat' dir='ltr'>suboluit</span> <span class='ocrx_word' id='word_1_332' title='bbox 2042 3574 2243 3645; x_wconf 83' lang='lat' dir='ltr'>aliquid</span> <span class='ocrx_word' id='word_1_333' title='bbox 2297 3579 2354 3628; x_wconf 89' lang='lat' dir='ltr'>ut</span> 
     </span>
    </p>
   </div>
  </div>
 </body>
</html>
