2436 4068
1281 217 1386 266 604

353 365 395 417 εἰ
434 362 690 428 βασιλεύς
731 393 788 401 -
843 381 909 425 με
954 359 1250 423 σύμβουλον
1292 364 1482 411 ποιοῖτο
1535 361 1738 410 ταῦτ’
1791 354 1855 409 ἂν
1910 357 2050 422 αὐτῷ
2098 358 2334 423 παραινέ-

359 470 509 515 σαιμι
567 447 699 515 ἅπερ
757 449 913 512 ὑμῖν,
971 447 1079 499 imo
1131 461 1257 499 vero
1303 445 1479 499 eadem
1521 461 1653 516 quae
1688 444 1862 508 υοὸίε,
1914 443 2068 498 ταῦτ’
2118 443 2200 498 ἄν.
2281 445 2340 498 In

359 536 598 591 eiusdem
635 551 772 606 quae
813 533 1062 588 seruntur
1102 533 1395 586 Prooemiis
1434 548 1609 585 xxx1v.
1652 532 1716 586 ἒὲν
1754 533 1917 585 τοίνυν
1965 534 2154 585 ταῦθ’
2207 530 2340 599 ἅπερ

359 624 596 692 πρότερον
636 625 917 687 ποιήσητε,
962 636 1158 691 repone
1193 619 1344 674 ταῦθ’
1394 616 1563 688 ἅπερ,
1604 625 1657 674 et
1694 617 1879 674 eadem
1919 635 2077 691 opera
2124 620 2180 672 in
2221 620 2338 673 Ari-

360 711 636 783 stophanis
676 710 881 781 Equitt.
924 726 1005 765 vs,
1048 712 1175 763 213.
1220 708 1477 762 restitue:

584 798 920 867 φαυλότατον
960 796 1139 864 ἔργον,
1179 816 1257 850 τα
1273 795 1305 849 ὔ
1317 797 1371 848 θ’
1411 792 1545 860 οἵπερ
1589 802 1750 855 ποιεῖς
1787 796 1954 858 ποίει,

359 902 456 957 pro
508 887 702 940 ταῦθ’
763 883 915 951 ἅπερ.
1017 883 1171 954 Apud
1224 884 1435 937 Isaeum
1475 882 1517 936 I.
1561 884 1650 935 25.
1712 882 1971 943 τοσαύτην
2030 883 2338 945 ποιήσασθαι

355 975 577 1035 σπουδὴν
599 971 694 1029 ὥςε
723 971 1050 1039 Ποσειδίππῳ
1081 973 1175 1036 μὲν
1207 969 1282 1025 ὅτι
1306 970 1672 1035 κατημέλησεν
1709 972 2026 1037 ὀργισθῆναι,
2067 970 2341 1029 Διοκλέους

357 1061 408 1114 δὲ
442 1065 664 1115 ταῦτα
706 1062 868 1115 πάλιν
902 1061 953 1120 ἐς
989 1061 1080 1121 την
1110 1060 1350 1127 ὑςεραίαν
1384 1059 1646 1119 δεηθῆναι,
1688 1058 1927 1111 sentisne
1963 1059 2193 1113 ταῦτα
2240 1056 2340 1111 πά-

353 1161 435 1202 λιν
469 1147 711 1219 requiri?
753 1147 1045 1202 Meministi
1082 1163 1243 1217 quam
1279 1162 1436 1215 saepe
1470 1145 1492 1197 o‘
1527 1144 1684 1203 αὐτὸς
1719 1142 1910 1207 πάλιν,
1950 1145 2090 1198 idem
2122 1162 2338 1208 rursusi,

353 1236 771 1306 coniungantur.
853 1236 990 1289 Hinc
1028 1233 1303 1288 emendari
1335 1231 1534 1303 poterit
1557 1230 1840 1285 Teleolidis
1868 1230 2018 1285 locus
2045 1232 2186 1303 apud
2221 1232 2339 1286 Plu-

355 1323 606 1377 tarchum
644 1324 698 1377 in
743 1322 946 1378 Pericle
991 1339 1106 1393 cap,
1148 1320 1281 1374 XVI.

427 1411 588 1465 λάϊνα
609 1412 764 1478 τείχη
799 1411 871 1464 τοὶ
911 1411 1005 1475 μὲν
1043 1408 1320 1472 οἰκοδομεῖν
1361 1409 1432 1461 τα
1466 1409 1517 1461 δὲ
1558 1407 1699 1462 αὐτοὶ
1742 1406 1902 1462 πάλιν
1942 1407 2338 1473 καταβάλλειν,

354 1498 445 1551 ubi
487 1498 692 1552 frustra
744 1499 1023 1568 corrigunt
1062 1493 1158 1550 εἶτ’
1190 1496 1332 1550 αὐτοὶ
1373 1494 1534 1550 πάλιν
1577 1503 1630 1550 et
1668 1496 1824 1563 τάχα
1865 1498 1908 1549 δ’
1946 1496 2087 1549 αὐτοὶ
2143 1496 2336 1560 πάλιν,

354 1602 480 1640 nam
525 1585 701 1641 ταύτά
745 1585 1108 1640 necessarium
1153 1590 1250 1636 est.
1337 1585 1525 1654 ltaque
1577 1590 1636 1637 ut
1678 1583 1818 1653 apud
1857 1583 2170 1654 Euripidem
2211 1583 2336 1654 legi-

353 1680 446 1728 tur
485 1675 538 1727 in
592 1673 833 1745 Ipliigen.
877 1672 1054 1726 Aulid.
1098 1688 1174 1724 νε.
1214 1674 1312 1724 57;

579 1763 666 1816 καὶ
709 1783 791 1816 τα
810 1761 931 1815 ὐτοὶ
970 1759 1170 1814 πάλιν
1211 1758 1516 1826 γράμματα
1557 1767 1809 1827 συγχεῖς,

353 1849 432 1903 sic
463 1855 516 1903 et
545 1849 760 1904 Comioo
792 1847 1119 1903 reddiderim
1161 1846 1269 1901 καὶ
1311 1848 1540 1901 ταῦτα
1580 1847 1741 1901 πάλιν
1779 1847 2167 1913 καταβάλλειν.
2210 1848 2337 1903 Gra-

348 1938 469 1990 vius
507 1938 668 1992 etiam
731 1944 1012 2009 peccatum
1062 1936 1117 1988 in
1171 1934 1441 1988 Dinarcho
1478 1935 1518 1988 I.
1563 1939 1651 1992 85.
1693 1935 1885 1990 τουτὶ
1940 1936 1996 1990 τὸ
2047 1937 2292 2004 συνέδριον
2320 1979 2333 2000 ,

350 2022 386 2078 ὦ
430 2027 720 2089 Ἀθηναῖοι,
776 2026 863 2080 καὶ
906 2028 929 2080 ὂ
969 2022 1176 2084 αὐτὸς
1221 2024 1375 2084 τόπος
1426 2023 1514 2078 καὶ
1565 2028 1786 2077 ταῦτα
1831 2025 1902 2078 τα
1939 2025 2133 2078 δίκαια.
2177 2026 2199 2077 o‘
2241 2027 2334 2079 αὐ-

348 2114 435 2174 τὸς
491 2117 648 2182 ῥήτωρ
699 2114 901 2175 ε’κείνοις
942 2135 1001 2167 τε
1049 2112 1210 2172 α’ίτιος
1267 2112 1471 2177 ἐγένετο
1525 2116 1623 2165 τῶν
1672 2110 1988 2176 συμβάντων
2029 2117 2198 2166 κακῶν
2246 2115 2333 2167 καὶ

350 2203 489 2268 αὑτῷ
530 2207 627 2256 τῶν
684 2207 768 2256 νῦν
820 2201 1244 2268 συμβησομένων.
1328 2199 1478 2253 Satin
1535 2197 1879 2253 manifestum
1938 2206 2020 2254 est
2060 2199 2335 2254 emendari

349 2296 621 2359 oportere:
677 2291 912 2345 ταύτὸν
959 2293 1017 2343 τὸ
1064 2289 1340 2355 συνέδριον,
1390 2284 1424 2341 ὦ
1470 2288 1758 2350 Ἀθηναῖοι,
1815 2287 1903 2340 καὶ
1948 2288 1970 2340 ὁ
2009 2289 2201 2348 αὐτὸς
2247 2289 2335 2342 τό·

347 2397 441 2437 πος
483 2379 570 2432 καὶ
613 2377 825 2431 ταῦτα
869 2377 939 2432 τά
980 2376 1192 2430 δίκαιαῖ
1252 2374 1331 2429 Ad
1368 2374 1591 2428 eandem
1633 2375 1895 2429 rationem
1941 2375 2112 2430 multa
2153 2377 2334 2430 istius-

347 2464 492 2518 modi
548 2464 741 2519 menda
806 2465 914 2519 tolli
973 2470 1260 2536 poterunt,
1322 2464 1375 2515 in
1436 2461 1631 2533 quibus
1689 2462 1952 2517 librorum
2009 2464 2132 2517 Mss.
2188 2464 2334 2519 nulla

348 2553 566 2606 omnino
606 2553 844 2607 habenda
888 2561 969 2607 est
1026 2553 1178 2607 ratio.
1260 2549 1531 2621 Nusquam
1572 2551 1715 2604 enim
1767 2567 1930 2621 prope
1972 2551 2200 2606 dixerim
2243 2553 2332 2607 At-

347 2642 488 2696 ticae
543 2658 722 2695 crases
775 2659 837 2695 ex
899 2641 1243 2695 librariorum
1287 2638 1534 2692 manibus
1584 2638 1797 2692 illaesae
1848 2638 2154 2694 elabuntur.
2237 2640 2333 2694 Ubi

348 2730 442 2783 isti
476 2731 697 2784 Veteres
729 2729 984 2784 lectiones
1029 2746 1131 2782 non
1167 2726 1365 2781 additis
1407 2725 1674 2780 vocalibus
1716 2726 2143 2798 interpolatum,
2187 2735 2332 2783 certe

347 2819 403 2870 in
446 2817 727 2871 scribendo
766 2818 1054 2871 coniuncta
1099 2833 1191 2887 per
1228 2816 1406 2869 crasin
1457 2815 1708 2886 imperite
1749 2814 2060 2869 distrahunt
2116 2816 2189 2870 τα
2226 2819 2332 2872 ’πι-

347 2906 502 2970 τίμια
550 2904 846 2959 scribentes
891 2912 945 2959 et
982 2908 1031 2959 τ’
1061 2906 1399 2969 άδικήματα,
1439 2905 1487 2956 τ’
1521 2902 1896 2968 άμπλάκημα,
1937 2906 1986 2958 τ’
2024 2905 2331 2968 άναγκαῖα,

348 2995 398 3047 τ’
440 2992 627 3056 ἄλλα,
678 2993 982 3063 similiaque
1032 2998 1315 3053 sexcenta,
1368 3006 1503 3061 quae
1543 2990 1670 3045 olim
1719 2991 1966 3045 Editores
2009 2991 2330 3047 retinebant.

351 3080 528 3136 Simili
579 3080 736 3134 modo
789 3087 1147 3151 corrumpunt
1193 3079 1330 3142 τάν,
1386 3077 1619 3143 μέντάν,
1675 3075 1852 3145 τάρα,
1908 3075 2078 3145 ἥτοῖρα
2118 3087 2172 3133 et
2209 3084 2332 3147 μού-

350 3169 463 3234 ςίν,
503 3169 796 3233 ἐμούδόκει,
835 3169 1129 3230 καίτοῦςιν,
1171 3166 1601 3235 μέντοῦφασκεν,
1636 3166 1846 3237 aliaque
1879 3182 2040 3237 quam
2065 3167 2328 3237 plurima,

349 3273 487 3327 quae
519 3275 803 3328 numquam
839 3259 952 3327 fere
993 3255 1097 3308 nisi
1141 3254 1278 3308 male
1317 3254 1551 3309 mulcata
1593 3271 1658 3308 ex
1698 3254 1851 3307 libris
1906 3253 1972 3307 ad
2021 3271 2118 3308 nos
2157 3256 2329 3327 perse·
2431 3254 2433 3265 ¹

346 3351 563 3399 runtur.
659 3344 917 3399 Dicebant
980 3345 1198 3397 Veteres
1254 3343 1341 3396 καὶ
1400 3343 1574 3396 δίκαια
1618 3341 1808 3396 κάδικα
1862 3348 1916 3396 et
1974 3345 2060 3396 καὶ
2120 3343 2326 3406 δικαίως

346 3433 564 3492 κάδίκως
588 3475 602 3496 ,
643 3431 784 3503 quod
820 3449 850 3486 a
884 3430 1076 3484 scribis
1116 3435 1539 3483 contemeratum
1584 3429 1702 3483 vide
1735 3429 1874 3500 apud
1913 3430 2322 3486 Demosthenem

348 3520 535 3575 XLIV.
583 3525 670 3574 55.
731 3520 832 3573 δεῖν
883 3521 1039 3573 αὐτὸν
1090 3519 1176 3572 καὶ
1228 3518 1432 3577 δικαίως
1487 3519 1597 3572 καὶ
1657 3519 1904 3580 άδίκως
1960 3521 2322 3586 άμφισβητεῖν

341 3614 438 3662 τῶν
486 3608 785 3674 ἀλλοτρίων.
884 3606 938 3661 Si
989 3608 1040 3659 in
1099 3605 1455 3676 Aristophane
1507 3607 1584 3660 sic
1627 3616 1886 3677 peccant,
1948 3607 2075 3677 quid
2131 3625 2219 3662 eos
2268 3609 2321 3661 in
