2436 4068
1004 223 1109 274 487

68 368 224 445 Apud
272 369 534 424 Achillem
577 366 792 422 Tatium
837 367 927 422 IV.
975 371 1060 422 15.
1116 382 1286 438 aequo
1333 367 1514 423 animo
1562 365 1745 423 ferunt
1784 368 2049 426 editores:

65 462 130 515 σὺ
184 461 238 514 δὲ
293 458 624 522 διηγητῆς
675 460 827 522 γενοῦ
893 458 995 510 τῶν
1041 456 1179 511 θείων
1227 453 1562 521 μηνυμάτων.
1643 455 1795 511 Satin
1848 460 2049 531 perspi·

67 564 231 604 cunm
269 553 350 601 est
389 545 649 610 ἐξηγητής
690 543 854 598 scribi
887 542 1173 616 oportere?
1254 543 1392 597 Tum
1429 545 1698 610 Διηγητής
1735 544 1908 600 obiter
1943 548 2050 602 exi-

64 653 153 692 me
191 652 220 690 e
259 635 504 696 LexiciS,
548 649 673 686 nam
715 631 816 685 hoc
851 632 962 686 solo
1002 631 1116 686 loco
1152 630 1307 684 nihili
1346 631 1664 686 vocabulum
1702 633 1914 688 nititur.

139 724 201 778 ln
245 726 277 790 ἓ
313 726 401 777 20.
455 724 510 776 οὐ
551 721 658 787 γὰρ
691 719 853 774 ἱκανοὶ
892 718 1089 774 ἐδόκουν
1118 716 1247 773 εἶναι
1282 722 1325 774 οἱ
1362 721 1413 774 ἐν
1441 729 1507 789 τῇ
1539 721 1815 789 ἀκροπόλει
1852 729 2052 791 σχεῖν

66 813 184 872 τοὺς
223 810 409 877 ἄνδρας
432 851 447 872 ,
485 809 724 880 speciosa
772 806 1062 861 admodum
1104 815 1184 862 est
1237 807 1434 862 Naheri
1486 810 1721 881 suspicio
1759 809 1930 878 ἴσχειν
1970 828 2051 867 re-

65 900 329 973 ponentiS.
409 896 590 952 Palam
630 903 713 951 est
748 895 892 950 unde
929 896 1124 949 vitium
1164 896 1235 948 sit
1274 902 1481 951 natum.

142 988 204 1042 ln
245 991 275 1058 ς
306 990 395 1040 22.
452 985 748 1040 Graeculus
786 983 853 1039 ad
893 983 1054 1038 verba
1095 983 1237 1038 θέσθε
1274 984 1347 1038 τὰ
1395 981 1539 1038 ὅπλα
1579 986 1630 1039 ἐν
1667 985 1817 1050 τάξει
1851 990 1918 1048 ὡς
1954 987 2050 1043 τά·

65 1096 202 1145 χιςα
237 1074 553 1146 adscripsit:
601 1072 935 1146 [βουλόμενος
980 1072 1171 1132 αὐτοὺς
1219 1071 1590 1145 κατηρεμίσαι]
1612 1114 1628 1136 ,
1670 1081 1723 1127 et
1764 1074 1905 1129 idem
1946 1083 2052 1131 sta·

68 1164 167 1219 tim
209 1162 276 1218 ad
330 1162 443 1218 ἐπεὶ
494 1164 546 1216 δὲ
596 1161 758 1216 ἔκειτο
798 1162 871 1216 τά
919 1157 1067 1215 ὅπλα
1116 1158 1325 1214 addidit
1370 1159 1480 1233 [καὶ
1535 1163 2010 1236 κατηρεμίσθησαν]
2037 1206 2052 1229 ,

66 1260 150 1308 est
185 1259 368 1307 autem
423 1266 485 1305 ea
539 1249 764 1322 puerilis
821 1248 1198 1320 interpretatio
1238 1249 1293 1301 in
1333 1264 1429 1313 re,
1483 1264 1622 1320 quae
1679 1249 1798 1304 luce
1856 1251 2054 1307 clarior

65 1348 147 1396 oet
185 1338 462 1402 omnihuS,
504 1340 598 1410 qui
634 1337 853 1410 quidem
893 1336 1197 1404 intelligant
1228 1336 1358 1408 quid
1399 1338 1470 1392 sit
1509 1338 1679 1392 θέσθαι
1715 1339 1788 1393 τα
1826 1336 1970 1394 ὅπλα
1998 1348 2053 1395 et

65 1429 138 1483 τὰ
175 1426 320 1483 ὅπλα
373 1427 571 1491 ἔκειτο,
625 1434 904 1499 praeterea
956 1425 1182 1480 verbum
1229 1425 1553 1494 κατηρεμίζω
1603 1425 1791 1481 multis
1832 1426 2052 1482 demum

65 1523 185 1589 post
218 1515 624 1588 Xenophontem
665 1514 934 1570 aetatibus
974 1522 1162 1568 natum
1203 1521 1303 1568 est.
1382 1514 1443 1569 In
1487 1518 1517 1586 ξ
1555 1518 1644 1569 24.
1683 1517 1744 1571 τὸ
1782 1517 1837 1571 δὲ
1867 1517 2052 1585 χωρίον

66 1601 163 1659 οἷον
209 1605 458 1662 κάλλιςον
516 1603 923 1667 ἐκτάξασθαί
979 1605 1083 1660 ε’ςιν
1144 1602 1371 1658 emenda
1421 1602 1769 1669 ἐντάξασθαι,
1827 1603 1894 1659 de
1945 1622 2053 1677 quo

67 1710 263 1764 genere
301 1692 554 1765 loquendi
591 1710 755 1765 supra
790 1691 1046 1746 nonnulla
1085 1690 1342 1747 diximus,
1386 1691 1537 1759 Quod
1570 1692 1771 1764 legitur
1810 1694 1865 1747 in
1908 1697 2051 1765 §22

68 1783 219 1847 ἡμεῖς
257 1783 362 1850 γὰρ
396 1784 439 1837 οἱ
472 1784 734 1845 Ἀθηναῖοι
790 1783 1078 1846 ἤλθομεν
1136 1781 1231 1840 εἰς
1281 1781 1393 1834 τὸν
1444 1781 1743 1847 πόλεμον
1795 1783 1884 1836 τὸν
1929 1785 2052 1851 πρὸς

66 1870 503 1936 Λακεδαιμονίους
555 1871 643 1925 καὶ
697 1872 815 1931 τοὺς
868 1868 1188 1935 συμμάχους
1241 1866 1453 1935 ἔχοντες
1510 1870 1726 1938 τριήρεις
1783 1870 1880 1935 μέν
1940 1873 2050 1927 κτέ.

67 1959 284 2029 egregie
332 1957 460 2013 facit
511 1958 579 2013 ad
625 1957 1005 2012 vindicandam
1058 1957 1396 2010 verissimam
1438 1958 1766 2029 scripturam
1807 1960 1862 2013 in
1902 1959 2053 2016 Thu-

66 2045 280 2120 cydidis
327 2048 598 2119 prooemio
648 2046 972 2114 ἀκμάζοντές
1012 2066 1071 2099 τε
1125 2043 1154 2112 ᾖ
1167 2065 1279 2099 σαν
1332 2047 1384 2107 ἐς
1437 2048 1594 2100 αὐτὸν
1651 2046 1758 2120 (τὸν
1798 2047 2053 2116 πόλεμον)

67 2151 197 2208 prae
237 2134 379 2190 futili
425 2135 653 2191 lectione
703 2134 849 2198 ἦσαν.
931 2135 1036 2188 Ter
1087 2134 1214 2188 ἰέναι
1268 2136 1338 2194 εἷς
1400 2136 1519 2195 τοὺς
1569 2135 1827 2201 πολέμους
1882 2137 1938 2190 in
1991 2135 2055 2190 li-

69 2222 166 2279 ltro
205 2224 245 2279 1.
302 2223 636 2297 Thucydidis
687 2225 924 2279 recurrit
966 2239 1084 2294 cap.
1125 2225 1194 2276 78
1241 2228 1294 2276 et
1339 2226 1442 2276 118
1478 2230 1532 2277 et
1577 2226 1700 2278 125.
1743 2232 1797 2278 et
1835 2225 2057 2292 ἤλθομεν

65 2313 141 2375 εἰς
196 2314 284 2368 τὸν
331 2313 561 2379 πόλεμον
613 2311 787 2366 solum
842 2311 1264 2365 controversiam
1323 2309 1580 2366 dirimere
1639 2319 1834 2383 posset.
1929 2315 2056 2369 Post

67 2415 241 2474 pauca
294 2399 586 2472 Xenophon
644 2401 721 2455 ita
773 2399 906 2454 dicit
964 2405 993 2471 ᾗ
1035 2402 1124 2453 27.
1178 2399 1513 2466 ὑπαρχόντων
1559 2400 1611 2455 δὲ
1661 2406 1866 2456 πολλῶν
1921 2423 2055 2471 χρη-

69 2489 252 2558 μάτων
314 2491 365 2543 ἐν
424 2497 489 2557 τῇ
547 2488 730 2553 πόλει,
789 2487 882 2543 sed
939 2488 992 2541 in
1054 2503 1117 2542 ea
1173 2487 1391 2559 quidem
1451 2505 1510 2542 re
1570 2487 1912 2559 popularium
1974 2490 2054 2545 di-

0 2574 1 2580 '
67 2577 226 2634 cendi
284 2594 488 2632 morem
545 2578 778 2631 retinere
831 2575 1018 2631 debuit
1062 2582 1117 2630 et
1170 2577 1222 2629 ἐν
1278 2575 1430 2630 πόλει
1490 2575 1704 2640 dicere,
1755 2577 1808 2631 id
1859 2585 1938 2633 est
1997 2581 2052 2634 ἐν

65 2674 135 2736 τῇ
173 2666 485 2734 α’κροπόλει·,
545 2682 648 2719 non
707 2667 759 2719 ἐν
797 2674 863 2735 τῇ
917 2664 1095 2727 πόλει,
1156 2663 1210 2718 id
1253 2672 1336 2718 est
1379 2666 1663 2728 ’Λθήνησιν.
1761 2665 2051 2722 Athenien-

67 2770 155 2811 nes
206 2754 428 2809 Veteres
485 2755 601 2809 sine
673 2754 903 2809 articulo
954 2755 1006 2807 ἐν
1057 2751 1211 2817 ἄςει,
1266 2751 1324 2815 ἐξ
1379 2751 1581 2818 ἄςεως,
1641 2754 1692 2807 ἐν
1754 2754 1936 2820 πόλει,
1993 2758 2052 2812 ἐκ

68 2842 303 2906 πόλεως,
344 2844 414 2903 εἰς
468 2842 621 2897 πόλιν
662 2849 716 2897 et
754 2843 877 2897 sim.
930 2840 1217 2904 dicebant,
1270 2839 1412 2911 quod
1465 2839 1558 2895 diu
1598 2843 1775 2896 tenuit
1826 2851 1879 2897 et
1934 2853 2056 2916 post

70 2928 437 3003 Xenophontis
470 2936 700 2985 aetatem
742 2929 961 2984 demum
1002 2930 1202 2985 mutari
1238 2937 1486 3000 coeptum
1520 2936 1618 2985 est.
1698 2930 1904 2987 Novum
1946 2949 2055 2989 em·

70 3013 247 3074 hierna
288 3019 340 3073 in
383 3020 580 3073 vicinia
622 3018 955 3090 conspicitur
990 3018 1039 3072 ἔν
1081 3039 1140 3072 τε
1173 3027 1237 3086 τῇ
1275 3018 1438 3087 ’Λιι-Ιιῑιι
1472 3019 1678 3080 πολλὰς
1712 3018 1922 3088 ἔχοντες
1962 3023 2051 3077 πό·

70 3117 179 3169 λαις
214 3109 301 3163 καὶ
344 3109 393 3162 ἐν
430 3117 495 3176 τῇ
535 3109 752 3175 Εὐρώπη
787 3106 964 3167 ἄλλας
1007 3127 1066 3160 τε
1113 3106 1320 3167 πολλάς
1367 3106 1456 3161 καὶ
1505 3108 1633 3163 αὐτὸ
1673 3113 1822 3163 τοῦτο
1859 3110 1917 3164 τὸ
1959 3120 2051 3165 Βυ-

74 3193 272 3263 ζάντιον
324 3195 448 3250 ὅπου
500 3201 586 3251 νῦν
641 3196 796 3262 ἐσμὲν
844 3194 1136 3269 [ἔχοντες],
1196 3212 1300 3249 non
1354 3202 1568 3250 tantum
1626 3196 1908 3252 invenuste
1958 3197 2052 3253 sed

71 3282 260 3356 putide
307 3285 595 3356 repetitum
637 3284 984 3357 participium
1026 3290 1142 3348 est,
1183 3284 1238 3337 in
1274 3299 1380 3355 quo
1419 3283 1772 3355 expungendo
1810 3285 2052 3341 Hirschi-

75 3370 224 3440 gium
272 3386 480 3426 mecum
536 3373 737 3428 sentire
787 3370 958 3426 video,
1036 3371 1097 3426 ln
1139 3371 1167 3439 ς’
1205 3374 1293 3426 28.
1348 3372 1766 3437 Λακεδαιμονίων
1815 3374 1911 3437 μὲν
1960 3375 2048 3430 καὶ

77 3463 176 3512 τῶν
210 3459 441 3527 ’Λχαιῶν
475 3460 779 3527 συμμάχων
822 3460 1194 3527 ὑπαρχόντων,
1233 3460 1511 3521 Ἀθηναίων
1552 3461 1603 3515 δὲ
1651 3461 1738 3514 καὶ
1775 3458 1876 3515 ὅσοι
1917 3464 2050 3519 ἑκεί-

78 3565 175 3607 νοις
209 3548 328 3601 τότε
380 3544 509 3609 ἦσαν
554 3549 835 3616 σύμμαχοι
888 3547 1096 3603 πάντων
1136 3548 1624 3617 προσγεγενημένων
1674 3550 1781 3602 κτὲ.
1824 3549 2051 3609 mirifica

80 3630 209 3688 haec
263 3642 343 3688 est
399 3635 720 3692 Achaeorum
779 3638 1016 3701 menti0,
1075 3654 1208 3709 quos
1266 3635 1472 3708 expulit
1533 3635 1801 3692 Dobraeus
1856 3638 2052 3695 eximia
