2436 4068
1308 175 1416 224 578

382 337 494 374 sese
544 320 597 372 in
637 319 847 372 vicina:
901 317 986 369 καὶ
1031 323 1122 377 τῆς
1164 319 1325 381 ὀσμῆς
1366 318 1661 380 αἰσθόμενος
1703 317 1789 369 καὶ
1843 324 1939 372 τῶν
1990 326 2215 386 ςρεπτῶν
2261 322 2346 374 καὶ

380 415 476 462 τῶν
511 408 704 475 ψελίων
746 406 828 475 [τὸ
869 403 1095 473 καλλος]
1131 403 1220 456 καὶ
1256 403 1545 458 τοῦψόὲλλου
1586 404 1776 469 κόσμου
1809 403 1866 460 οὗ
1898 403 2061 475 εἶχεν.

456 495 515 549 In
560 498 589 564 §
633 497 722 546 24.
777 492 946 546 miror
997 490 1259 562 quomodo
1315 498 1422 545 tam
1478 491 1573 545 diu
1623 491 1854 547 absurda
1913 494 2072 549 lectio
2130 494 2354 548 retineri

378 582 614 654 potuerit
653 580 734 634 αεὶ
788 578 895 635 οὖν
935 579 1002 644 γέ
1040 600 1091 634 τι
1131 581 1562 649 φιλοτιμούμενος
1603 596 1770 650 quum
1813 598 1938 636 vera
1971 583 2243 654 scriptura
2283 583 2355 636 sit
2428 566 2436 606 ⁸·

378 669 444 723 ad
482 684 731 723 manum:
772 668 854 721 αεὶ
910 665 937 720 ἕ
950 688 975 721 ν
1015 667 1093 733 γέ
1149 688 1212 722 τι
1261 669 1711 736 φιλοτιμούμενος.
1790 669 1923 724 Nota
1971 677 2052 725 est
2103 669 2352 741 plur-imis
2425 660 2436 721 ἓ.

377 756 633 828 exemplis
684 756 862 810 Attica
907 755 1106 809 locutio
1157 752 1229 816 εἷς
1275 757 1341 821 γέ
1382 777 1490 820 τις,
1546 754 1597 809 ἕν
1637 756 1703 820 γε’
1749 777 1835 822 τι,
1889 756 1948 820 ἐξ
1987 759 2093 819 ἑνός
2143 757 2208 822 γε’
2262 777 2350 812 του
2424 742 2429 750 „

376 845 579 914 τρόπῳ,
633 844 704 899 ἔνι’
741 843 807 909 γε’
847 864 916 912 τῳ
954 843 1154 913 τρόπῳ,
1205 850 1305 913 μιᾷ
1351 844 1416 908 γε’
1456 865 1526 912 τῳ
1578 844 1739 913 τέχνῃ
1796 845 1982 918 (Arist.
2026 844 2348 916 Thesmoph.

376 932 542 1006 450),
582 930 672 986 ἕνα
692 931 758 997 γέ
779 951 896 987 τινα
937 931 1147 999 τρόπον,
1189 938 1277 995 et,
1319 931 1458 1002 quod
1499 931 1808 1003 planissime
1842 932 1982 987 idem
2026 940 2133 997 est,
2167 934 2351 998 οὶμωσ-

374 1021 568 1086 γέπως.
649 1018 820 1074 Habet
875 1036 1067 1091 nempe
1105 1017 1177 1081 εἷς
1219 1019 1531 1074 adverbium
1572 1022 1748 1086 ἁμῶς,
1805 1027 1866 1074 ut
1921 1020 2080 1082 οὐδεὶς
2120 1022 2352 1086 οὐδαμῶς
2419 1086 2421 1090 ⁴

375 1116 428 1163 et
467 1108 646 1174 μηδεὶς
686 1110 970 1174 μηδαμῶςε
1013 1107 1172 1161 habet
1222 1108 1300 1168 τίς
1356 1106 1667 1161 adverbium
1723 1113 1828 1169 πῶς
1873 1115 1926 1162 et
1971 1129 2050 1170 τις
2106 1110 2355 1164 similiter
2418 1167 2419 1170 ,

375 1216 515 1258 πωςε
569 1198 751 1267 itaque
791 1195 1242 1267 quemadmodum
1292 1212 1388 1266 pro
1426 1195 1604 1249 οὐδένα
1644 1195 1834 1262 τρόπον
1867 1196 2067 1251 dicitur
2118 1199 2351 1263 οὐδαμῶς
2418 1271 2420 1274 y

375 1291 427 1338 et
460 1300 559 1355 pro
587 1285 637 1337 ἐν
671 1283 828 1338 οὐδενὶ
868 1283 1010 1352 τόπῳ
1049 1283 1253 1338 dicitur
1288 1285 1512 1350 οὐδαμοῦ
1551 1291 1605 1338 et
1638 1283 1822 1338 eodem
1862 1283 2017 1338 modo
2049 1285 2352 1351 οὐδαμόθεν,

373 1371 573 1442 οὐδαμῇ
613 1378 670 1426 et
703 1372 989 1438 οὐδαμόσε,
1031 1373 1109 1426 sic
1145 1389 1242 1443 pro
1282 1369 1371 1426 ἕνα
1405 1372 1470 1437 γέ
1510 1393 1627 1426 τινα
1663 1374 1844 1440 τρόπον
1887 1371 2135 1427 dicebant
2176 1373 2350 1439 οξμωσ-
2416 1438 2419 1447 1

371 1460 548 1526 γε’πως
598 1465 654 1514 et
702 1460 1004 1526 αμουγέπου
1045 1477 1142 1532 pro
1185 1462 1236 1513 ἐν
1276 1461 1348 1515 ἔνι’
1383 1460 1449 1524 γε’
1487 1481 1558 1528 τῳ
1619 1461 1758 1529 τόπῳ
1815 1467 1869 1516 et
1922 1460 2172 1516 similiter
2222 1463 2350 1527 οὶμο·
2411 1462 2420 1500 2'

370 1547 669 1614 θενγέποθεν
725 1554 781 1602 et
832 1548 1085 1617 ἁμῃγέπῃ
1123 1554 1178 1602 et
1229 1548 1570 1614 οὶμοσεγέποι.
1649 1549 1706 1602 ln
1764 1548 1846 1603 his
1901 1548 2150 1603 omnihus
2198 1566 2348 1621 gras·
2416 1601 2419 1607 ,

370 1642 564 1690 santur
606 1635 854 1690 Graeculi
890 1636 1146 1690 vocabula
1199 1635 1324 1690 olim
1376 1635 1607 1691 obsoleta
1649 1638 1804 1691 miris
1859 1637 2030 1691 modis
2085 1636 2348 1708 refingen·
2408 1585 2436 1777 ἦ

371 1730 482 1788 teS,
538 1724 693 1778 cuius
742 1725 821 1779 rei
875 1724 1102 1779 subinde
1155 1724 1397 1796 exempla
1443 1724 1702 1796 quaedam
1757 1727 2168 1797 expromsimUS.
2247 1726 2348 1780 Ad·
2415 1719 2436 1799 43

374 1811 499 1866 dam
540 1819 593 1867 et
633 1828 778 1869 nunc
818 1811 1203 1885 compluscula.
1282 1812 1495 1867 Excidit
1535 1833 1600 1878 γε
1651 1814 1793 1885 apud
1843 1813 2252 1886 Aristophanem
2294 1816 2349 1870 in
2408 1802 2436 1910 ,i

375 1899 543 1954 Ranis
582 1917 659 1954 VS.
695 1904 820 1955 911.
862 1899 952 1954 uhi
990 1900 1270 1956 Ravennas
1309 1900 1444 1955 liber
1485 1900 1719 1956 exhibet:
2323 1897 2436 2030 ’ἰ

599 1989 830 2055 πρώτιςα
869 1990 964 2055 μὲν
1005 1989 1110 2057 γὰρ
1149 1987 1239 2043 ἕνα
1277 2010 1394 2044 τινα
1434 1991 1637 2045 καθισεν
1680 1991 2022 2061 ἐγκαλύψας,

374 2075 518 2131 unde
577 2092 798 2131 manum
856 2085 1047 2149 poetae
1098 2078 1378 2133 Dawesius
1434 2086 1486 2132 et
1540 2080 1807 2133 Porsonus
1862 2080 2062 2151 optime
2101 2082 2351 2137 restitue-
2412 2008 2436 2162 i

372 2170 530 2218 runt:
586 2162 676 2219 ἕνα
716 2166 781 2230 γέ
821 2185 940 2220 τινα
978 2167 1221 2228 καθῖσεν,
1279 2183 1414 2237 quae
1467 2174 1614 2220 certa
1659 2167 1962 2222 emendatio
2001 2170 2182 2224 nescio
2220 2186 2347 2240 quo-
2410 2148 2436 2248 ’ἕξ

372 2252 531 2308 modo
571 2253 637 2307 ab
676 2252 990 2308 Editorihus
1037 2254 1329 2325 spernitur.
1411 2253 1627 2308 Excidit
1669 2275 1735 2320 γε
1773 2256 2024 2311 similiter
2061 2256 2202 2328 apud
2223 2258 2348 2313 Pla-
2411 2251 2436 2315 s

372 2348 556 2396 ionem
604 2341 670 2395 de
717 2342 851 2412 nep.
886 2342 1026 2396 vm.
1085 2359 1136 2412 p.
1177 2345 1282 2396 565
1325 2341 1379 2395 G.
1439 2345 1613 2396 οὐκοῦν
1668 2340 1757 2397 ἕνα
1811 2345 1930 2399 τινα
1986 2344 2066 2399 ἀεὶ
2120 2347 2143 2399 5
2191 2347 2347 2412 δῆμος
2412 2323 2436 2351 ’

372 2428 511 2484 εἴωθε
551 2429 909 2499 διαφερόντως.
936 2431 1238 2497 προΐτασθαι
1287 2432 1502 2494 ἑαυτοῦ,
1545 2429 1635 2484 uhi
1669 2429 1760 2485 ἕνα
1798 2433 1865 2497 γέ
1893 2453 2012 2487 τινα
2051 2434 2136 2488 αἰεί
2173 2451 2349 2490 emen·
2408 2490 2423 2510 3

371 2517 610 2572 dandum
652 2519 966 2592 est,·sicuti
1007 2525 1061 2573 et
1096 2517 1224 2572 alibi
1263 2525 1408 2573 recte
1460 2517 1661 2590 legitur
1701 2527 1750 2574 et
1793 2520 1934 2592 apud
1977 2521 2347 2595 Thucydidem
2406 2509 2425 2533 ‘

372 2605 463 2660 Vl.
507 2610 596 2661 77.
653 2600 697 2661 οἳ
737 2607 990 2670 δεσπότην
1027 2607 1054 2670 ἢ
1094 2607 1268 2670 Μῆδον
1306 2608 1334 2670 ἢ
1374 2605 1464 2660 ἕνα
1503 2608 1569 2671 γέ
1621 2627 1737 2661 τινα
1777 2609 1859 2663 αεὶ
1909 2610 2347 2677 μεταβάλλοντες
2411 2606 2423 2653 ·'

373 2695 688 2751 δουλοῦνται.
770 2694 1145 2767 Aristophanis
1180 2694 1541 2766 fragmentum
1579 2703 1660 2750 est
1697 2697 1838 2769 apud
1878 2697 2099 2752 Suidam
2135 2716 2184 2752 v.
2223 2700 2349 2767 Πρό-Ι
2394 2691 2423 2782 ζ

371 2781 522 2843 δικος.
2415 2782 2419 2791 ’

672 2875 847 2924 τοῦτον
887 2872 973 2925 τὸν
1011 2870 1146 2939 ἄνδρ’
1187 2874 1215 2935 ἢ
1254 2870 1466 2937 βιβλίον
1502 2873 1754 2941 διέφθορεν

674 2958 703 3021 ἢ
740 2959 977 3025 Πρόδικος
1019 2961 1048 3024 ἢ
1087 2965 1186 3013 τῶν
1221 2960 1517 3026 ἀδολεσχῶν
1556 2957 1627 3021 εἷς
1663 2963 1728 3026 γε’
1765 2982 1862 3023 τις.
2406 3001 2407 3005 =

373 3044 589 3100 Excidit
627 3066 696 3113 τῳ
732 3047 872 3116 apud
913 3047 1189 3101 Platonem
1229 3048 1285 3100 in
1335 3047 1574 3101 Phaedro
1613 3067 1664 3121 p.
1706 3053 1812 3103 242
1856 3050 1911 3104 B.
1963 3051 2035 3105 ἔνι’
2072 3072 2137 3116 γε
2177 3052 2343 3121 τρόπῳ

375 3131 906 3202 προσαναγκαζοντα,
961 3135 1057 3188 ubi
1110 3134 1251 3206 quod
1290 3135 1630 3191 Heindorfius
1679 3138 1878 3208 optime
1932 3137 2132 3194 Graece
2170 3141 2343 3195 sciens

373 3222 614 3277 restituit
653 3223 725 3277 ἑνί
762 3221 828 3287 γέ
867 3241 937 3290 τῳ
977 3222 1143 3290 τρόπῳ
1183 3224 1391 3277 excussi
1430 3231 1611 3294 postea
1653 3225 1843 3296 optimi
1880 3225 2098 3281 Codices
2133 3228 2396 3299 egregie
2391 3220 2422 3261 ¹·

374 3309 781 3365 confirmarunt.
860 3308 1059 3364 Eodem
1106 3310 1261 3364 modo
1302 3311 1443 3382 apud
1482 3311 1889 3367 Demosthenem
1943 3331 1991 3385 p.
2035 3319 2208 3381 1542,
2254 3318 2343 3370 19.·

373 3398 605 3453 eximius
643 3397 816 3452 Codex
857 3397 893 3452 S
931 3396 1078 3452 dedit
1121 3399 1237 3460 τοὺς
1276 3399 1478 3463 δενγε
1530 3400 1742 3467 τρόπω
1793 3401 2196 3470 φυλαξαμένους
2247 3418 2341 3475 pro

374 3486 417 3539 δ’
440 3486 512 3540 ἐνί
537 3487 603 3551 γέ
647 3485 758 3560 (τῳ)
799 3486 997 3555 τρόπῳ,
1039 3486 1179 3557 quod
1209 3492 1354 3541 recte
1392 3485 1592 3557 legitur
1632 3488 1684 3540 in
1726 3491 1967 3544 caeteris,
2018 3490 2336 3563 corruptum

373 3581 452 3628 cst
491 3596 568 3637 τις
607 3576 661 3629 in
699 3582 802 3634 τοῖς
843 3574 984 3648 apud
1019 3573 1329 3647 Sophoclem
1376 3576 1430 3629 in
1473 3574 1668 3647 Oedipo
1710 3577 1959 3649 Tyranno
2005 3596 2079 3633 vs,
2117 3584 2243 3636 845.
2283 3608 2289 3612 ⁶
