2436 4068
1329 194 1431 245 724

414 345 558 415 gicos
606 341 829 396 subinde
869 338 1106 392 occurrit
1143 344 1194 390 et
1246 338 1300 389 in
1339 336 1544 390 Solonis
1586 336 1878 390 versiculo:
1920 337 2104 392 crebro
2147 357 2243 393 usu
2291 348 2363 397 te-

410 432 597 486 rebant
647 432 808 483 Dores
860 433 909 480 et
948 425 1229 495 Spartani,
1271 440 1300 476 a
1353 424 1544 493 quihus
1594 431 1869 477 mutuatus
1912 432 1991 478 est
2044 427 2360 497 Xenophon,

410 520 500 589 qui
537 534 687 586 saepe
732 515 919 568 utitur.
1000 513 1265 581 Agnosces
1306 512 1473 581 igitur
1517 510 1879 581 Xenophontis
1922 529 2135 566 manum
2173 515 2258 568 VI.
2302 521 2364 570 4:

411 605 552 666 ἔθηκε
592 605 706 661 τοὺς
741 603 834 666 μὲν
886 601 1325 664 πεπαμένους
1373 601 1744 660 καταλείπ·ειν,
1787 616 1907 652 nan]
1953 608 2161 670 praeter
2194 602 2364 655 Xeno-

407 692 656 763 phontem
715 705 868 741 nemo
926 704 1178 757 umquam
1238 687 1290 738 in
1348 685 1518 738 soluta
1575 687 1810 739 oratione
1871 687 1945 738 sie
2000 687 2208 740 locutus
2266 697 2363 745 est.

406 781 647 847 Agnosco
687 783 739 829 et
778 775 1140 845 Xenophontis
1180 774 1454 842 ingenium
1495 772 1583 825 ubi
1622 790 1681 826 ea
1719 772 1972 826 describit
2008 792 2140 844 quae
2177 775 2370 830 viderit
2404 800 2405 804 ¹

407 868 553 935 ipse,
594 882 697 918 non
738 863 803 917 ab
837 863 955 916 aliis
998 861 1154 915 fando
1196 862 1489 931 acceperit:
1532 863 1844 930 praesertim
1886 860 1974 913 ubi
2017 862 2080 915 ad
2122 880 2232 916 rem
2273 865 2368 917 mi·
2404 891 2407 937 ss

403 953 615 1006 litarem
653 950 1002 1004 enarrandam
1056 949 1283 1003 accessit
1334 965 1447 1018 cap.
1487 948 1556 1001 XI
1598 965 1710 1018 sqq.
1753 949 1804 1000 in
1843 948 2036 1018 quibus
2079 968 2179 1003 non
2223 960 2368 1021 potes
2392 952 2407 1025 ζ(

404 1057 508 1093 non
551 1040 748 1093 sentite
785 1037 1053 1091 oculatum
1095 1037 1236 1090 hunc
1275 1043 1460 1090 testem
1501 1052 1615 1089 esse
1655 1042 1708 1089 et
1745 1035 1836 1089 diu
1879 1052 1940 1088 ac
1982 1038 2208 1090 multum
2255 1055 2365 1092 ver·
2390 1059 2413 1147 3

404 1135 578 1181 satum
615 1129 667 1179 in
707 1126 1087 1197 Spartanorum
1130 1124 1321 1177 castiis
1361 1131 1412 1176 et
1447 1124 1499 1175 in
1547 1123 1758 1192 agmine
1798 1130 1850 1176 et
1891 1124 1941 1175 in
1988 1124 2198 1194 proelio
2253 1126 2363 1180 Pel·
2392 1115 2436 1211 3

402 1215 546 1270 lucet
598 1217 675 1269 rei
726 1215 976 1267 militaris
1029 1211 1268 1266 studium
1324 1219 1375 1265 et
1441 1211 1630 1281 peritia
1683 1210 2002 1280 singulariS‚
2061 1220 2111 1265 et
2161 1214 2213 1266 in
2266 1213 2436 1321 bac33

402 1311 551 1375 parte
588 1304 760 1374 operis
802 1319 854 1355 se
897 1301 1100 1354 diutius
1141 1299 1416 1353 immorari
1454 1298 1639 1350 scribit
1678 1297 1792 1350 Xll.
1875 1340 1885 1350 .
1944 1298 2174 1353 Pellucet
2217 1301 2363 1355 deni·
2394 1304 2428 1405 33

401 1408 503 1461 que
536 1390 778 1443 amabilis
817 1389 904 1442 illa
936 1395 987 1442 et
1020 1388 1396 1441 candidissima
1437 1385 1798 1455 Xenophontis
1836 1387 2004 1456 pietas
2041 1404 2167 1457 erga
2202 1389 2363 1442 Deos,
2392 1406 2436 1474 ,ἒ

401 1496 534 1549 quae
587 1479 639 1530 in
682 1478 902 1530 militari
947 1477 1057 1528 viro
1105 1475 1258 1528 facile
1307 1475 1360 1527 in
1407 1474 1837 1544 superstitionem
1882 1474 2164 1543 quamdam
2215 1493 2362 1531 exce·
2396 1463 2436 1559 ξ

399 1567 507 1628 dit,
549 1573 606 1618 ut
646 1567 698 1618 in
742 1566 853 1634 ipso
898 1564 1242 1634 Xenophonte
1291 1561 1550 1615 videmus.
1635 1560 1735 1614 Sed
1789 1578 1887 1613 non
1936 1561 2072 1615 idem
2113 1565 2360 1630 animm,
2395 1561 2426 1663 Ξ

400 1671 501 1705 non
545 1653 725 1706 eadem
770 1669 920 1706 mens
955 1659 1035 1705 est
1078 1652 1130 1704 in
1166 1649 1361 1703 talibus
1398 1666 1616 1710 eorum,
1659 1650 1749 1719 qui
1784 1649 1835 1700 in
1876 1665 2086 1702 summo
2130 1652 2235 1703 otio
2282 1670 2358 1707 se·

397 1743 512 1795 curi
568 1742 729 1794 vitam
773 1747 968 1806 agunt,
1011 1747 1062 1792 et
1112 1754 1326 1794 eorum.
1369 1737 1460 1806 qui
1510 1736 1746 1806 quotidie
1781 1736 1845 1790 de
1885 1739 2061 1790 anima
2105 1746 2155 1792 et
2192 1739 2359 1794 salute
2391 1726 2422 1809 γ’

396 1829 669 1882 dimicant.
753 1828 915 1881 Nemo
967 1827 1064 1880 hoc
1114 1825 1304 1878 melius
1353 1824 1518 1877 sensit
1566 1832 1618 1877 et
1667 1824 1962 1894 elegantius
2007 1825 2139 1879 dixit
2195 1845 2351 1897 quam

395 1919 508 1986 ipse
560 1914 844 1986 Xenophon
898 1916 950 1968 in
996 1912 1349 1986 Hipparchico
1383 1912 1473 1964 IX.
1518 1916 1578 1965 8:
1620 1913 1661 1965 εἰ
1703 1914 1755 1966 δέ
1794 1933 1872 1972 τις
1913 1917 2060 1966 τοῦτο
2103 1915 2352 1983 θαυμάζει

393 2002 468 2058 ὅτι
507 2003 761 2063 πολλάκις
793 2004 1096 2070 γέγραπται
1138 2004 1195 2056 τὸ
1229 2003 1318 2055 σὺν
1358 2001 1446 2067 θεῷ
1483 1999 1726 2066 πράττειν
1763 1997 1818 2053 εὖ
1852 2000 1941 2056 ἴςω
1981 1999 2055 2055 ὅτι
2094 2003 2162 2064 ἢν
2211 2017 2354 2058 πολ·
2392 2015 2425 2098 33

392 2093 583 2152 λάκις
626 2093 1025 2159 κινδυνεύσῃ
1065 2088 1211 2152 ἧττον
1251 2093 1398 2143 τοῦτο
1440 2088 1803 2153 θαυμάσεται,
1844 2097 1896 2142 et
1938 2106 2070 2159 quae
2108 2091 2256 2160 plura
2300 2094 2353 2146 in
2392 2083 2436 2162 '53

393 2180 611 2234 eandem
669 2182 985 2233 sententiam
1042 2180 1113 2231 ibi
1174 2177 1381 2232 scribit
1467 2177 1625 2230 Plane
1688 2177 2050 2247 Xenophontei
2109 2179 2354 2235 candoris
2425 2190 2436 2219 ’-·

394 2275 475 2321 est
533 2268 670 2338 quod
726 2268 923 2337 legitur
965 2267 1101 2320 ΧΙΙΙ.
1159 2271 1208 2319 5.
1291 2265 1437 2318 »Rex
1497 2265 1903 2335 Spartanorum,
1964 2266 2176 2335 inquit,
2232 2267 2354 2323 ὅταν

394 2357 608 2420 θύηται,
665 2356 744 2408 oze)
787 2355 1010 2422 ἄρχεται
1066 2355 1243 2408 τούτου
1282 2358 1370 2407 τοῦ
1428 2352 1574 2419 ἔργου
1633 2352 1705 2406 ἔτι
1767 2358 2007 2419 κνεφαῖος
2069 2369 2354 2422 προλαμ-
2431 2414 2436 2430 ¹

391 2443 633 2510 βάνειν
668 2444 1070 2509 βουλόμενος
1112 2445 1218 2504 τὴν
1259 2445 1364 2494 τοῦ
1406 2443 1545 2494 θεοῦ
1586 2440 1884 2504 εὔνοιαν,
1925 2449 2202 2512 postquam
2242 2462 2353 2499 rem
2429 2436 2436 2452 ¹

392 2532 626 2584 divinam
671 2531 918 2586 fecissent
971 2531 1305 2603 praesentius
1345 2546 1457 2583 esse
1512 2529 1731 2583 deorum
1792 2529 2048 2584 auxilium
2101 2532 2355 2588 candidae

391 2622 600 2674 animae
641 2620 1010 2690 opinabantur.
2431 2605 2436 2621 ⁸

468 2709 608 2761 Haec
650 2709 816 2776 igitur
875 2708 1048 2761 omnia
1095 2713 1186 2760 aut
1232 2705 1540 2776 redarguito
1577 2705 1807 2775 aliquis,
1848 2714 1976 2770 aut,
2030 2708 2074 2760 si
2116 2708 2353 2764 refellere
2432 2694 2436 2766 s

395 2813 496 2849 non
543 2797 770 2865 poterit.
828 2803 1142 2866 argumenta
1199 2795 1327 2848 baec
1379 2811 1494 2848 esse
1549 2802 1600 2847 et
1655 2793 1854 2847 indicia
1915 2811 2123 2848 mecum
2177 2799 2353 2851 existi·
2396 2790 2421 2798 ”

394 2892 571 2946 mato,
613 2891 936 2953 quapropter
979 2887 1005 2947 ἦ
1046 2890 1142 2938 τῶν
1182 2884 1434 2937 Λακώνων
1475 2883 1711 2936 πολιτεία
1766 2882 2098 2953 Xenophonti
2150 2889 2355 2940 auctori
2396 2907 2398 2910 ⁴

396 2989 498 3024 non
539 2972 609 3024 sit>
649 2971 940 3040 eripienda.
1023 2972 1173 3025 Nunc
1213 2989 1275 3025 ex
1317 2971 1407 3024 illo
1448 2971 1582 3023 libro
1618 2969 1807 3024 menda
1841 2971 2098 3040 quaedam
2141 2981 2192 3026 et
2228 2976 2354 3028 scri·
2418 2970 2436 2979 ''

395 3066 584 3130 pturae
638 3059 768 3111 vitia
823 3058 1000 3112 eluere
1055 3059 1351 3128 aggrediar.
1435 3059 1491 3112 ln
1551 3075 1659 3128 rep.
1715 3057 1899 3111 Laced.
1942 3058 1981 3111 Ι.
2026 3064 2075 3112 5.
2134 3067 2354 3130 Λυκοῦρ-
2414 3079 2417 3092 ’

394 3168 523 3212 γον,
577 3148 788 3216 inquit,
841 3146 926 3200 καὶ
980 3146 1223 3213 θαυμάζω
1277 3147 1362 3200 καὶ
1425 3148 1494 3206 εἰς
1547 3147 1617 3199 τοὶ
1667 3146 1878 3213 ἔσχατα
1944 3146 2140 3219 [μάλα]
2200 3151 2355 3218 σοφὸν
2416 3134 2419 3146 '¹

397 3239 642 3300 ἡγοῦμαι.
725 3233 1023 3300 Quomodo,
1066 3251 1288 3304 quaem,
1329 3233 1481 3298 μάλα
1518 3235 1768 3303 coniungi
1809 3235 1981 3304 potuit
2018 3252 2137 3288 cum
2180 3239 2354 3292 verbis
2397 3223 2417 3310 ,3⁴

397 3326 467 3382 εἷς
503 3324 573 3377 τα
614 3322 863 3389 ἔσχαταῖ
945 3321 1102 3375 Aliud
1145 3329 1224 3374 est
1275 3323 1414 3375 enim
1471 3321 1625 3386 μάλα
1672 3323 1826 3390 σοφὸν
1872 3320 2035 3386 εἶναι,
2087 3323 2229 3377 aliud
2272 3347 2351 3380 σο-
2400 3347 2406 3366 ¹

398 3411 526 3478 φίας
566 3411 636 3470 εἷς
677 3412 734 3464 τὸ
776 3410 1000 3477 ἔσχατον
1043 3409 1387 3471 ἐληλακέναι,
1447 3426 1579 3479 quae
1620 3425 1705 3462 res
1746 3409 1944 3464 nullam
1998 3415 2350 3467 accessionem
2400 3414 2408 3427 f

398 3505 490 3553 aut
544 3499 820 3552 cumulum
881 3498 1134 3552 admittit.
1226 3497 1412 3567 Itaque
1468 3497 1746 3550 molestum
1804 3499 1958 3563 μάλα
2007 3500 2350 3555 resecandum

397 3603 510 3641 esse
551 3603 754 3641 censen.
837 3588 1004 3656 Σοφὸς
1042 3588 1111 3648 εἷς
1158 3587 1227 3641 τα
1271 3585 1480 3652 ἔσχατα
1523 3602 1654 3639 nove
1694 3585 1896 3641 dictum
1940 3594 2050 3641 est:
2105 3589 2353 3642 usitatius
