<?xml version="1.0" encoding="UTF-8"?>
<!DOCTYPE html PUBLIC "-//W3C//DTD XHTML 1.0 Transitional//EN"
    "http://www.w3.org/TR/xhtml1/DTD/xhtml1-transitional.dtd">
<html xmlns="http://www.w3.org/1999/xhtml" xml:lang="en" lang="en">
 <head>
  <title>
</title>
<meta http-equiv="Content-Type" content="text/html;charset=utf-8" />
  <meta name='ocr-system' content='tesseract 3.04.00' />
  <meta name='ocr-capabilities' content='ocr_page ocr_carea ocr_par ocr_line ocrx_word'/>
</head>
<body>
  <div class='ocr_page' id='page_1' title='image "./novaelectionesqu00cobeuoft/novaelectionesqu00cobeuoft_0588.png"; bbox 0 0 2436 4068; ppageno 0'>
   <div class='ocr_carea' id='block_1_1' title="bbox 1244 190 1350 240">
    <p class='ocr_par' dir='ltr' id='par_1_1' title="bbox 1244 190 1350 240">
     <span class='ocr_line' id='line_1_1' title="bbox 1244 190 1350 240; baseline -0.019 0"><span class='ocrx_word' id='word_1_1' title='bbox 1244 190 1350 240; x_wconf 73' lang='lat'>554</span> 
     </span>
    </p>
   </div>
   <div class='ocr_carea' id='block_1_2' title="bbox 316 333 2436 3585">
    <p class='ocr_par' dir='ltr' id='par_1_2' title="bbox 316 333 2307 1463">
     <span class='ocr_line' id='line_1_2' title="bbox 317 333 2298 410; baseline -0.004 -15"><span class='ocrx_word' id='word_1_2' title='bbox 317 341 536 395; x_wconf 83' lang='lat' dir='ltr'>mittere</span> <span class='ocrx_word' id='word_1_3' title='bbox 584 353 743 410; x_wconf 85' lang='lat' dir='ltr'>quam</span> <span class='ocrx_word' id='word_1_4' title='bbox 799 334 1062 407; x_wconf 84' lang='lat' dir='ltr'>expellere</span> <span class='ocrx_word' id='word_1_5' title='bbox 1114 349 1302 388; x_wconf 88' lang='lat' dir='ltr'>unum.</span> <span class='ocrx_word' id='word_1_6' title='bbox 1383 333 1441 387; x_wconf 93' lang='lat' dir='ltr'>In</span> <span class='ocrx_word' id='word_1_7' title='bbox 1489 336 1517 403; x_wconf 85' lang='lat'>§</span> <span class='ocrx_word' id='word_1_8' title='bbox 1566 337 1616 387; x_wconf 88' lang='lat'>6.</span> <span class='ocrx_word' id='word_1_9' title='bbox 1658 336 1701 388; x_wconf 86' lang='grc' dir='ltr'><em>οἱ</em></span> <span class='ocrx_word' id='word_1_10' title='bbox 1742 333 1968 402; x_wconf 82' lang='grc' dir='ltr'><em>τύραννοι</em></span> <span class='ocrx_word' id='word_1_11' title='bbox 2011 340 2108 388; x_wconf 82' lang='grc' dir='ltr'>τῶν</span> <span class='ocrx_word' id='word_1_12' title='bbox 2147 337 2298 400; x_wconf 79' lang='grc' dir='ltr'><em>μεγί-</em></span> 
     </span>
     <span class='ocr_line' id='line_1_3' title="bbox 317 421 2296 492; baseline -0.003 -9"><span class='ocrx_word' id='word_1_13' title='bbox 317 450 416 487; x_wconf 79' lang='grc' dir='ltr'><em>ςων</em></span> <span class='ocrx_word' id='word_1_14' title='bbox 474 428 684 492; x_wconf 73' lang='grc' dir='ltr'><em>ἀγαθῶν</em></span> <span class='ocrx_word' id='word_1_15' title='bbox 743 422 978 490; x_wconf 73' lang='grc' dir='ltr'><em>ἕλοέχιςα</em></span> <span class='ocrx_word' id='word_1_16' title='bbox 1036 422 1348 489; x_wconf 79' lang='grc' dir='ltr'><em>μετέχουσιν</em></span> <span class='ocrx_word' id='word_1_17' title='bbox 1408 427 1558 475; x_wconf 87' lang='lat' dir='ltr'>certa</span> <span class='ocrx_word' id='word_1_18' title='bbox 1616 421 1987 476; x_wconf 79' lang='lat' dir='ltr'>emendatione</span> <span class='ocrx_word' id='word_1_19' title='bbox 2045 423 2296 491; x_wconf 76' lang='grc' dir='ltr'><em>ε’λοὶχιςον</em></span> 
     </span>
     <span class='ocr_line' id='line_1_4' title="bbox 318 508 2298 586; baseline -0.003 -16"><span class='ocrx_word' id='word_1_20' title='bbox 318 514 698 586; x_wconf 84' lang='lat' dir='ltr'>corrigendum</span> <span class='ocrx_word' id='word_1_21' title='bbox 740 518 849 574; x_wconf 79' lang='lat' dir='ltr'>est3</span> <span class='ocrx_word' id='word_1_22' title='bbox 890 511 945 563; x_wconf 86' lang='lat' dir='ltr'>in</span> <span class='ocrx_word' id='word_1_23' title='bbox 984 509 1182 563; x_wconf 83' lang='lat' dir='ltr'>talibus</span> <span class='ocrx_word' id='word_1_24' title='bbox 1222 509 1370 576; x_wconf 83' lang='grc' dir='ltr'><em>μέρος</em></span> <span class='ocrx_word' id='word_1_25' title='bbox 1412 508 1681 563; x_wconf 86' lang='lat' dir='ltr'>arbitratu</span> <span class='ocrx_word' id='word_1_26' title='bbox 1720 509 2043 564; x_wconf 87' lang='lat' dir='ltr'>Graecorum</span> <span class='ocrx_word' id='word_1_27' title='bbox 2082 518 2176 565; x_wconf 87' lang='lat' dir='ltr'>aut</span> <span class='ocrx_word' id='word_1_28' title='bbox 2211 511 2298 564; x_wconf 88' lang='lat' dir='ltr'>ad-</span> 
     </span>
     <span class='ocr_line' id='line_1_5' title="bbox 317 596 2294 668; baseline -0.003 -10"><span class='ocrx_word' id='word_1_29' title='bbox 317 603 468 658; x_wconf 84' lang='lat' dir='ltr'>ditur</span> <span class='ocrx_word' id='word_1_30' title='bbox 505 609 598 655; x_wconf 87' lang='lat' dir='ltr'>aut</span> <span class='ocrx_word' id='word_1_31' title='bbox 632 600 942 662; x_wconf 80' lang='lat' dir='ltr'>omittitur,</span> <span class='ocrx_word' id='word_1_32' title='bbox 986 597 1078 652; x_wconf 88' lang='lat' dir='ltr'>sed</span> <span class='ocrx_word' id='word_1_33' title='bbox 1115 597 1480 652; x_wconf 85' lang='lat' dir='ltr'>necessarium</span> <span class='ocrx_word' id='word_1_34' title='bbox 1518 596 1739 668; x_wconf 82' lang='lat' dir='ltr'>perinde</span> <span class='ocrx_word' id='word_1_35' title='bbox 1771 605 1852 652; x_wconf 88' lang='lat' dir='ltr'>est</span> <span class='ocrx_word' id='word_1_36' title='bbox 1893 608 2147 654; x_wconf 88' lang='lat' dir='ltr'>neutrum</span> <span class='ocrx_word' id='word_1_37' title='bbox 2187 600 2294 653; x_wconf 90' lang='lat' dir='ltr'>sin-</span> 
     </span>
     <span class='ocr_line' id='line_1_6' title="bbox 317 685 2303 763; baseline -0.002 -19"><span class='ocrx_word' id='word_1_38' title='bbox 317 691 504 763; x_wconf 86' lang='lat' dir='ltr'>gulare</span> <span class='ocrx_word' id='word_1_39' title='bbox 544 705 740 760; x_wconf 84' lang='lat' dir='ltr'>ponere</span> <span class='ocrx_word' id='word_1_40' title='bbox 793 693 1004 744; x_wconf 81' lang='grc' dir='ltr'><em>πλεῖςον</em></span> <span class='ocrx_word' id='word_1_41' title='bbox 1055 686 1341 753; x_wconf 76' lang='grc' dir='ltr'><em>μετέχειν,</em></span> <span class='ocrx_word' id='word_1_42' title='bbox 1396 685 1646 753; x_wconf 75' lang='grc' dir='ltr'><em>ἕλαχιςον</em></span> <span class='ocrx_word' id='word_1_43' title='bbox 1694 686 1943 755; x_wconf 76' lang='grc' dir='ltr'><em>μετέχειν</em></span> <span class='ocrx_word' id='word_1_44' title='bbox 1997 687 2303 758; x_wconf 81' lang='lat' dir='ltr'>similiaque</span> 
     </span>
     <span class='ocr_line' id='line_1_7' title="bbox 320 773 2299 846; baseline -0.003 -13"><span class='ocrx_word' id='word_1_45' title='bbox 320 779 517 833; x_wconf 89' lang='lat' dir='ltr'>omnia.</span> <span class='ocrx_word' id='word_1_46' title='bbox 597 777 656 830; x_wconf 94' lang='lat' dir='ltr'>In</span> <span class='ocrx_word' id='word_1_47' title='bbox 715 777 744 846; x_wconf 54' lang='grc' dir='ltr'><strong><em>ὃ</em></strong></span> <span class='ocrx_word' id='word_1_48' title='bbox 791 780 840 829; x_wconf 92' lang='grc'>7.</span> <span class='ocrx_word' id='word_1_49' title='bbox 896 774 1076 829; x_wconf 82' lang='grc' dir='ltr'><em>τούτου</em></span> <span class='ocrx_word' id='word_1_50' title='bbox 1133 779 1346 831; x_wconf 85' lang='grc' dir='ltr'><em>πλεῖςον</em></span> <span class='ocrx_word' id='word_1_51' title='bbox 1398 773 1547 840; x_wconf 80' lang='grc' dir='ltr'><em>μέρος</em></span> <span class='ocrx_word' id='word_1_52' title='bbox 1588 775 1631 827; x_wconf 81' lang='grc' dir='ltr'><em>οἱ</em></span> <span class='ocrx_word' id='word_1_53' title='bbox 1687 774 1915 843; x_wconf 81' lang='grc' dir='ltr'><em>τύραννοι</em></span> <span class='ocrx_word' id='word_1_54' title='bbox 1967 776 2299 843; x_wconf 83' lang='grc' dir='ltr'><em>μετέχουσιν.</em></span> 
     </span>
     <span class='ocr_line' id='line_1_8' title="bbox 319 861 2301 930; baseline -0.002 -9"><span class='ocrx_word' id='word_1_55' title='bbox 319 865 579 922; x_wconf 83' lang='lat' dir='ltr'>Slobaeus</span> <span class='ocrx_word' id='word_1_56' title='bbox 630 864 828 919; x_wconf 85' lang='lat' dir='ltr'>omisso</span> <span class='ocrx_word' id='word_1_57' title='bbox 880 863 1028 930; x_wconf 84' lang='grc' dir='ltr'><em>μέρος</em></span> <span class='ocrx_word' id='word_1_58' title='bbox 1070 861 1232 916; x_wconf 80' lang='lat' dir='ltr'>habet</span> <span class='ocrx_word' id='word_1_59' title='bbox 1281 862 1463 916; x_wconf 82' lang='grc' dir='ltr'><em>τούτου</em></span> <span class='ocrx_word' id='word_1_60' title='bbox 1517 868 1730 919; x_wconf 85' lang='grc' dir='ltr'><em>πλεῖς-ον</em></span> <span class='ocrx_word' id='word_1_61' title='bbox 1782 863 2082 930; x_wconf 80' lang='grc' dir='ltr'><em>μετέχομεν</em></span> <span class='ocrx_word' id='word_1_62' title='bbox 2122 865 2166 917; x_wconf 84' lang='grc' dir='ltr'><em>οἱ</em></span> <span class='ocrx_word' id='word_1_63' title='bbox 2214 864 2301 919; x_wconf 80' lang='grc' dir='ltr'><em>τύ-</em></span> 
     </span>
     <span class='ocr_line' id='line_1_9' title="bbox 316 948 2303 1024; baseline -0.002 -15"><span class='ocrx_word' id='word_1_64' title='bbox 316 974 498 1024; x_wconf 85' lang='grc' dir='ltr'><em>ραννοι.</em></span> <span class='ocrx_word' id='word_1_65' title='bbox 580 952 785 1006; x_wconf 86' lang='lat' dir='ltr'>Vitiosa</span> <span class='ocrx_word' id='word_1_66' title='bbox 842 951 1113 1022; x_wconf 87' lang='lat' dir='ltr'>seriptura</span> <span class='ocrx_word' id='word_1_67' title='bbox 1173 948 1410 1018; x_wconf 76' lang='grc' dir='ltr'><em>ἐλαχιςα</em></span> <span class='ocrx_word' id='word_1_68' title='bbox 1462 956 1587 1004; x_wconf 83' lang='lat' dir='ltr'>nata</span> <span class='ocrx_word' id='word_1_69' title='bbox 1641 956 1724 1004; x_wconf 87' lang='lat' dir='ltr'>est</span> <span class='ocrx_word' id='word_1_70' title='bbox 1763 967 1828 1004; x_wconf 83' lang='lat' dir='ltr'>ex</span> <span class='ocrx_word' id='word_1_71' title='bbox 1868 951 1934 1004; x_wconf 91' lang='lat' dir='ltr'>iis</span> <span class='ocrx_word' id='word_1_72' title='bbox 1970 968 2108 1022; x_wconf 89' lang='lat' dir='ltr'>quae</span> <span class='ocrx_word' id='word_1_73' title='bbox 2146 969 2303 1023; x_wconf 86' lang='lat' dir='ltr'>oppo-</span> 
     </span>
     <span class='ocr_line' id='line_1_10' title="bbox 318 1037 2302 1109; baseline -0.001 -12"><span class='ocrx_word' id='word_1_74' title='bbox 318 1049 527 1097; x_wconf 87' lang='lat' dir='ltr'>nuntur</span> <span class='ocrx_word' id='word_1_75' title='bbox 580 1048 775 1098; x_wconf 81' lang='grc' dir='ltr'><em>πλεῖςα</em></span> <span class='ocrx_word' id='word_1_76' title='bbox 829 1039 1125 1101; x_wconf 85' lang='grc' dir='ltr'><em>κέκτηνται.</em></span> <span class='ocrx_word' id='word_1_77' title='bbox 1205 1037 1504 1092; x_wconf 86' lang='lat' dir='ltr'>Emendate</span> <span class='ocrx_word' id='word_1_78' title='bbox 1550 1039 1814 1109; x_wconf 85' lang='lat' dir='ltr'>scriptum</span> <span class='ocrx_word' id='word_1_79' title='bbox 1869 1045 1952 1093; x_wconf 88' lang='lat' dir='ltr'>est</span> <span class='ocrx_word' id='word_1_80' title='bbox 1991 1040 2080 1094; x_wconf 92' lang='lat' dir='ltr'>IV.</span> <span class='ocrx_word' id='word_1_81' title='bbox 2128 1046 2176 1094; x_wconf 92' lang='lat'>1.</span> <span class='ocrx_word' id='word_1_82' title='bbox 2217 1042 2302 1096; x_wconf 85' lang='grc' dir='ltr'>πί-</span> 
     </span>
     <span class='ocr_line' id='line_1_11' title="bbox 317 1125 2306 1196; baseline -0.003 -8"><span class='ocrx_word' id='word_1_83' title='bbox 317 1151 443 1192; x_wconf 80' lang='grc' dir='ltr'><em>ςεως</em></span> <span class='ocrx_word' id='word_1_84' title='bbox 491 1128 597 1191; x_wconf 71' lang='grc' dir='ltr'><em>ἔςις</em></span> <span class='ocrx_word' id='word_1_85' title='bbox 656 1128 993 1196; x_wconf 72' lang='grc' dir='ltr'><em>ε’λοὶχιςον</em></span> <span class='ocrx_word' id='word_1_86' title='bbox 1050 1125 1302 1193; x_wconf 83' lang='grc' dir='ltr'><em>μετέχει,</em></span> <span class='ocrx_word' id='word_1_87' title='bbox 1355 1132 1409 1180; x_wconf 86' lang='lat' dir='ltr'>et</span> <span class='ocrx_word' id='word_1_88' title='bbox 1458 1125 1580 1180; x_wconf 86' lang='lat' dir='ltr'>aliis</span> <span class='ocrx_word' id='word_1_89' title='bbox 1619 1125 1749 1180; x_wconf 92' lang='lat' dir='ltr'>locis</span> <span class='ocrx_word' id='word_1_90' title='bbox 1789 1126 1923 1182; x_wconf 89' lang='lat' dir='ltr'>bene</span> <span class='ocrx_word' id='word_1_91' title='bbox 1972 1129 2190 1193; x_wconf 85' lang='lat' dir='ltr'>multiS,</span> <span class='ocrx_word' id='word_1_92' title='bbox 2241 1129 2306 1183; x_wconf 90' lang='lat' dir='ltr'>de</span> 
     </span>
     <span class='ocr_line' id='line_1_12' title="bbox 319 1213 2304 1291; baseline -0.001 -19"><span class='ocrx_word' id='word_1_93' title='bbox 319 1234 426 1291; x_wconf 88' lang='lat' dir='ltr'>qua</span> <span class='ocrx_word' id='word_1_94' title='bbox 464 1235 523 1273; x_wconf 87' lang='lat' dir='ltr'>re</span> <span class='ocrx_word' id='word_1_95' title='bbox 564 1219 617 1271; x_wconf 89' lang='lat' dir='ltr'>in</span> <span class='ocrx_word' id='word_1_96' title='bbox 661 1215 1028 1288; x_wconf 87' lang='lat' dir='ltr'>superioribus</span> <span class='ocrx_word' id='word_1_97' title='bbox 1070 1215 1176 1268; x_wconf 88' lang='lat' dir='ltr'>iam</span> <span class='ocrx_word' id='word_1_98' title='bbox 1226 1213 1484 1268; x_wconf 89' lang='lat' dir='ltr'>nonnulla</span> <span class='ocrx_word' id='word_1_99' title='bbox 1523 1216 1939 1282; x_wconf 79' lang='lat' dir='ltr'>annotavimuS‚</span> <span class='ocrx_word' id='word_1_100' title='bbox 1980 1216 2176 1287; x_wconf 86' lang='lat' dir='ltr'>quibus</span> <span class='ocrx_word' id='word_1_101' title='bbox 2217 1216 2304 1270; x_wconf 87' lang='lat' dir='ltr'>ad·</span> 
     </span>
     <span class='ocr_line' id='line_1_13' title="bbox 319 1302 2307 1377; baseline -0.002 -16"><span class='ocrx_word' id='word_1_102' title='bbox 319 1307 446 1362; x_wconf 82' lang='lat' dir='ltr'>(lere</span> <span class='ocrx_word' id='word_1_103' title='bbox 486 1307 636 1360; x_wconf 85' lang='lat' dir='ltr'>iuvat</span> <span class='ocrx_word' id='word_1_104' title='bbox 677 1303 1105 1360; x_wconf 84' lang='lat' dir='ltr'>emendationem</span> <span class='ocrx_word' id='word_1_105' title='bbox 1154 1303 1461 1357; x_wconf 85' lang='lat' dir='ltr'>suavissimi</span> <span class='ocrx_word' id='word_1_106' title='bbox 1515 1302 1806 1375; x_wconf 83' lang='lat' dir='ltr'>fragmenti</span> <span class='ocrx_word' id='word_1_107' title='bbox 1848 1305 2127 1377; x_wconf 81' lang='lat' dir='ltr'>Euripidei</span> <span class='ocrx_word' id='word_1_108' title='bbox 2166 1305 2307 1376; x_wconf 81' lang='lat' dir='ltr'>apud</span> 
     </span>
     <span class='ocr_line' id='line_1_14' title="bbox 323 1391 1179 1463; baseline -0.006 -13"><span class='ocrx_word' id='word_1_109' title='bbox 323 1394 656 1450; x_wconf 87' lang='lat' dir='ltr'>Athenaeum</span> <span class='ocrx_word' id='word_1_110' title='bbox 697 1392 839 1447; x_wconf 91' lang='lat' dir='ltr'><strong>XIII.</strong></span> <span class='ocrx_word' id='word_1_111' title='bbox 882 1409 930 1463; x_wconf 90' lang='lat' dir='ltr'>p.</span> <span class='ocrx_word' id='word_1_112' title='bbox 968 1394 1066 1445; x_wconf 79' lang='lat'>561</span> <span class='ocrx_word' id='word_1_113' title='bbox 1117 1391 1179 1445; x_wconf 88' lang='lat' dir='ltr'>A.</span> 
     </span>
    </p>

    <p class='ocr_par' dir='ltr' id='par_1_3' title="bbox 626 1478 1646 1548">
     <span class='ocr_line' id='line_1_15' title="bbox 626 1478 1646 1548; baseline -0.003 -13"><span class='ocrx_word' id='word_1_114' title='bbox 626 1482 904 1546; x_wconf 78' lang='grc' dir='ltr'><em>Παίδευμα</em></span> <span class='ocrx_word' id='word_1_115' title='bbox 943 1480 986 1532; x_wconf 79' lang='grc' dir='ltr'>δ’</span> <span class='ocrx_word' id='word_1_116' title='bbox 1021 1482 1186 1546; x_wconf 87' lang='grc' dir='ltr'><em>’Έρως</em></span> <span class='ocrx_word' id='word_1_117' title='bbox 1227 1478 1420 1548; x_wconf 83' lang='grc' dir='ltr'><em>σοφίας</em></span> <span class='ocrx_word' id='word_1_118' title='bbox 1460 1480 1646 1546; x_wconf 73' lang='grc' dir='ltr'><em>οἷρετῆς</em></span> 
     </span>
    </p>

    <p class='ocr_par' dir='ltr' id='par_1_4' title="bbox 626 1565 1684 1634">
     <span class='ocr_line' id='line_1_16' title="bbox 626 1565 1684 1634; baseline -0.004 -10"><span class='ocrx_word' id='word_1_119' title='bbox 626 1575 836 1626; x_wconf 82' lang='grc' dir='ltr'><em>πλεῖςον</em></span> <span class='ocrx_word' id='word_1_120' title='bbox 882 1565 1181 1634; x_wconf 71' lang='grc' dir='ltr'><em>ὑπάρχει</em></span> <span class='ocrx_word' id='word_1_121' title='bbox 1223 1567 1310 1620; x_wconf 73' lang='grc' dir='ltr'>καὶ</span> <span class='ocrx_word' id='word_1_122' title='bbox 1359 1573 1684 1634; x_wconf 75' lang='grc' dir='ltr'><em>προσομιλεῖν</em></span> 
     </span>
    </p>

    <p class='ocr_par' dir='ltr' id='par_1_5' title="bbox 399 1653 2423 1906">
     <span class='ocr_line' id='line_1_17' title="bbox 791 1653 1235 1721; baseline -0.007 -10"><span class='ocrx_word' id='word_1_123' title='bbox 791 1653 934 1716; x_wconf 76' lang='grc' dir='ltr'><em>οὗτος</em></span> <span class='ocrx_word' id='word_1_124' title='bbox 976 1656 998 1709; x_wconf 80' lang='grc' dir='ltr'><em>ὃ</em></span> <span class='ocrx_word' id='word_1_125' title='bbox 1038 1655 1235 1721; x_wconf 77' lang='grc' dir='ltr'><em>δαίμων</em></span> 
     </span>
     <span class='ocr_line' id='line_1_18' title="bbox 629 1742 2423 1819; baseline -0.002 -19"><span class='ocrx_word' id='word_1_126' title='bbox 629 1747 836 1800; x_wconf 73' lang='grc' dir='ltr'><em>πάντων</em></span> <span class='ocrx_word' id='word_1_127' title='bbox 878 1742 1042 1807; x_wconf 72' lang='grc' dir='ltr'><em>ήδιςος</em></span> <span class='ocrx_word' id='word_1_128' title='bbox 1084 1742 1186 1812; x_wconf 83' lang='grc' dir='ltr'>ἔφυ</span> <span class='ocrx_word' id='word_1_129' title='bbox 1219 1744 1435 1805; x_wconf 75' lang='grc' dir='ltr'><em>θνητοῖς.</em></span> <span class='ocrx_word' id='word_1_130' title='bbox 2411 1807 2423 1819; x_wconf 20' lang='grc' dir='ltr'>,Δ</span> 
     </span>
     <span class='ocr_line' id='line_1_19' title="bbox 399 1831 2311 1906; baseline -0.002 -16"><span class='ocrx_word' id='word_1_131' title='bbox 399 1835 650 1890; x_wconf 85' lang='lat' dir='ltr'>Retineat</span> <span class='ocrx_word' id='word_1_132' title='bbox 707 1834 845 1888; x_wconf 70' lang='lat' dir='ltr'>lianc</span> <span class='ocrx_word' id='word_1_133' title='bbox 883 1832 1167 1887; x_wconf 89' lang='lat' dir='ltr'>lectionem</span> <span class='ocrx_word' id='word_1_134' title='bbox 1220 1832 1313 1901; x_wconf 91' lang='lat' dir='ltr'>qui</span> <span class='ocrx_word' id='word_1_135' title='bbox 1354 1831 1455 1884; x_wconf 85' lang='lat' dir='ltr'>sibi</span> <span class='ocrx_word' id='word_1_136' title='bbox 1505 1831 1806 1902; x_wconf 82' lang='lat' dir='ltr'>intelligere</span> <span class='ocrx_word' id='word_1_137' title='bbox 1858 1831 2106 1887; x_wconf 81' lang='lat' dir='ltr'>videtur:</span> <span class='ocrx_word' id='word_1_138' title='bbox 2164 1835 2311 1906; x_wconf 84' lang='lat' dir='ltr'>equi-</span> 
     </span>
    </p>

    <p class='ocr_par' dir='ltr' id='par_1_6' title="bbox 324 1907 2436 3585">
     <span class='ocr_line' id='line_1_20' title="bbox 326 1918 2312 1990; baseline -0.001 -11"><span class='ocrx_word' id='word_1_139' title='bbox 326 1925 449 1979; x_wconf 87' lang='lat' dir='ltr'>dem</span> <span class='ocrx_word' id='word_1_140' title='bbox 491 1925 568 1979; x_wconf 85' lang='lat' dir='ltr'>sic</span> <span class='ocrx_word' id='word_1_141' title='bbox 609 1923 825 1976; x_wconf 86' lang='lat' dir='ltr'>demum</span> <span class='ocrx_word' id='word_1_142' title='bbox 865 1921 1041 1975; x_wconf 88' lang='lat' dir='ltr'>locum</span> <span class='ocrx_word' id='word_1_143' title='bbox 1083 1918 1380 1990; x_wconf 83' lang='lat' dir='ltr'>intelligam</span> <span class='ocrx_word' id='word_1_144' title='bbox 1423 1921 1468 1973; x_wconf 89' lang='lat' dir='ltr'>si</span> <span class='ocrx_word' id='word_1_145' title='bbox 1522 1923 1709 1987; x_wconf 72' lang='grc' dir='ltr'><em>αρετῆς</em></span> <span class='ocrx_word' id='word_1_146' title='bbox 1762 1927 1974 1978; x_wconf 72' lang='grc' dir='ltr'><em>πλεῖς-ον</em></span> <span class='ocrx_word' id='word_1_147' title='bbox 2020 1923 2312 1990; x_wconf 79' lang='grc' dir='ltr'><em>μετέχει</em></span> 
     </span>
     <span class='ocr_line' id='line_1_21' title="bbox 324 2007 2427 2085; baseline -0.002 -15"><span class='ocrx_word' id='word_1_148' title='bbox 324 2012 668 2070; x_wconf 87' lang='lat' dir='ltr'>emendatum</span> <span class='ocrx_word' id='word_1_149' title='bbox 725 2011 845 2071; x_wconf 83' lang='lat' dir='ltr'>erit.</span> <span class='ocrx_word' id='word_1_150' title='bbox 926 2007 1129 2079; x_wconf 81' lang='lat' dir='ltr'>Duplex</span> <span class='ocrx_word' id='word_1_151' title='bbox 1185 2008 1442 2063; x_wconf 86' lang='lat' dir='ltr'>mendum</span> <span class='ocrx_word' id='word_1_152' title='bbox 1497 2015 1578 2062; x_wconf 87' lang='lat' dir='ltr'>est</span> <span class='ocrx_word' id='word_1_153' title='bbox 1636 2009 1691 2062; x_wconf 91' lang='lat' dir='ltr'>in</span> <span class='ocrx_word' id='word_1_154' title='bbox 1735 2013 1762 2080; x_wconf 84' lang='lat'>§</span> <span class='ocrx_word' id='word_1_155' title='bbox 1801 2013 1848 2063; x_wconf 93' lang='lat'>7.</span> <span class='ocrx_word' id='word_1_156' title='bbox 1907 2011 1947 2064; x_wconf 80' lang='grc' dir='ltr'>εἰ</span> <span class='ocrx_word' id='word_1_157' title='bbox 2001 2012 2097 2076; x_wconf 84' lang='grc' dir='ltr'><em>μὲν</em></span> <span class='ocrx_word' id='word_1_158' title='bbox 2151 2012 2311 2079; x_wconf 79' lang='grc' dir='ltr'><em>εἰρήνη</em></span> <span class='ocrx_word' id='word_1_159' title='bbox 2426 2079 2427 2085; x_wconf 14' lang='lat'>¹</span> 
     </span>
     <span class='ocr_line' id='line_1_22' title="bbox 328 2093 2415 2168; baseline -0.001 -12"><span class='ocrx_word' id='word_1_160' title='bbox 328 2104 469 2157; x_wconf 75' lang='grc' dir='ltr'><em>δοκεῖ</em></span> <span class='ocrx_word' id='word_1_161' title='bbox 508 2101 656 2168; x_wconf 85' lang='grc' dir='ltr'><em>μέγα</em></span> <span class='ocrx_word' id='word_1_162' title='bbox 704 2097 902 2165; x_wconf 68' lang='grc' dir='ltr'><em>ἀγαθὸν</em></span> <span class='ocrx_word' id='word_1_163' title='bbox 942 2104 1047 2158; x_wconf 86' lang='grc' dir='ltr'><em>τοῖς</em></span> <span class='ocrx_word' id='word_1_164' title='bbox 1096 2098 1368 2164; x_wconf 66' lang='grc' dir='ltr'><em>ἀνθρώποις</em></span> <span class='ocrx_word' id='word_1_165' title='bbox 1410 2093 1575 2162; x_wconf 79' lang='grc' dir='ltr'><em>εἶναι,</em></span> <span class='ocrx_word' id='word_1_166' title='bbox 1617 2131 1691 2140; x_wconf 94' lang='grc'>-</span> <span class='ocrx_word' id='word_1_167' title='bbox 1731 2099 1773 2151; x_wconf 81' lang='grc' dir='ltr'>εἰ</span> <span class='ocrx_word' id='word_1_168' title='bbox 1808 2097 1860 2151; x_wconf 76' lang='grc' dir='ltr'>δὲ</span> <span class='ocrx_word' id='word_1_169' title='bbox 1899 2098 2128 2164; x_wconf 83' lang='grc' dir='ltr'><em>πόλεμος</em></span> <span class='ocrx_word' id='word_1_170' title='bbox 2166 2100 2315 2166; x_wconf 83' lang='grc' dir='ltr'><em>μέγα</em></span> <span class='ocrx_word' id='word_1_171' title='bbox 2361 2107 2415 2142; x_wconf 58' lang='lat'>*²⁸</span> 
     </span>
     <span class='ocr_line' id='line_1_23' title="bbox 327 2184 2316 2253; baseline -0 -9"><span class='ocrx_word' id='word_1_172' title='bbox 327 2188 522 2253; x_wconf 83' lang='grc' dir='ltr'><em>κακόν,</em></span> <span class='ocrx_word' id='word_1_173' title='bbox 576 2188 802 2242; x_wconf 83' lang='lat' dir='ltr'>emenda</span> <span class='ocrx_word' id='word_1_174' title='bbox 840 2190 868 2251; x_wconf 76' lang='grc' dir='ltr'>ἡ</span> <span class='ocrx_word' id='word_1_175' title='bbox 909 2187 1003 2251; x_wconf 82' lang='grc' dir='ltr'><em>μὲν</em></span> <span class='ocrx_word' id='word_1_176' title='bbox 1051 2187 1214 2253; x_wconf 77' lang='grc' dir='ltr'><em>εἰρήνη</em></span> <span class='ocrx_word' id='word_1_177' title='bbox 1254 2216 1327 2226; x_wconf 95' lang='grc'><strong>-</strong></span> <span class='ocrx_word' id='word_1_178' title='bbox 1369 2185 1391 2238; x_wconf 81' lang='grc' dir='ltr'><em>ὂ</em></span> <span class='ocrx_word' id='word_1_179' title='bbox 1431 2186 1483 2239; x_wconf 73' lang='grc' dir='ltr'>δὲ</span> <span class='ocrx_word' id='word_1_180' title='bbox 1538 2184 1786 2251; x_wconf 81' lang='grc' dir='ltr'><em>πόλεμος.</em></span> <span class='ocrx_word' id='word_1_181' title='bbox 1870 2185 2160 2242; x_wconf 81' lang='lat' dir='ltr'>Confirmat</span> <span class='ocrx_word' id='word_1_182' title='bbox 2203 2189 2316 2243; x_wconf 81' lang='lat' dir='ltr'>Sto·</span> 
     </span>
     <span class='ocr_line' id='line_1_24' title="bbox 329 2273 2429 2349; baseline -0.001 -16"><span class='ocrx_word' id='word_1_183' title='bbox 329 2279 531 2342; x_wconf 85' lang='lat' dir='ltr'>baeus,</span> <span class='ocrx_word' id='word_1_184' title='bbox 574 2276 716 2349; x_wconf 86' lang='lat' dir='ltr'>apud</span> <span class='ocrx_word' id='word_1_185' title='bbox 757 2292 916 2347; x_wconf 88' lang='lat' dir='ltr'>quem</span> <span class='ocrx_word' id='word_1_186' title='bbox 951 2276 974 2328; x_wconf 79' lang='grc' dir='ltr'><strong><em>ὅ</em></strong></span> <span class='ocrx_word' id='word_1_187' title='bbox 1014 2275 1065 2329; x_wconf 75' lang='grc' dir='ltr'>δὲ</span> <span class='ocrx_word' id='word_1_188' title='bbox 1100 2273 1327 2340; x_wconf 83' lang='grc' dir='ltr'><em>πόλεμος</em></span> <span class='ocrx_word' id='word_1_189' title='bbox 1370 2273 1650 2329; x_wconf 87' lang='lat' dir='ltr'>emendate</span> <span class='ocrx_word' id='word_1_190' title='bbox 1686 2275 1951 2345; x_wconf 87' lang='lat' dir='ltr'>scriptum</span> <span class='ocrx_word' id='word_1_191' title='bbox 1993 2282 2110 2340; x_wconf 87' lang='lat' dir='ltr'>est,</span> <span class='ocrx_word' id='word_1_192' title='bbox 2154 2277 2317 2330; x_wconf 85' lang='lat' dir='ltr'>inter·</span> <span class='ocrx_word' id='word_1_193' title='bbox 2388 2313 2429 2338; x_wconf 89' lang='lat'>·.</span> 
     </span>
     <span class='ocr_line' id='line_1_25' title="bbox 335 2361 2315 2435; baseline -0.001 -15"><span class='ocrx_word' id='word_1_194' title='bbox 335 2365 584 2421; x_wconf 84' lang='lat' dir='ltr'>ciderunt</span> <span class='ocrx_word' id='word_1_195' title='bbox 637 2373 817 2419; x_wconf 88' lang='lat' dir='ltr'>autem</span> <span class='ocrx_word' id='word_1_196' title='bbox 861 2367 888 2428; x_wconf 79' lang='grc' dir='ltr'>ἡ</span> <span class='ocrx_word' id='word_1_197' title='bbox 927 2363 1023 2430; x_wconf 89' lang='grc' dir='ltr'><em>μέν</em></span> <span class='ocrx_word' id='word_1_198' title='bbox 1078 2363 1132 2415; x_wconf 91' lang='lat' dir='ltr'>in</span> <span class='ocrx_word' id='word_1_199' title='bbox 1198 2362 1247 2435; x_wconf 78' lang='grc' dir='ltr'>(ἡ</span> <span class='ocrx_word' id='word_1_200' title='bbox 1302 2361 1418 2434; x_wconf 77' lang='grc' dir='ltr'><em>μὲν)</em></span> <span class='ocrx_word' id='word_1_201' title='bbox 1470 2363 1632 2430; x_wconf 80' lang='grc' dir='ltr'><em>εἰρήνη</em></span> <span class='ocrx_word' id='word_1_202' title='bbox 1685 2362 1824 2416; x_wconf 80' lang='grc' dir='ltr'><em>δοκεῖ</em></span> <span class='ocrx_word' id='word_1_203' title='bbox 1857 2363 1968 2417; x_wconf 82' lang='grc' dir='ltr'>κτὲ.</span> <span class='ocrx_word' id='word_1_204' title='bbox 2047 2363 2104 2417; x_wconf 90' lang='lat' dir='ltr'>In</span> <span class='ocrx_word' id='word_1_205' title='bbox 2161 2370 2189 2435; x_wconf 81' lang='lat'>§</span> <span class='ocrx_word' id='word_1_206' title='bbox 2232 2370 2315 2420; x_wconf 92' lang='lat'>10.</span> 
     </span>
     <span class='ocr_line' id='line_1_26' title="bbox 338 2450 2320 2524; baseline -0.001 -16"><span class='ocrx_word' id='word_1_207' title='bbox 338 2454 549 2524; x_wconf 83' lang='lat' dir='ltr'>corrige</span> <span class='ocrx_word' id='word_1_208' title='bbox 599 2453 911 2520; x_wconf 77' lang='grc' dir='ltr'><em>ςρατεύωσιν</em></span> <span class='ocrx_word' id='word_1_209' title='bbox 972 2452 1079 2506; x_wconf 75' lang='grc' dir='ltr'>ἐπὶ</span> <span class='ocrx_word' id='word_1_210' title='bbox 1131 2452 1223 2512; x_wconf 79' lang='grc' dir='ltr'>την</span> <span class='ocrx_word' id='word_1_211' title='bbox 1275 2450 1426 2504; x_wconf 81' lang='grc' dir='ltr'><em>πόλιν</em></span> <span class='ocrx_word' id='word_1_212' title='bbox 1464 2468 1559 2522; x_wconf 84' lang='lat' dir='ltr'>pro</span> <span class='ocrx_word' id='word_1_213' title='bbox 1600 2453 1670 2511; x_wconf 81' lang='grc' dir='ltr'>εἷς</span> <span class='ocrx_word' id='word_1_214' title='bbox 1725 2453 1818 2514; x_wconf 79' lang='grc' dir='ltr'>την</span> <span class='ocrx_word' id='word_1_215' title='bbox 1866 2451 2052 2517; x_wconf 85' lang='grc' dir='ltr'><em>πόλιν,</em></span> <span class='ocrx_word' id='word_1_216' title='bbox 2112 2460 2228 2506; x_wconf 79' lang='lat' dir='ltr'>tun]</span> <span class='ocrx_word' id='word_1_217' title='bbox 2271 2455 2320 2507; x_wconf 82' lang='grc' dir='ltr'><em>ἐν</em></span> 
     </span>
     <span class='ocr_line' id='line_1_27' title="bbox 339 2539 2323 2611; baseline -0.001 -14"><span class='ocrx_word' id='word_1_218' title='bbox 339 2546 658 2610; x_wconf 69' lang='grc' dir='ltr'><em>ἀσφαλεῖ</em></span> <span class='ocrx_word' id='word_1_219' title='bbox 695 2540 890 2601; x_wconf 77' lang='grc' dir='ltr'><em>παντες</em></span> <span class='ocrx_word' id='word_1_220' title='bbox 943 2540 1195 2607; x_wconf 79' lang='grc' dir='ltr'><em>νομίξουσι</em></span> <span class='ocrx_word' id='word_1_221' title='bbox 1237 2539 1518 2597; x_wconf 76' lang='grc' dir='ltr'><em>καθεςοέναι</em></span> <span class='ocrx_word' id='word_1_222' title='bbox 1574 2556 1671 2610; x_wconf 84' lang='lat' dir='ltr'>pro</span> <span class='ocrx_word' id='word_1_223' title='bbox 1722 2541 1773 2593; x_wconf 82' lang='grc' dir='ltr'><em>ἐν</em></span> <span class='ocrx_word' id='word_1_224' title='bbox 1821 2542 2118 2611; x_wconf 71' lang='grc' dir='ltr'><em>οἷσφαλεία.</em></span> <span class='ocrx_word' id='word_1_225' title='bbox 2199 2543 2239 2595; x_wconf 86' lang='lat' dir='ltr'><strong>F</strong></span> <span class='ocrx_word' id='word_1_226' title='bbox 2247 2559 2323 2596; x_wconf 76' lang='lat' dir='ltr'>re·</span> 
     </span>
     <span class='ocr_line' id='line_1_28' title="bbox 342 2627 2322 2704; baseline -0.001 -20"><span class='ocrx_word' id='word_1_227' title='bbox 342 2647 512 2704; x_wconf 85' lang='lat' dir='ltr'>quens</span> <span class='ocrx_word' id='word_1_228' title='bbox 566 2629 664 2683; x_wconf 92' lang='lat' dir='ltr'>hoc</span> <span class='ocrx_word' id='word_1_229' title='bbox 720 2635 800 2683; x_wconf 87' lang='lat' dir='ltr'>est</span> <span class='ocrx_word' id='word_1_230' title='bbox 855 2629 908 2681; x_wconf 92' lang='lat' dir='ltr'>in</span> <span class='ocrx_word' id='word_1_231' title='bbox 966 2628 1120 2682; x_wconf 83' lang='lat' dir='ltr'>libris</span> <span class='ocrx_word' id='word_1_232' title='bbox 1163 2628 1374 2681; x_wconf 81' lang='lat' dir='ltr'>vitium.</span> <span class='ocrx_word' id='word_1_233' title='bbox 1459 2627 1523 2681; x_wconf 91' lang='lat' dir='ltr'>Ut</span> <span class='ocrx_word' id='word_1_234' title='bbox 1575 2627 1764 2682; x_wconf 88' lang='lat' dir='ltr'>Latine</span> <span class='ocrx_word' id='word_1_235' title='bbox 1817 2629 1871 2681; x_wconf 78' lang='lat' dir='ltr'>in</span> <span class='ocrx_word' id='word_1_236' title='bbox 1923 2637 2028 2682; x_wconf 75' lang='grc' dir='ltr'><em>ιιιίο</em></span> <span class='ocrx_word' id='word_1_237' title='bbox 2081 2647 2189 2682; x_wconf 79' lang='lat' dir='ltr'>esse</span> <span class='ocrx_word' id='word_1_238' title='bbox 2246 2632 2322 2684; x_wconf 75' lang='lat' dir='ltr'>sia</span> 
     </span>
     <span class='ocr_line' id='line_1_29' title="bbox 346 2713 2328 2788; baseline -0.002 -12"><span class='ocrx_word' id='word_1_239' title='bbox 346 2719 547 2776; x_wconf 81' lang='lat' dir='ltr'>Graece</span> <span class='ocrx_word' id='word_1_240' title='bbox 586 2735 691 2772; x_wconf 90' lang='lat' dir='ltr'>non</span> <span class='ocrx_word' id='word_1_241' title='bbox 747 2717 904 2772; x_wconf 88' lang='lat' dir='ltr'>aliter</span> <span class='ocrx_word' id='word_1_242' title='bbox 944 2717 1145 2771; x_wconf 72' lang='lat' dir='ltr'>dIcitur</span> <span class='ocrx_word' id='word_1_243' title='bbox 1185 2733 1344 2787; x_wconf 85' lang='lat' dir='ltr'>quam</span> <span class='ocrx_word' id='word_1_244' title='bbox 1387 2717 1437 2768; x_wconf 83' lang='grc' dir='ltr'><em>ἐν</em></span> <span class='ocrx_word' id='word_1_245' title='bbox 1479 2718 1726 2784; x_wconf 75' lang='grc' dir='ltr'><em>οέσφαλεῖ</em></span> <span class='ocrx_word' id='word_1_246' title='bbox 1760 2713 1887 2771; x_wconf 79' lang='grc' dir='ltr'><em>εἶναι</em></span> <span class='ocrx_word' id='word_1_247' title='bbox 1912 2760 1926 2780; x_wconf 88' lang='grc'><em>,</em></span> <span class='ocrx_word' id='word_1_248' title='bbox 1981 2718 2328 2788; x_wconf 84' lang='lat' dir='ltr'>quemadmo-</span> 
     </span>
     <span class='ocr_line' id='line_1_30' title="bbox 350 2800 2418 2876; baseline -0 -15"><span class='ocrx_word' id='word_1_249' title='bbox 350 2807 480 2862; x_wconf 89' lang='lat' dir='ltr'>dum</span> <span class='ocrx_word' id='word_1_250' title='bbox 524 2808 574 2860; x_wconf 84' lang='grc' dir='ltr'><em>ἐν</em></span> <span class='ocrx_word' id='word_1_251' title='bbox 614 2806 858 2874; x_wconf 66' lang='grc' dir='ltr'><em>ἀκινδύνῳ</em></span> <span class='ocrx_word' id='word_1_252' title='bbox 907 2803 1035 2860; x_wconf 79' lang='grc' dir='ltr'><em>εῖναι</em></span> <span class='ocrx_word' id='word_1_253' title='bbox 1085 2805 1308 2869; x_wconf 87' lang='lat' dir='ltr'>dicunt,</span> <span class='ocrx_word' id='word_1_254' title='bbox 1351 2803 1490 2875; x_wconf 87' lang='lat' dir='ltr'>quod</span> <span class='ocrx_word' id='word_1_255' title='bbox 1544 2805 1730 2858; x_wconf 84' lang='lat' dir='ltr'>statim</span> <span class='ocrx_word' id='word_1_256' title='bbox 1767 2806 2029 2876; x_wconf 86' lang='lat' dir='ltr'>sequitur.</span> <span class='ocrx_word' id='word_1_257' title='bbox 2112 2806 2331 2872; x_wconf 79' lang='lat' dir='ltr'>Quoties</span> <span class='ocrx_word' id='word_1_258' title='bbox 2396 2800 2418 2874; x_wconf 69' lang='grc' dir='ltr'>ιζ’</span> 
     </span>
     <span class='ocr_line' id='line_1_31' title="bbox 347 2891 2427 2965; baseline -0 -16"><span class='ocrx_word' id='word_1_259' title='bbox 347 2897 397 2949; x_wconf 83' lang='grc' dir='ltr'><em>ἕν</em></span> <span class='ocrx_word' id='word_1_260' title='bbox 439 2897 685 2963; x_wconf 67' lang='grc' dir='ltr'><em>ἀσφαλεῖ</em></span> <span class='ocrx_word' id='word_1_261' title='bbox 722 2893 885 2948; x_wconf 87' lang='lat' dir='ltr'>suerit</span> <span class='ocrx_word' id='word_1_262' title='bbox 943 2894 1293 2965; x_wconf 80' lang='lat' dir='ltr'>depravatum</span> <span class='ocrx_word' id='word_1_263' title='bbox 1348 2893 1403 2945; x_wconf 91' lang='lat' dir='ltr'>in</span> <span class='ocrx_word' id='word_1_264' title='bbox 1442 2894 1491 2945; x_wconf 80' lang='grc' dir='ltr'><em>ἐν</em></span> <span class='ocrx_word' id='word_1_265' title='bbox 1532 2895 1811 2963; x_wconf 68' lang='grc' dir='ltr'><em>ἀσφαλείᾳ</em></span> <span class='ocrx_word' id='word_1_266' title='bbox 1851 2901 1931 2948; x_wconf 89' lang='lat' dir='ltr'>est</span> <span class='ocrx_word' id='word_1_267' title='bbox 1970 2911 2159 2964; x_wconf 87' lang='lat' dir='ltr'>operae</span> <span class='ocrx_word' id='word_1_268' title='bbox 2213 2913 2330 2965; x_wconf 81' lang='lat' dir='ltr'>pre-</span> <span class='ocrx_word' id='word_1_269' title='bbox 2414 2891 2427 2929; x_wconf 69' lang='lat' dir='ltr'><em>s</em></span> 
     </span>
     <span class='ocr_line' id='line_1_32' title="bbox 349 2981 2330 3054; baseline 0 -18"><span class='ocrx_word' id='word_1_270' title='bbox 349 2985 489 3036; x_wconf 81' lang='lat' dir='ltr'>tium</span> <span class='ocrx_word' id='word_1_271' title='bbox 547 2983 735 3052; x_wconf 84' lang='lat' dir='ltr'>paucis</span> <span class='ocrx_word' id='word_1_272' title='bbox 787 2989 990 3035; x_wconf 89' lang='lat' dir='ltr'>notare.</span> <span class='ocrx_word' id='word_1_273' title='bbox 1083 2982 1142 3035; x_wconf 91' lang='lat' dir='ltr'>In</span> <span class='ocrx_word' id='word_1_274' title='bbox 1202 2981 1579 3051; x_wconf 85' lang='lat' dir='ltr'>antiquissimo</span> <span class='ocrx_word' id='word_1_275' title='bbox 1636 2981 1826 3036; x_wconf 87' lang='lat' dir='ltr'>Codice</span> <span class='ocrx_word' id='word_1_276' title='bbox 1878 2998 2211 3054; x_wconf 83' lang='lat' dir='ltr'>papyrace0‚</span> <span class='ocrx_word' id='word_1_277' title='bbox 2278 2985 2330 3036; x_wconf 89' lang='lat' dir='ltr'>in</span> 
     </span>
     <span class='ocr_line' id='line_1_33' title="bbox 350 3054 2429 3142; baseline -0.002 -19"><span class='ocrx_word' id='word_1_278' title='bbox 350 3087 458 3142; x_wconf 86' lang='lat' dir='ltr'>quo</span> <span class='ocrx_word' id='word_1_279' title='bbox 511 3068 800 3142; x_wconf 80' lang='lat' dir='ltr'>Hyperidis</span> <span class='ocrx_word' id='word_1_280' title='bbox 852 3069 1189 3123; x_wconf 81' lang='lat' dir='ltr'>oratiuncula</span> <span class='ocrx_word' id='word_1_281' title='bbox 1253 3070 1374 3136; x_wconf 78' lang='grc' dir='ltr'><em>ὑπὲρ</em></span> <span class='ocrx_word' id='word_1_282' title='bbox 1427 3068 1755 3132; x_wconf 75' lang='grc' dir='ltr'><em>Εὐξενίππου</em></span> <span class='ocrx_word' id='word_1_283' title='bbox 1811 3077 2021 3135; x_wconf 84' lang='lat' dir='ltr'>exstat,</span> <span class='ocrx_word' id='word_1_284' title='bbox 2082 3072 2332 3125; x_wconf 85' lang='lat' dir='ltr'>mendose</span> <span class='ocrx_word' id='word_1_285' title='bbox 2394 3054 2429 3142; x_wconf 48' lang='lat' dir='ltr'>{J</span> 
     </span>
     <span class='ocr_line' id='line_1_34' title="bbox 349 3146 2436 3267; baseline 0 -54"><span class='ocrx_word' id='word_1_286' title='bbox 349 3159 552 3230; x_wconf 84' lang='lat' dir='ltr'>legitur</span> <span class='ocrx_word' id='word_1_287' title='bbox 603 3156 710 3212; x_wconf 83' lang='lat' dir='ltr'>Col.</span> <span class='ocrx_word' id='word_1_288' title='bbox 755 3161 843 3211; x_wconf 79' lang='lat'>45.</span> <span class='ocrx_word' id='word_1_289' title='bbox 897 3165 1891 3214; x_wconf 79' lang='grc' dir='ltr'><strong>ΕΝΑΣΦΑΛΕΙΑΙΚΑΤΕΣΤΗΣΑΝ</strong></span> <span class='ocrx_word' id='word_1_290' title='bbox 1931 3174 2027 3228; x_wconf 77' lang='lat' dir='ltr'>pro</span> <span class='ocrx_word' id='word_1_291' title='bbox 2063 3160 2114 3212; x_wconf 75' lang='grc' dir='ltr'><em>ἐν</em></span> <span class='ocrx_word' id='word_1_292' title='bbox 2153 3162 2334 3228; x_wconf 68' lang='grc' dir='ltr'><em>οὶσφοι-</em></span> <span class='ocrx_word' id='word_1_293' title='bbox 2397 3146 2436 3267; x_wconf 60' lang='lat'>&#39;¹</span> 
     </span>
     <span class='ocr_line' id='line_1_35' title="bbox 354 3245 2436 3316; baseline -0.001 -14"><span class='ocrx_word' id='word_1_294' title='bbox 354 3254 444 3302; x_wconf 90' lang='grc' dir='ltr'>λεῖ</span> <span class='ocrx_word' id='word_1_295' title='bbox 496 3245 835 3307; x_wconf 80' lang='grc' dir='ltr'><em>κατέςησαν,</em></span> <span class='ocrx_word' id='word_1_296' title='bbox 897 3245 964 3298; x_wconf 89' lang='lat' dir='ltr'>ad</span> <span class='ocrx_word' id='word_1_297' title='bbox 1015 3262 1174 3316; x_wconf 90' lang='lat' dir='ltr'>quem</span> <span class='ocrx_word' id='word_1_298' title='bbox 1239 3245 1415 3299; x_wconf 90' lang='lat' dir='ltr'>locum</span> <span class='ocrx_word' id='word_1_299' title='bbox 1491 3245 1850 3299; x_wconf 86' lang='lat' dir='ltr'>indicavimus</span> <span class='ocrx_word' id='word_1_300' title='bbox 1904 3247 2103 3301; x_wconf 82' lang='lat' dir='ltr'>vitium</span> <span class='ocrx_word' id='word_1_301' title='bbox 2170 3249 2223 3302; x_wconf 89' lang='lat' dir='ltr'>in</span> <span class='ocrx_word' id='word_1_302' title='bbox 2278 3248 2336 3301; x_wconf 85' lang='lat' dir='ltr'>li·</span> <span class='ocrx_word' id='word_1_303' title='bbox 2433 3279 2436 3299; x_wconf 69' lang='lat'><em>÷</em></span> 
     </span>
     <span class='ocr_line' id='line_1_36' title="bbox 355 3301 2436 3411; baseline 0 -22"><span class='ocrx_word' id='word_1_304' title='bbox 355 3335 469 3389; x_wconf 83' lang='lat' dir='ltr'>bris</span> <span class='ocrx_word' id='word_1_305' title='bbox 512 3332 877 3407; x_wconf 76' lang='lat' dir='ltr'>Thucydideis</span> <span class='ocrx_word' id='word_1_306' title='bbox 913 3333 979 3386; x_wconf 87' lang='lat' dir='ltr'>II.</span> <span class='ocrx_word' id='word_1_307' title='bbox 1026 3337 1115 3387; x_wconf 79' lang='lat'>75.</span> <span class='ocrx_word' id='word_1_308' title='bbox 1162 3332 1251 3386; x_wconf 87' lang='lat' dir='ltr'>ubi</span> <span class='ocrx_word' id='word_1_309' title='bbox 1292 3335 1341 3386; x_wconf 81' lang='grc' dir='ltr'><em>ἐν</em></span> <span class='ocrx_word' id='word_1_310' title='bbox 1377 3335 1628 3401; x_wconf 77' lang='grc' dir='ltr'><em>οὲσφαλεῖ</em></span> <span class='ocrx_word' id='word_1_311' title='bbox 1657 3355 1716 3387; x_wconf 87' lang='grc' dir='ltr'>τε</span> <span class='ocrx_word' id='word_1_312' title='bbox 1750 3330 1879 3386; x_wconf 77' lang='grc' dir='ltr'><em>εἶναι</em></span> <span class='ocrx_word' id='word_1_313' title='bbox 1921 3352 2023 3404; x_wconf 63' lang='lat' dir='ltr'>pro&gt;</span> <span class='ocrx_word' id='word_1_314' title='bbox 2059 3337 2109 3388; x_wconf 81' lang='grc' dir='ltr'><em>ἐν</em></span> <span class='ocrx_word' id='word_1_315' title='bbox 2150 3339 2333 3405; x_wconf 74' lang='grc' dir='ltr'><em>οέσφα-</em></span> <span class='ocrx_word' id='word_1_316' title='bbox 2433 3301 2436 3411; x_wconf 56' lang='lat' dir='ltr'>l</span> 
     </span>
     <span class='ocr_line' id='line_1_37' title="bbox 355 3415 2436 3492; baseline 0 -14"><span class='ocrx_word' id='word_1_317' title='bbox 355 3423 474 3492; x_wconf 78' lang='grc' dir='ltr'><em>λεία</em></span> <span class='ocrx_word' id='word_1_318' title='bbox 516 3421 820 3492; x_wconf 83' lang='lat' dir='ltr'>legendum.</span> <span class='ocrx_word' id='word_1_319' title='bbox 904 3421 1030 3475; x_wconf 85' lang='lat' dir='ltr'>Sine</span> <span class='ocrx_word' id='word_1_320' title='bbox 1068 3421 1198 3474; x_wconf 86' lang='lat' dir='ltr'>vitio</span> <span class='ocrx_word' id='word_1_321' title='bbox 1232 3420 1431 3490; x_wconf 82' lang='lat' dir='ltr'>legitur</span> <span class='ocrx_word' id='word_1_322' title='bbox 1465 3420 1604 3492; x_wconf 86' lang='lat' dir='ltr'>apud</span> <span class='ocrx_word' id='word_1_323' title='bbox 1643 3421 2056 3477; x_wconf 82' lang='lat' dir='ltr'>Demosthenem</span> <span class='ocrx_word' id='word_1_324' title='bbox 2099 3423 2162 3478; x_wconf 89' lang='lat' dir='ltr'>de</span> <span class='ocrx_word' id='word_1_325' title='bbox 2194 3425 2253 3478; x_wconf 82' lang='lat' dir='ltr'>F.</span> <span class='ocrx_word' id='word_1_326' title='bbox 2274 3425 2330 3478; x_wconf 89' lang='lat' dir='ltr'>L.</span> <span class='ocrx_word' id='word_1_327' title='bbox 2434 3415 2436 3428; x_wconf 84' lang='lat'>&#39;</span> 
     </span>
     <span class='ocr_line' id='line_1_38' title="bbox 362 3508 2331 3585; baseline 0 -19"><span class='ocrx_word' id='word_1_328' title='bbox 362 3515 483 3566; x_wconf 68' lang='lat'>152.</span> <span class='ocrx_word' id='word_1_329' title='bbox 524 3508 720 3565; x_wconf 73' lang='grc' dir='ltr'><em>ἅπαντ’</em></span> <span class='ocrx_word' id='word_1_330' title='bbox 761 3511 825 3563; x_wconf 89' lang='grc' dir='ltr'>ε’ν</span> <span class='ocrx_word' id='word_1_331' title='bbox 866 3511 1182 3579; x_wconf 75' lang='grc' dir='ltr'><em>οὶσφαλεῖ</em></span> <span class='ocrx_word' id='word_1_332' title='bbox 1220 3508 1290 3563; x_wconf 76' lang='grc' dir='ltr'><em>τα</em></span> <span class='ocrx_word' id='word_1_333' title='bbox 1329 3509 1602 3577; x_wconf 68' lang='grc' dir='ltr'><em>πράγμαθ’</em></span> <span class='ocrx_word' id='word_1_334' title='bbox 1639 3511 1758 3577; x_wconf 80' lang='grc' dir='ltr'><em>ὑμῖν</em></span> <span class='ocrx_word' id='word_1_335' title='bbox 1792 3511 2022 3578; x_wconf 78' lang='grc' dir='ltr'><em>ἔσεσθαι,</em></span> <span class='ocrx_word' id='word_1_336' title='bbox 2062 3519 2115 3567; x_wconf 85' lang='lat' dir='ltr'>et</span> <span class='ocrx_word' id='word_1_337' title='bbox 2156 3516 2331 3585; x_wconf 51' lang='lat'>§262</span> 
     </span>
    </p>
   </div>
   <div class='ocr_carea' id='block_1_3' title="bbox 2376 494 2436 3194">
    <p class='ocr_par' dir='ltr' id='par_1_7' title="bbox 2376 494 2436 3194">
     <span class='ocr_line' id='line_1_39' title="bbox 2376 494 2436 3194; baseline 0 0"><span class='ocrx_word' id='word_1_338' title='bbox 2376 494 2436 3194; x_wconf 95' lang='lat' dir='ltr'> </span> 
     </span>
    </p>
   </div>
  </div>
 </body>
</html>
