2436 4068
1299 232 1404 283 518

362 375 538 432 dicere
590 376 798 442 τέμενός
852 397 899 428 τι
951 376 1037 428 καὶ
1092 373 1327 439 ἄγαλμα
1369 373 1674 441 Ἡρακλέους
1723 372 1850 429 εἶναι
1890 383 1942 429 et
1999 377 2335 448 interponere

358 463 416 519 οὗ
453 468 511 528 δὴ
551 466 638 519 καὶ
679 465 928 528 ἀπόγονος
968 463 1217 527 λέγεται,
1259 479 1387 516 1111111
1433 470 1490 515 tu
1530 468 1686 532 putas
1723 461 2122 533 Xenophontem
2146 506 2158 527 ‚
2202 480 2333 516 num

359 560 420 606 tu
461 561 618 623 putas
658 552 894 605 Atticum
951 552 1267 621 scriptorem
1330 549 1459 603 haec
1520 549 1596 601 sic
1653 547 1818 602 fuisse
1875 553 2332 622 compositurum:

360 640 571 704 τέμενός
607 660 656 692 τι
696 639 782 691 καὶ
825 636 1059 702 ἄγαλμα
1091 638 1401 705 Ἡρακλέους
1425 681 1439 700 ,
1482 634 1540 690 οὗ
1576 637 1633 698 δη
1670 635 1757 689 καὶ
1798 637 2047 702 ἀπόγονος
2083 639 2332 704 λέγεται,

361 724 488 780 εἶναι
514 728 539 778 ?
620 726 900 779 Praeterea
941 742 1026 778 res
1062 733 1178 780 erat
1217 733 1335 780 tum
1379 733 1486 779 tam
1529 731 1653 777 nota
1711 730 1871 794 atque
1913 726 2159 779 omnibus
2211 742 2336 779 vera

360 821 413 868 et
465 820 611 867 certa
662 831 779 867 6336
833 812 1129 867 videbatur.
1211 815 1342 881 Quis
1395 813 1717 866 Graecorum
1773 819 1866 865 aut
1921 813 2188 867 nesciebat
2243 820 2337 866 aut

358 918 463 954 non
503 901 730 955 firmiter
767 901 1014 954 credebat
1047 903 1164 962 τοὺς
1198 907 1295 956 τῶν
1317 901 1734 966 Λακεδαιμονίων
1769 900 2029 966 βασιλέας
2070 902 2334 968 Ἡρακλεί-

357 990 450 1050 δας
490 985 660 1043 εἷναιῖ
740 989 920 1059 Neque
960 990 1129 1060 igitur
1167 1006 1299 1061 opus
1353 995 1469 1042 erat
1516 987 1570 1040 id
1619 987 1797 1041 dicere
1841 1005 2013 1058 neque
2048 989 2330 1058 quisquam

357 1077 422 1131 de
453 1093 512 1131 ea
535 1094 620 1138 re,
661 1076 726 1130 de
761 1093 867 1147 qua
907 1077 1183 1131 constabat
1222 1078 1364 1130 inter
1398 1092 1613 1138 omneS‚
1644 1092 1704 1127 eo
1741 1075 1895 1129 modo
1915 1076 2154 1129 dixisset.
2197 1075 2331 1128 Ibid.

359 1165 472 1218 VII.
515 1182 548 1218 1.
592 1169 680 1219 54.
742 1164 846 1218 duo
901 1164 1155 1218 vocabula
1211 1164 1544 1234 negligenter
1598 1163 1822 1216 traiecta
1882 1169 2025 1217 sunt.
2103 1162 2331 1216 Editur:

357 1252 572 1319 ἔνθαπερ
612 1249 697 1306 ὅτε
734 1253 1084 1318 Ἀγαμέμνων
1128 1254 1198 1312 εἷς
1237 1252 1328 1313 την
1369 1252 1550 1305 Ἀσίαν
1593 1249 1798 1313 ἐξέπλει
1852 1253 2008 1312 θύσας
2046 1248 2154 1305 εἷλε
2189 1253 2333 1319 Τροί-

355 1362 455 1405 αν,
496 1347 557 1394 tu
596 1347 882 1410 transpone
921 1339 1135 1406 ε’νθοέπερ
1189 1340 1575 1405 Ἀγαμέμνων,
1624 1336 1709 1392 ὅτε
1750 1339 1821 1399 εἰς
1875 1340 1966 1401 την
2006 1340 2187 1393 Ἀσίαν
2229 1339 2333 1403 ἐξέ-

355 1443 496 1484 πλει.
575 1427 774 1482 Eadem
813 1429 1021 1481 ratione
1060 1428 1410 1498 corrigendus
1449 1427 1597 1481 locus
1632 1432 1712 1480 est
1748 1426 1862 1479 V11.
1907 1445 1941 1480 1.
1984 1431 2073 1481 59.
2122 1429 2331 1493 ὀμνύναι

353 1522 529 1571 ταῦτα
563 1516 793 1570 ἐκέλευον
829 1517 1052 1580 βασιλεῖ
1078 1515 1166 1569 καὶ
1201 1518 1402 1576 ἑαυτοῖς
1438 1516 1555 1575 τοὺς
1587 1514 1927 1580 βουλομένους
1958 1517 2143 1584 φίλους
2172 1512 2330 1578 εἶναι,

353 1606 578 1659 restitue
617 1605 733 1664 τοὺς
773 1605 996 1668 βασιλεῖ
1024 1604 1110 1657 καὶ
1147 1605 1345 1664 ἑαυτοῖς
1382 1603 1722 1670 βουλομένους
1763 1604 1946 1671 φίλους
1987 1599 2134 1657 εἶναι.
2196 1602 2327 1656 lbid.

353 1693 466 1746 Vll.
508 1710 562 1745 11.
609 1698 694 1744 11.
736 1692 758 1744 ὁ
800 1692 850 1744 ἐν
887 1699 950 1760 τῇ
989 1697 1199 1745 Σικυῶνι
1249 1691 1466 1764 [ἄρχων]
1513 1692 1777 1756 Θηβαῖος,
1830 1691 2210 1762 interpolatum
2250 1698 2332 1745 est

352 1779 558 1849 ἄρχων,
599 1778 781 1833 confer
833 1783 861 1850 §
906 1783 990 1833 14.
1070 1779 1352 1850 Multiplici
1393 1780 1526 1832 vitio
1573 1778 1777 1832 laborat
1823 1779 1970 1832 locus
2010 1778 2122 1832 VII.
2162 1796 2231 1833 1v.
2277 1784 2326 1833 4.

354 1868 580 1929 εἰπόντος
634 1869 686 1922 δὲ
741 1868 1062 1932 Δημοτίωνος
1102 1901 1177 1910 -—
1216 1871 1280 1928 ὡς
1324 1871 1351 1931 ἡ
1389 1868 1483 1933 μὲν
1538 1867 1657 1933 πρὸς
1710 1867 1828 1927 τοὺς
1869 1866 2126 1934 Ἀρκάδας
2170 1868 2330 1936 φιλία

350 1963 521 2018 καλῶς
557 1957 696 2024 αὐτῷ
737 1957 898 2018 δοκοίη
941 1955 1289 2023 πράττεσθαι,
1339 1963 1444 2015 τοῖς
1497 1955 1669 2019 μέντοι
1722 1961 2002 2021 ςρατηγοῖς
2038 1954 2326 2022 προστάξαι

348 2045 503 2116 [ἔφη]
543 2051 766 2112 χρῆναι,
820 2051 1096 2115 praeterea
1146 2043 1260 2114 lege
1306 2044 1356 2096 ἐν
1409 2044 1478 2111 τῷ
1519 2045 1660 2111 δήμῳ
1714 2045 1783 2111 τῷ
1825 2043 2101 2105 Ἀθηναίων
2142 2049 2195 2097 el.
2233 2043 2327 2097 Κό-

347 2136 495 2200 ρινθος
538 2137 608 2187 σέι
649 2132 676 2202 ᾖ
718 2137 787 2201 τῷ
828 2134 968 2200 δήμῳ
1011 2135 1081 2200 τῷ
1127 2132 1439 2194 Ἀθηναίων,
1497 2130 1725 2202 denique
1763 2130 2066 2186 inducenda
2114 2139 2196 2186 est
2235 2148 2327 2186 vo-

348 2222 469 2276 cula
521 2222 573 2276 δέ
626 2223 680 2274 in
727 2220 943 2292 apodosi
989 2220 1304 2279 ἀκούσαντες
1372 2219 1472 2292 [δὲ]
1524 2222 1717 2272 ταῦτα.
1799 2219 2006 2273 Turbas
2063 2218 2327 2274 dederunt

348 2309 595 2365 Graeculi
635 2309 748 2363 Vll.
792 2327 860 2362 lv,
902 2311 955 2364 8.
1015 2308 1068 2360 in
1110 2307 1285 2362 verbis
1341 2310 1404 2367 ὥς
1447 2307 1556 2361 οὐδὲ
1595 2309 1715 2371 μετ’
1768 2308 1972 2362 οὐδένων
2024 2306 2089 2361 ἂν
2127 2305 2255 2369 ἥδιον
2295 2309 2326 2372 ἢ

346 2399 459 2464 μεθ’
501 2401 636 2463 ὑμῶν
671 2398 965 2461 σωθείημεν.
1047 2394 1230 2449 Solent
1271 2412 1425 2466 saepe
1461 2395 1694 2449 Atticam
1746 2395 1996 2467 loquendi
2042 2402 2325 2450 consuetu-

348 2485 526 2539 dinem
581 2485 692 2539 οὐδὲ
734 2487 823 2554 ὑφ’
866 2484 1000 2547 ἑνός,
1054 2484 1164 2538 οὐδὲ
1220 2485 1306 2552 ἐφ’
1347 2483 1418 2537 ἑνί
1438 2525 1451 2546 ,
1503 2484 1612 2538 οὐδὲ
1652 2486 1764 2537 καθ’
1805 2482 1894 2538 ἕνα
1951 2483 2213 2554 refingere
2258 2483 2325 2538 ad

345 2574 620 2644 vulgarem
659 2573 877 2627 modum
915 2574 1002 2626 ὑπ’
1035 2573 1227 2633 οὐδενός
1252 2614 1265 2635 ,
1303 2572 1388 2626 ἐπ’
1411 2573 1604 2636 οὐδενί,
1634 2577 1754 2626 κατ’
1793 2572 1985 2626 οὐδένα.
2068 2571 2233 2642 Saepe
2270 2571 2326 2625 id

344 2662 548 2715 factum
610 2679 725 2716 esse
775 2660 980 2714 videbis
1029 2660 1169 2731 apud
1231 2659 1642 2714 Demosthenem
1699 2667 2040 2731 caeterosque
2099 2661 2323 2714 Atticos,

346 2749 520 2804 Semel
559 2750 613 2802 in
655 2748 919 2803 Herodoto
954 2749 1173 2812 notavi,
1218 2748 1307 2802 ubi
1348 2747 1487 2801 VIII.
1524 2752 1614 2803 57.
1659 2748 1770 2816 περὶ
1810 2749 2044 2814 οὐδεμιῆς
2082 2750 2136 2801 in
2170 2746 2324 2801 libris

345 2845 462 2902 est,
505 2838 614 2890 οὐδὲ
667 2839 775 2903 περὶ
819 2844 940 2903 μιῆς
994 2837 1226 2891 servavit
1281 2836 1619 2890 Plutarchus,
1701 2836 1866 2890 Multo
1922 2837 2101 2890 minus
2155 2835 2318 2889 etiam

344 2925 624 2996 capiebant
662 2925 1044 2979 homunciones
1085 2924 1214 2996 quid
1254 2931 1393 2979 esset
1432 2925 1532 2979 οὐδ’
1571 2926 1662 2993 ὑφ’
1703 2922 1845 2988 ἔνων,
1885 2925 1993 2978 οὐδὲ
2022 2924 2135 2988 μεθ’
2171 2920 2320 2986 ἔνων,

345 3013 597 3084 quoniam
637 3014 828 3075 οὐδένες
869 3031 1090 3085 prorsus
1125 3012 1420 3067 obsoletum
1458 3019 1613 3067 esset.
1693 3013 2018 3067 Acutissime
2049 3010 2185 3064 vidit
2222 3011 2320 3064 Do-

342 3101 538 3155 hraeus
592 3100 984 3155 emendandum
1039 3118 1154 3155 esse
1193 3102 1302 3155 οὐδὲ
1352 3103 1464 3166 μεθ’
1514 3100 1631 3154 ἔνων
1677 3101 1853 3154 Attico
1911 3115 2060 3152 more
2111 3098 2317 3152 dictum

343 3205 441 3261 pro
477 3191 596 3253 μετ’
636 3188 857 3242 οὐδένων.
937 3189 1187 3259 Apposite
1225 3190 1281 3241 in
1333 3189 1470 3242 hanc
1513 3205 1624 3243 rem
1685 3188 1868 3242 attulit
1920 3186 2094 3241 Photii
2140 3186 2319 3240 locum

346 3277 495 3331 Οὐδ’
536 3278 638 3343 ὑφ’
679 3273 849 3329 ἕνωνῑ
891 3276 1116 3330 Ἀττικοὶ
1166 3277 1281 3330 ἀντὶ
1321 3282 1409 3331 τοῦ
1450 3279 1549 3330 ὑπ’
1590 3276 1853 3330 οὐδένων
1887 3275 2125 3340 λέγουσιν
2167 3276 2318 3342 ὑπερ-

339 3363 672 3432 βιβάζοντες.
755 3362 864 3416 Ηο6
901 3364 1076 3433 ipsum
1124 3364 1426 3435 exemplum
1482 3371 1748 3418 sumserat
1790 3365 2086 3427 Ἀττικιςής
2139 3363 2318 3417 nescio

342 3453 502 3524 quis,
565 3450 706 3505 unde
753 3449 975 3504 Photius
1029 3451 1324 3521 permultas
1382 3451 1776 3506 observationes
1830 3452 2100 3521 quantivis
2155 3450 2315 3522 pretii

343 3540 661 3611 descripsit,
703 3555 766 3593 ex
806 3537 1171 3609 Xenophontis
1212 3538 1496 3593 Hellenicis
1521 3582 1534 3603 ,
1578 3546 1630 3593 et
1670 3538 1895 3593 salutem
1936 3537 2126 3592 afferre
2175 3544 2318 3608 pote-

345 3630 419 3683 rit
458 3644 520 3683 ea
571 3627 841 3682 annotatio
887 3626 998 3682 loco
1041 3624 1442 3698 XenopllontiS‚
1487 3645 1642 3699 quem
1697 3627 1845 3684 scioli
1902 3629 2094 3683 misere
2132 3641 2318 3681 corru-
