2436 4068
1354 217 1437 252 XVI

412 359 729 431 experientis
784 374 944 429 quam
997 363 1054 410 ut
1111 371 1290 407 »urere
1345 361 1391 406 et
1449 353 1673 406 secare''
1734 353 1926 408 audeat
1984 361 2037 408 et
2104 357 2359 427 sacrilega

408 476 570 514 manu
608 476 711 512 non
756 455 1092 511 convellenda
1145 451 1454 508 convellere.
1537 452 1639 507 Sed
1678 453 1840 507 etiam
1880 455 1934 508 in
1972 454 2072 510 hac
2121 473 2180 511 re
2219 458 2360 512 timi·

406 559 470 613 da
510 567 563 613 et
603 556 899 612 verecunda
933 553 1187 609 modestia
1230 551 1323 606 uhi
1357 552 1571 607 modum
1614 554 1900 607 excesserit
1936 554 1992 607 in
2028 553 2236 610 futilem
2276 573 2362 611 su·

405 659 768 730 perstitionem
804 655 1000 716 abibit,
1041 659 1092 706 et
1133 669 1267 723 quae
1306 658 1645 707 contemnere
1676 652 1902 708 debebas
1932 654 2094 709 stulte
2137 656 2362 711 mirabe-

403 760 492 811 riS.
572 758 669 812 Ubi
728 763 934 809 veteres
983 753 1321 819 membranas
1369 754 1480 825 ipse
1532 753 1763 808 multum
1823 756 2119 810 versaveris
2171 762 2223 811 et
2277 773 2362 811 ex-

405 857 664 919 cusseriS,
725 852 1068 923 dissipabitur
1109 852 1197 906 illa
1252 854 1647 925 superstitionis
1691 854 1883 911 nebula
1937 863 1989 909 et
2043 857 2201 911 simul
2247 874 2362 928 per-

403 956 592 1027 spicies
650 970 785 1024 quae
838 953 1019 1024 spuria
1078 959 1131 1007 et
1189 955 1560 1008 commenticia
1621 955 1870 1024 genuinis
1923 954 2261 1010 adhaeserint
2308 964 2363 1011 et

402 1073 505 1129 quo
556 1060 710 1126 pacto
764 1054 868 1107 ista
914 1054 1091 1107 omnia
1141 1054 1197 1108 in
1250 1055 1505 1109 Veterum
1543 1054 1704 1108 libros
1755 1055 1893 1110 male
1945 1055 2129 1126 pedem
2171 1056 2361 1111 intule-

400 1157 528 1211 rint.
623 1153 774 1208 Nulla
831 1154 884 1207 in
940 1170 997 1208 re
1050 1161 1225 1209 tantos
1282 1155 1538 1210 clamores
1601 1155 2031 1211 dissentientium
2091 1157 2361 1211 excitabis,

401 1255 543 1310 Nihil
582 1261 663 1309 est
695 1255 837 1309 enim
868 1253 1077 1309 facilius
1110 1271 1268 1326 quam
1304 1256 1359 1309 in
1399 1255 1494 1309 tali
1534 1273 1592 1310 re
1631 1263 1725 1310 aut
1759 1257 1911 1327 queri
1951 1263 2044 1311 aut
2085 1258 2363 1312 criminari

402 1363 493 1411 aut
534 1356 665 1410 iocis
698 1356 952 1409 insectari
986 1372 1172 1410 eorum
1204 1356 1559 1410 temeritatem
1597 1357 1688 1427 qui
1735 1355 2169 1410 membranarum
2203 1357 2362 1412 fidem

402 1475 499 1530 pro
539 1456 705 1511 nihilo
743 1455 956 1510 ducant.
1036 1455 1250 1510 Modum
1290 1463 1343 1511 te
1395 1456 1647 1512 excedere
1687 1463 1739 1511 et
1791 1456 1925 1511 nihil
1970 1458 2122 1529 pensi
2173 1457 2367 1514 habere

404 1557 674 1622 fremunt,
735 1557 936 1628 optima
989 1563 1039 1611 et
1092 1557 1373 1611 sanissima
1425 1574 1666 1628 quaeque
1716 1565 1917 1612 temere
1966 1564 2018 1612 et
2072 1557 2370 1612 inconsulto

404 1674 661 1714 resecare.
741 1655 1048 1711 Ridiculum
1089 1673 1203 1711 esse
1251 1674 1311 1712 ea
1354 1658 1532 1711 omnia
1589 1674 1891 1729 expungere
1930 1658 2062 1712 velle
2100 1675 2234 1730 quae
2274 1657 2371 1712 ali-

407 1775 512 1831 quo
551 1757 706 1812 modo
745 1759 920 1812 omitti
957 1758 1272 1828 potuissent.
1352 1758 1575 1829 Dicendi
1607 1758 1904 1814 ubertatem
1955 1759 2093 1814 hanc
2131 1777 2245 1814 esse
2279 1767 2372 1814 aut

408 1865 656 1914 accurate
692 1857 956 1929 loquentis
993 1864 1086 1911 aut
1125 1859 1291 1911 animi
1328 1860 1690 1913 commotioris
1740 1860 1893 1931 plura
1945 1877 2104 1931 quam
2157 1876 2374 1915 necesse

410 1966 548 2016 esset
588 1958 924 2014 effundentis.
1005 1959 1244 2031 Denique
1281 1959 1575 2030 elegantem
1613 1966 1666 2014 et
1704 1959 1932 2032 lepidam
1974 1961 2120 2016 illam
2163 1960 2375 2016 dicendi

409 2063 612 2134 copiam
673 2077 788 2116 esse
834 2067 887 2115 et
938 2066 1083 2114 certe
1142 2060 1426 2115 Veteribus
1486 2062 1557 2115 ita
1617 2061 1849 2116 scribere
1898 2061 2195 2132 placuisse,
2250 2079 2375 2116 nam

410 2163 604 2218 nubem
646 2160 1008 2232 exemplorum
1051 2159 1231 2215 afferri
1272 2178 1453 2231 posse,
1508 2161 1599 2215 ubi
1649 2161 1846 2215 similia
1890 2178 1951 2216 ac
1989 2178 2153 2232 paene
2193 2163 2377 2218 eadem

413 2266 527 2319 sine
569 2251 675 2317 ulla
727 2261 1013 2316 offensione
1061 2260 1323 2331 legantur.
1402 2261 1508 2315 Gur
1548 2278 1633 2316 me
1691 2262 1794 2316 ista
1848 2263 2025 2316 onmia
2083 2262 2216 2317 nihil
2269 2280 2378 2318 mo·

414 2370 572 2421 veant
626 2362 772 2417 lubet
818 2363 873 2415 in
924 2378 1030 2416 uno
1066 2361 1336 2432 alteroque
1390 2361 1504 2415 loco
1556 2361 1926 2416 Demosthenis
1980 2361 2344 2418 demonstrare
2364 2377 2393 2426 ‚s

416 2482 572 2538 quem
628 2468 906 2535 propterea
962 2479 1026 2516 ex
1080 2461 1326 2515 omnibus
1381 2478 1546 2516 unum
1596 2461 1767 2533 deligo
1819 2463 2194 2533 potissimum,
2252 2480 2376 2534 quo-

417 2568 561 2621 niam
604 2569 657 2619 et
708 2563 796 2617 alii
853 2563 1153 2634 complures
1202 2564 1496 2634 pervetusti
1550 2564 1666 2618 eius
1713 2562 1930 2618 Codices
1982 2571 2270 2635 supersunt
2325 2572 2379 2619 et

418 2682 560 2721 unus
598 2666 834 2718 omnium
883 2663 1036 2735 longe
1075 2664 1568 2735 praestantissimus
1609 2664 1884 2718 Parisinus
1929 2662 1998 2727 S,
2052 2681 2208 2734 quem
2251 2681 2378 2718 non-

417 2766 551 2822 nulli
589 2770 739 2818 tanto
776 2780 932 2835 opere
966 2763 1301 2818 admirantur
1338 2771 1399 2818 ut
1438 2780 1559 2818 eum
1599 2765 1957 2818 recentiorum
2001 2763 2380 2819 additamentis

411 2884 629 2939 prorsus
679 2882 860 2919 vacare
897 2863 1219 2935 praedicent.
1300 2863 1520 2933 Legitur
1571 2865 1621 2916 in
1670 2865 1908 2918 oratione
1959 2866 2078 2932 πρὸς
2124 2867 2214 2927 τὴν
2263 2867 2379 2919 ἐπι·

416 2969 569 3030 ςολὴν
626 2967 716 3028 τὴν
762 2965 1050 3028 Φιλίππου,
1112 2980 1247 3035 quae
1289 2964 1432 3017 inter
1489 2965 1925 3020 Demosthenicas
1965 2966 2020 3018 in
2064 2965 2227 3020 Codd.
2268 2982 2376 3020 om-

415 3068 571 3123 nibus
626 3064 1038 3129 circumfertur,
1090 3081 1208 3136 pag.
1252 3068 1397 3127 155,
1442 3067 1546 3118 24:
1606 3068 1661 3119 αἱ
1719 3066 1823 3132 γὰρ
1889 3065 2157 3133 εὐπραξίαι
2219 3068 2374 3120 δειναὶ

414 3168 711 3236 συγκρύψαι
753 3167 838 3220 καὶ
884 3162 1159 3220 συσκιάσαι
1210 3163 1309 3224 τὰς
1344 3165 1607 3230 ἁμαρτίαις
1644 3170 1741 3218 τῶν
1783 3165 2045 3231 ἀνθρώπων
2094 3165 2233 3219 εἰσίν.
2313 3165 2373 3220 In

412 3271 495 3325 his
536 3271 703 3340 igitur
742 3283 930 3339 operae
964 3266 1196 3338 pretium
1234 3271 1315 3319 est
1350 3264 1530 3318 videre
1569 3264 2016 3334 quemadmodum
2057 3265 2374 3320 emblemata

414 3377 734 3435 nascantur,
775 3376 827 3423 et
867 3367 931 3421 ab
966 3367 1120 3420 initio
1169 3367 1276 3420 sint
1322 3366 1536 3419 innoxia
1578 3372 1629 3419 et
1668 3365 1732 3418 ab
1774 3382 2092 3436 unoquoque
2137 3366 2371 3420 animad-

413 3479 726 3536 vertantur,
783 3467 972 3523 deinde
1016 3466 1270 3540 paulatim
1332 3466 1701 3522 convalescant
1739 3475 1790 3519 et
1843 3466 2049 3521 radices
2097 3474 2258 3536 agant
2310 3474 2370 3519 ut

411 3572 621 3627 tandem
666 3571 750 3625 vix
798 3569 946 3625 evelli
999 3568 1218 3639 possint.
1281 3567 1619 3631 Orationem,
1673 3568 1726 3621 in
1773 3584 1874 3638 qua
1917 3567 2045 3621 haec
2098 3566 2252 3621 verba
2301 3566 2367 3620 le-
