2436 4068
1004 202 1108 252 595

63 346 284 419 phrasto
327 346 406 399 »si
434 345 570 398 hunc
606 345 723 399 licet
766 343 1029 398 Veteribus
1062 344 1409 400 adnumerare
1447 346 1537 417 qui
1576 362 1639 398 ne
1679 346 1909 400 aniculis
1943 348 2054 418 qui-

64 435 179 488 dem
220 432 407 487 Aue'cis
455 434 583 486 satis
634 433 836 486 Atticus
870 432 1206 497 videbatur,”
1256 432 1503 487 abutitur
1557 433 1735 487 iocosa
1788 434 2059 489 Ciceronis

64 519 471 575 narratiuncula
508 520 561 571 in
589 520 751 573 Bruto
792 537 906 591 cap.
934 525 1040 583 46,
1077 536 1142 574 ex
1176 537 1282 590 quo
1321 520 1437 575 loco
1478 519 1804 575 eodemiure
1841 522 2060 592 colligas

64 610 288 663 Tincam
312 624 417 661 non
439 606 571 660 bene
594 606 779 660 Latine
801 606 966 661 fuisse
990 607 1250 661 locutum.
1294 607 1698 679 Theophrastus
1728 608 2058 664 obruebatur
2144 663 2147 666 ,

65 696 132 752 ab
171 694 591 751 Atheniensibus
631 696 800 749 nescio
843 712 943 766 quo
985 713 1167 766 sapore
1218 696 1523 759 vernaculo,
1566 695 1657 750 sed
1701 697 1944 768 ineptum
1980 704 2062 752 est

63 784 282 841 credere
319 799 441 837 eum
490 799 592 835 non
646 783 845 853 optime
894 783 1071 837 Attice
1131 782 1274 852 loqui
1327 782 1569 838 solitum.
1663 785 1851 855 Itaque
1903 786 1952 839 ei
2006 786 2059 839 in

62 873 311 928 Charact.
346 887 462 942 cap.
490 870 626 925 XVI.
664 870 950 924 reddemus
984 871 1077 932 τὴν
1113 871 1273 924 οἰκίαν
1316 873 1597 939 καθῆραι
1636 873 1792 933 δεινός
1836 890 1931 944 pro
1967 894 2059 929 κα·

66 960 213 1027 θάραι
254 961 358 1014 δεῖν
396 961 496 1019 ὥς,
546 966 602 1011 ut
650 960 700 1011 in
750 957 988 1012 Palatino
1024 957 1214 1012 Codice
1258 958 1481 1028 legitur,
1532 967 1585 1013 et
1627 976 1746 1013 mox
1787 963 2060 1028 περικαθῆ-
2111 969 2146 1003 >²
2172 963 2187 976 ⁵

63 1069 144 1118 ραι
186 1064 283 1120 pro
323 1046 562 1100 eiusdem
604 1045 727 1098 libri
767 1045 996 1100 lectione
1037 1045 1396 1114 περικαθάραι.
1481 1046 1684 1100 Eodem
1729 1048 1884 1102 modo
1920 1051 2062 1121 apud

65 1134 576 1193 Demosthenemin
620 1133 767 1188 Orat.
815 1134 997 1187 XLIII.
1037 1137 1108 1187 58
1149 1150 1246 1204 pro
1289 1135 1511 1201 καθᾶραι
1563 1135 1649 1188 τὸν
1703 1137 1861 1202 δῆμον
1914 1154 2061 1209 repo-

66 1240 257 1280 nemus
311 1223 552 1287 καθῆραι,
606 1228 659 1274 et
707 1221 848 1292 apud
905 1220 1287 1292 Antiphontem
1342 1221 1427 1276 VI.
1469 1226 1559 1276 57.
1611 1223 1727 1291 πρὶν
1766 1226 1858 1286 τὴν
1900 1227 2061 1279 οἰκίαν

64 1314 276 1378 καθῆραι
331 1326 424 1381 pro
473 1310 731 1376 καθᾶραι,
787 1316 840 1363 et
889 1309 1065 1363 sicubi
1086 1309 1248 1383 ⁸idem
1297 1309 1551 1365 mendum
1593 1319 1838 1366 recurret
1876 1313 2060 1368 eodem

67 1398 305 1456 remedio
341 1405 574 1451 utemur.

142 1487 204 1542 ln
242 1484 437 1541 Oecon.
483 1483 673 1538 XVlll.
718 1486 747 1554 §
794 1487 827 1538 9
881 1482 1040 1539 verba
1094 1485 1173 1539 sic
1216 1486 1621 1541 constituerim:
1676 1492 1854 1542 ταῦτα
1901 1489 2064 1546 τοίνυν

66 1575 326 1638 ἐλελήθειν
377 1573 605 1637 ἐμαυτὸν
659 1571 1003 1637 ἑπιςάμενος,
1057 1571 1145 1626 καὶ
1197 1572 1371 1627 πάλαι
1429 1575 1570 1628 ἐννοῶ
1623 1576 1666 1629 εἰ
1723 1573 1825 1644 άρα
1864 1577 2064 1640 λέληθα

65 1663 153 1720 καὶ
191 1667 499 1732 χρυσοχοεῒν
541 1660 870 1726 ἔπιςάμενος.
950 1660 1370 1731 Coniunguntur
1408 1661 1567 1732 vulgo
1608 1662 1921 1729 ἐπιςάμενος
1970 1667 2058 1720 καὶ

0 1779 1 1804 ἦ
65 1751 271 1816 πάλαι,
312 1748 506 1805 deinde
544 1748 919 1819 subiungitur:
963 1749 1143 1803 Ἐννοῶ
1177 1747 1280 1815 ἄρα
1320 1751 1363 1804 εἷ
1404 1750 1635 1812 λέληθα,
1692 1750 1748 1804 in
1789 1769 1895 1823 qua
1932 1755 2063 1808 scri-

64 1847 225 1912 ptura
259 1844 314 1893 et
348 1839 441 1892 καί
484 1844 537 1891 et
578 1836 682 1905 ἄρα
721 1838 912 1891 vitium
956 1843 1228 1906 arguunt,
1269 1854 1500 1908 quorum
1552 1837 1681 1893 illud
1723 1839 1859 1895 [nale
1899 1840 2062 1897 abun·

0 1958 2 1984 ι
62 1928 183 1992 dat,
227 1926 325 1981 hoc
365 1926 539 1981 alieno
578 1924 692 1980 loco
731 1925 968 1997 positum
1003 1931 1103 1980 est.

142 2015 203 2070 ln
259 2031 375 2087 cap.
412 2015 531 2071 XX.
573 2018 625 2068 4.
680 2016 803 2081 άνῆρ
844 2016 898 2069 οὐ
954 2010 1227 2081 λαμβάνει
1268 2022 1409 2069 σῖτον
1457 2016 1515 2069 ἐκ
1569 2020 1658 2070 τοῦ
1710 2017 1875 2084 άγροῦ
1930 2019 2067 2073 seri-

59 2102 296 2161 bendum
332 2108 415 2158 est
453 2103 609 2169 άνήρ,
644 2109 697 2156 et
738 2102 816 2157 sic
839 2106 1038 2157 iterum
1082 2101 1414 2173 tertiumque
1455 2103 1511 2156 in
1555 2103 1619 2157 iis
1655 2120 1792 2174 quae
1826 2122 2060 2177 sequun-

69 2199 178 2249 tur.

140 2280 201 2335 ln
258 2281 288 2350 ς
333 2283 385 2334 ὅ.
444 2282 644 2333 τοιαῦτ’
698 2277 842 2340 ἐςὶν,
892 2275 929 2333 ἃ
980 2279 1308 2348 διαφέροντες
1364 2279 1687 2342 άλλήλων
1742 2280 1785 2333 οἱ
1841 2283 2061 2350 γεωργοὶ

65 2366 406 2438 διαφερόντως
445 2366 533 2421 καὶ
575 2365 859 2435 πράσσουσι
916 2367 1049 2422 πολὺ
1098 2369 1307 2433 μᾶλλον
1350 2366 1379 2430 ἢ
1421 2368 1464 2421 οἱ
1506 2367 1766 2429 δοκοῦντες
1807 2369 1967 2439 σοφόν
2011 2391 2062 2426 τι

65 2456 324 2525 εὑρηκέναι
358 2456 430 2516 εἷς
472 2454 544 2508 τὰ
582 2453 742 2521 ἔργα,
794 2453 1017 2509 confusa
1058 2461 1188 2509 sunt
1236 2454 1342 2509 duo
1386 2454 1673 2519 vocabula,
1726 2472 1865 2527 quae
1906 2473 2063 2531 saepe

67 2543 274 2611 solent,
321 2550 374 2598 et
413 2543 493 2598 sic
534 2541 738 2598 sactum
776 2549 859 2597 est
901 2550 962 2597 ut
1000 2542 1152 2597 locus
1193 2542 1473 2598 commode
1521 2543 1750 2614 intelligi
1792 2560 1896 2598 non
1940 2562 2061 2617 pos-

65 2634 156 2691 nit.
235 2630 697 2702 Διαφερόντως
752 2630 1003 2700 πράσσειν
1044 2631 1191 2686 enim
1242 2648 1348 2686 non
1394 2631 1667 2703 significat
1715 2632 2060 2703 διαφόρως

66 2722 318 2793 πράσσειν
358 2727 455 2777 aut
491 2718 741 2788 πράσσειν
774 2720 1138 2785 άνοροοίως,
1179 2719 1430 2773 dissimili
1469 2723 1684 2793 fortuna
1722 2721 1833 2785 uli,
1877 2721 2063 2795 (sicuti

66 2808 182 2868 XX.
230 2814 278 2865 1.
330 2810 451 2878 οὐχ)
510 2806 706 2869 πάντες
747 2806 1060 2875 πράσσουσιν
1101 2807 1280 2873 ὁμοίως
1322 2814 1403 2862 est
1442 2824 1542 2862 non
1584 2826 1758 2863 omnes
1791 2809 1844 2862 in
1900 2811 2067 2865 simili

69 2901 282 2974 [muna
321 2905 470 2962 sunl,
511 2895 603 2951 sed
647 2895 736 2950 alii
763 2901 891 2950 sunt
931 2894 984 2950 in
1018 2911 1075 2950 re
1111 2894 1290 2960 lauta,
1331 2893 1422 2950 alii
1465 2897 1646 2968 inopes
1688 2901 1742 2951 et
1782 2913 1904 2952 aere
1938 2898 2061 2954 alie-

70 2998 142 3043 no
178 2985 383 3060 obruti)
426 2984 518 3041 sed
574 2985 917 3055 διαφερόντως
973 2983 1223 3052 πράσσειν
1265 2989 1347 3039 est
1389 2986 1604 3057 fortuna
1646 2992 1692 3038 el
1731 2985 1914 3056 opibus
1953 3004 2063 3042 cae·

69 3080 204 3131 loros
241 3092 514 3148 superare,
553 3073 794 3128 ditiorem
834 3090 943 3128 esse
984 3081 1031 3128 et
1069 3073 1469 3145 fortunatiorem
1513 3089 1669 3144 quam
1716 3080 1969 3139 caeteros,
2010 3085 2061 3131 et

70 3162 150 3218 uic
186 3161 405 3218 demum
448 3161 772 3233 intelligitur
810 3159 940 3233 quid
977 3162 1049 3216 sit
1089 3161 1225 3216 πολὺ
1276 3164 1486 3228 μᾶλλον
1525 3161 1553 3225 ἢ
1594 3162 1638 3216 οἱ
1681 3162 1941 3224 δοκοῦντες
1979 3185 2062 3219 σο-

70 3250 173 3320 Φόν
208 3270 259 3305 τι
303 3250 563 3318 εὑρηκέναι
605 3251 677 3312 εἷς
734 3250 805 3306 τοὶ
847 3249 995 3317 ἔργα.
1076 3249 1247 3304 Erant
1294 3249 1438 3305 enim
1490 3249 1651 3304 etiam
1697 3255 1826 3304 tunc
1861 3252 1954 3321 qui
2005 3252 2059 3307 in

71 3336 403 3409 agricultura
445 3338 597 3392 novis
630 3337 952 3410 quibusdam
997 3338 1230 3393 inventis
1269 3343 1554 3393 uterentur
1580 3379 1592 3401 ‚
1637 3342 1691 3391 et
1732 3338 1895 3391 etiam
1934 3343 2065 3395 tunc

72 3424 293 3481 colonus
328 3423 557 3497 diligens
592 3434 645 3481 et
686 3426 940 3481 assiduus
989 3442 1018 3480 e
1060 3442 1117 3480 re
1153 3427 1357 3481 rustica
1399 3424 1519 3497 plus
1558 3423 1788 3479 faciebat
1830 3424 1967 3479 lucri
2010 3436 2065 3483 et

10 3530 14 3588 j
74 3511 415 3579 διαφερόντως
469 3513 695 3581 ἔπρασσε
740 3531 899 3585 quani
946 3515 1038 3586 qui
1087 3531 1346 3570 novorum
1386 3514 1726 3568 inventorum
1768 3511 2062 3571 sollertiam

10 3634 14 3647 ·
73 3614 178 3655 non
221 3599 403 3655 cadem
448 3617 575 3656 cura
614 3609 667 3657 et
704 3601 983 3672 diligentia
1037 3604 1112 3658 rei
1162 3604 1395 3658 rusticae
1450 3598 1792 3656 adhibebant.
1875 3601 2063 3673 ltaque
