2436 4068
1066 200 1172 250 519

123 351 335 419 perunt.
407 341 582 396 Stulte
627 342 769 395 cuim
828 341 1025 412 legitur
1070 342 1132 395 V.
1178 360 1247 396 ιν.
1295 347 1342 396 l.
1422 343 1816 409 Λακεδαιμόνιοι
1852 348 1953 400 οὐδ’
2007 350 2099 417 ὑφ’

123 436 260 494 ἑνὸς
296 435 393 485 τῶν
428 431 635 484 πώποτε
667 432 935 497 ἀνθρώπων
971 431 1336 496 κρατηθέντες,
1380 434 1533 502 quasi
1569 450 1704 485 unus
1744 433 1900 488 homo
1942 434 2099 507 Spar·

124 529 276 575 tanos
332 518 548 572 vincere
603 519 879 589 potuisset.
973 518 1099 572 Sine
1153 535 1302 572 mora
1347 536 1542 590 repone
1590 537 1655 575 ex
1701 521 1920 577 Photio:
1980 525 2101 578 οὐδ’

120 609 225 676 ὑφ’
262 604 412 659 ἔνων
454 608 552 659 τῶν
589 610 796 661 πώποτε
835 606 1118 672 ἀνθρώπων.
1199 606 1295 659 Est
1326 623 1517 677 operae
1551 609 1783 679 pretium
1815 610 2104 681 diligenter

124 694 551 751 animadvertere
590 710 750 765 quam
793 710 949 764 saepe
986 694 1039 746 in
1083 693 1274 764 plurali
1322 695 1515 755 οὐδένες
1570 696 1775 751 scribae
1815 697 1948 770 lapsi
1993 702 2102 755 sint

121 783 203 839 vel
247 784 424 855 potius
456 782 656 852 scripta
693 781 948 835 Veterum
991 781 1333 851 impudenter
1365 782 1794 852 depravaveriut.
1878 787 1950 842 De
1987 788 2100 860 plu-

120 873 274 927 rimis
318 870 485 933 lociS‚
545 869 633 923 ubi
683 869 818 923 mibi
863 869 993 924 haec
1047 868 1196 923 fraus
1249 869 1620 925 animadversa
1655 880 1708 926 et
1749 882 1930 930 notata
1984 884 2099 943 est,

121 975 263 1015 nunc
300 974 499 1030 paucos
535 955 793 1011 delibabo,
876 957 1032 1028 Apud
1073 957 1485 1012 Demosthenem
1532 959 1597 1013 de
1632 960 1835 1016 Corona
1875 982 1925 1035 p.
1963 968 2094 1023 527.

117 1048 341 1119 legitur:
395 1047 437 1100 εἰ
485 1047 529 1100 δ’
581 1042 677 1106 οἶος
725 1046 828 1110 ἐγὼ
874 1048 997 1112 παρ’
1046 1047 1166 1111 ὑμῖν
1220 1042 1291 1106 εἷς
1331 1047 1382 1099 ἐν
1435 1046 1596 1117 ἑκάς-η
1649 1055 1746 1102 τῶν
1786 1054 2096 1114 Ἐλληνίδων

114 1136 311 1191 πόλεων
348 1136 471 1202 ἀνὴρ
510 1133 714 1199 ἐγένετο
745 1166 822 1174 -
848 1134 1006 1196 οὐδεὶς
1039 1134 1157 1188 οὔτε
1189 1139 1285 1187 τῶν
1326 1133 1421 1197 ἔξω
1461 1141 1644 1189 Πυλῶν
1686 1139 1947 1201 Ἑλλήνων
1978 1142 2096 1196 οὔτε

114 1226 214 1279 τῶν
242 1223 357 1279 εἴσω
389 1230 496 1283 τοῖς
540 1227 755 1290 παροῦσι
792 1231 970 1284 κακοῖς
1001 1223 1239 1291 ἐκέχρητ’
1280 1220 1376 1285 ἄν,
1422 1222 1511 1277 ubi
1556 1240 1695 1278 unus
1728 1227 1971 1282 omnium
2006 1247 2095 1302 op-

116 1313 284 1366 timus
314 1313 468 1367 testis
515 1311 788 1364 Parisinus
829 1309 881 1364 S.
924 1311 1159 1364 servavit
1199 1311 1466 1378 ἐκέχρηντ’
1507 1309 1588 1365 ἄν.
1670 1311 1904 1384 Optime:
1947 1334 2095 1372 nam-

115 1416 220 1471 que
256 1416 359 1454 uon
400 1398 465 1454 de
500 1398 835 1470 singulorum
871 1397 1149 1452 hominum
1193 1398 1504 1452 infortuniis
1537 1398 1666 1454 haec
1707 1401 1966 1459 dicuntur
2003 1406 2098 1462 sed

113 1488 181 1543 de
212 1487 524 1560 populorum
560 1494 614 1541 et
652 1487 954 1541 civitatium
978 1486 1394 1540 calamitatibus,
1454 1487 1642 1558 Itaque
1663 1491 1920 1547 emenda:
1962 1495 2097 1550 οὐδὲ·
2144 1527 2145 1530 =

114 1597 195 1638 νες
227 1578 344 1632 οὔτε
381 1578 480 1631 τῶν
521 1574 616 1639 ἔξω
661 1581 845 1631 Πυλῶν
881 1577 1141 1639 Ἑλλήνων
1183 1609 1255 1618 --
1292 1576 1559 1643 ἐκέχρηντ’
1604 1574 1686 1631 ἄν.
1767 1579 1940 1635 Paene
1980 1600 2095 1638 cer-

114 1665 296 1719 nimus
335 1665 505 1720 oculis
542 1663 723 1718 sutiles
761 1662 1083 1726 GraecuIOS,
1125 1663 1218 1734 qui
1261 1665 1522 1718 mirantes
1556 1664 1685 1735 quid
1723 1675 1864 1722 esset
1901 1672 2095 1736 οὐδένες

22 1735 29 1750 ’1
111 1753 390 1824 perinepte
439 1753 599 1814 οὐδείς
642 1752 1040 1807 substituerunt
1079 1751 1171 1805 sed
1220 1752 1486 1820 ἐκέχρηντ’
1530 1750 1594 1806 ἄν
1639 1753 1976 1826 reliquerunt
2016 1761 2096 1815 in·

113 1847 337 1895 tactum.
378 1841 699 1912 Supervenit
726 1840 865 1895 alius
884 1840 977 1911 qui
1002 1846 1317 1910 corruptum
1346 1841 1504 1902 οὐδείς
1529 1842 1816 1909 retineret,
1852 1847 2096 1904 incorru-

111 1937 265 2000 ptum
323 1928 588 1998 ἐκέχρηντ’
636 1928 700 1983 ἄν
753 1928 893 1982 ultro
946 1935 1331 1999 corrumperet.
1412 1929 1638 1983 Prorsus
1691 1930 1831 1987 idem
1889 1933 2094 1992 sactum

104 2024 192 2072 est
240 2016 382 2088 apud
442 2016 852 2072 Demosthenem
915 2033 963 2088 p.
1011 2020 1153 2082 253,
1199 2019 1268 2078 2,
1323 2015 1413 2069 ubi
1459 2017 1512 2070 in
1561 2017 1686 2073 Cod.
1742 2020 1794 2074 S.
1851 2022 2090 2093 legitur:

109 2106 368 2173 πρεσβεία
405 2106 528 2173 πρὸς
575 2106 800 2160 οὐδένα
857 2105 1204 2169 οἷπεςαλμένη
1245 2109 1341 2158 τῶν
1382 2107 1643 2168 Ἐλλήνων
1669 2149 1682 2171 ,
1742 2108 2094 2180 ineptissime.

116 2194 215 2249 Per
266 2193 435 2248 multa
489 2193 700 2248 saecula
755 2210 855 2247 non
904 2194 1085 2247 minus
1137 2191 1354 2247 evidens
1404 2195 1595 2248 vitium
1657 2195 1818 2250 elusit
1871 2198 2097 2257 Criticos

110 2280 253 2353 apud
300 2281 572 2337 Demosth.
623 2299 671 2353 p.
718 2286 823 2345 14,
872 2285 954 2335 19.
1001 2283 1261 2349 χρήματα
1302 2283 1422 2347 ὑμῖν
1463 2281 1565 2338 ἔςιν
1605 2279 1702 2337 ὅσα
1746 2286 1943 2342 οὐδενὶ
1997 2295 2096 2344 τῶν

110 2368 315 2433 ἄλλων,
356 2369 448 2424 ubi
489 2371 800 2442 nuperrime
855 2369 1127 2424 Dindorfio
1168 2369 1316 2423 l'raus
1356 2369 1626 2434 suboluit,
1681 2374 1771 2443 qui
1818 2377 2096 2434 verissime

109 2458 325 2514 οὐδέσι
362 2463 461 2513 τῶν
498 2457 675 2513 ἄλλων
721 2458 1042 2513 emendavit.
1129 2459 1233 2529 lpsi
1277 2458 1613 2529 Xenophonti
1673 2461 1834 2516 redde
1890 2463 2091 2521 Hellen.

110 2544 152 2601 1.
178 2562 227 2601 v,
269 2550 319 2602 9.
359 2544 494 2608 ὅπως
523 2553 622 2601 τῶν
661 2549 921 2611 Ἐλλήνων
955 2547 1238 2612 μηδένες
1281 2547 1478 2614 ἰσχυροὶ
1514 2544 1648 2603 ὦσιν.
1727 2550 1873 2604 Cous.
1915 2553 1981 2610 V.
2022 2573 2090 2612 ιν.

113 2636 202 2690 20.
279 2634 501 2691 Dobraei
542 2635 607 2690 de
640 2652 700 2690 ea
754 2652 812 2690 re
854 2636 1128 2689 annotatio
1179 2634 1448 2706 adscripta
1488 2644 1570 2690 est
1606 2636 1671 2690 ad
1721 2638 2093 2698 Demosthenis

112 2720 501 2778 Timocrateam
563 2741 611 2795 p.
651 2728 788 2786 757,
827 2727 931 2787 25,
973 2723 1063 2777 uhi
1100 2723 1383 2777 nonnullos
1416 2723 1558 2778 locos
1617 2725 1852 2792 indicat,
1898 2731 2093 2800 quibus

51 2845 60 2859 ι
106 2810 299 2873 οὐδένες
333 2819 480 2867 recte
529 2812 791 2883 scriptum
829 2819 1021 2867 exstat.
1101 2810 1457 2866 Obscuratum
1497 2819 1578 2866 est
1618 2814 1670 2868 in
1713 2814 1905 2887 Lysiae
1946 2817 2092 2876 Orat.

48 2934 58 2947 ι
111 2895 179 2954 Π.
213 2901 302 2955 26.
341 2901 501 2962 οὐδεὶς
534 2907 632 2955 τῶν
665 2898 841 2955 ἄλλων
874 2900 1060 2956 ἔδεισεν
1101 2901 1223 2966 ὑπὲρ
1262 2905 1351 2954 τοῦ
1392 2901 1673 2966 μέλλοντος
1708 2905 1931 2959 κινδύνου
1965 2909 2093 2964 ἀλλ’

103 2985 424 3049 Amanum
465 2990 587 3056 ὑπὲρ
637 2996 730 3052 τῆς
780 2990 947 3043 αὐτῶν
1001 2990 1284 3055 ἐλευθερίας
1326 2989 1567 3053 ἥσθησαν.
1647 2990 1916 3048 Dicuntur
1962 2995 2092 3052 haec

51 3118 54 3123 .
112 3071 179 3129 do
210 3074 462 3131 Graeciae
496 3077 734 3149 populis‘,
774 3078 868 3148 qui
908 3093 1118 3149 pugnae
1157 3077 1520 3131 Maratlioniae
1556 3094 1659 3132 non
1704 3080 2091 3150 interfuerunt,

111 3176 277 3233 quare
314 3164 656 3220 scribendum
714 3166 1014 3219 necessario
1066 3173 1148 3219 est
1188 3166 1380 3227 οὐδένες
1428 3167 1526 3220 τῶν
1577 3164 1753 3220 ἄλλων
1794 3169 1991 3226 ἔδεισαν
2039 3182 2092 3227 et

113 3251 191 3305 sic
228 3250 442 3307 demum
482 3261 627 3309 recte
666 3260 720 3309 et
759 3254 1019 3308 concinne
1050 3253 1268 3316 additur
1305 3257 1433 3308 ἀλλ’
1471 3254 1788 3318 ἀκούσαντες
1827 3290 1902 3299 —
1941 3259 2093 3323 ἤσθη-

113 3356 227 3393 σαν.
308 3339 530 3413 Saepius
570 3341 753 3397 eodem
794 3341 949 3396 modo
991 3349 1268 3413 peccatum
1305 3349 1386 3396 cst
1422 3341 1584 3406 alibi,
1626 3342 1691 3397 de
1727 3345 1922 3415 quibus
1962 3347 2091 3404 locis

111 3424 215 3481 alio
254 3434 491 3500 tempore
545 3429 754 3485 dicam:
813 3430 952 3485 malo
999 3446 1142 3484 nunc
1184 3446 1354 3484 unum
1389 3429 1563 3484 locum
1606 3430 1842 3486 indicarc
1882 3433 1970 3488 ubi
2006 3440 2090 3492 οὐ-

20 3551 35 3572 -,
111 3511 245 3574 alm
300 3531 574 3588 perperam
634 3518 848 3589 legitur.
942 3518 1037 3573 Est
1091 3517 1232 3589 apud
1284 3518 1608 3573 Herodotum
1674 3518 1821 3572 locus
1862 3520 1949 3575 lx.
1997 3528 2086 3582 58.

108 3600 335 3664 διέδεξαν
375 3601 451 3658 ὅτι
501 3606 691 3667 οὐδένες
733 3606 833 3675 ἄρα
872 3608 1038 3667 ἐόντες
1080 3608 1129 3660 ἐν
1169 3608 1433 3673 οὐδαμοῖσι
1475 3608 1607 3660 ἐοῦσι
1640 3607 1864 3669 Ἕλλησι
1908 3610 2088 3666 ἐναπε-
