2436 4068
1321 210 1429 261 628

386 354 623 407 κοιῢσθοιι.
707 351 1063 406 Luculentum
1116 352 1420 423 exemplum
1459 359 1539 407 est
1590 352 1730 425 apud
1778 351 2051 407 Alexidem
2106 351 2364 406 Athenaei

388 456 438 510 p.
475 443 601 493 585.
656 439 708 491 C.
791 438 926 491 Hinc
981 439 1148 508 igitur
1201 446 1440 492 sumtum
1491 442 1864 507 προσκοιυθῆνοιι
1922 440 1988 493 ad
2050 446 2257 509 turpem
2310 446 2364 492 et
2432 462 2436 471 ·

390 525 717 596 flagitiosum
762 541 999 580 amorem
1051 527 1254 581 urbane
1296 529 1537 598 sciteque
1594 528 1915 582 translatum
1961 535 2060 582 est.
2143 526 2244 580 Sed
2287 543 2364 580 re·

388 613 484 667 deo
520 612 585 667 ad
627 629 717 677 ea,
760 613 901 668 unde
936 614 1042 668 hue
1081 614 1356 685 digressus
1395 632 1532 669 sum.
2416 613 2436 690 .'

462 700 522 753 In
573 716 687 771 cap.
723 700 813 756 IV.
859 704 947 755 52.
1005 701 1085 755 bis
1127 703 1180 755 in
1225 703 1377 757 libris
1431 701 1680 757 omnibus
1729 705 1919 759 vitiose
1973 703 2235 773 scriptum
2286 707 2367 755 est
2414 696 2423 770 ξ

386 787 552 842 οὐκέτι
594 787 741 840 οὐδὲ
785 788 932 853 μέλει
987 790 1148 844 οὐδενί
1187 796 1240 844 et
1280 792 1430 845 οὐδὲ
1472 791 1578 859 γὰρ
1619 791 1758 860 ἔχω,
1804 809 1899 864 pro
1939 791 2131 845 οὐδὲν
2178 789 2365 854 μέλει,
2415 791 2422 838 .ἶ

386 875 527 946 quod
570 875 1042 941 Hemsterhusius,
1083 884 1135 931 et
1175 879 1350 932 οὐδὲν
1394 879 1499 946 γὰρ
1541 878 1683 947 ἔχω,
1728 879 1868 950 quod
1910 877 2250 932 Heindorlius
2290 893 2366 930 re·

382 963 611 1033 vocavit.
692 963 832 1017 Haec
891 981 1101 1036 quoque
1160 968 1460 1038 scripturae
1517 967 1877 1038 discrepantia
1928 965 2193 1019 tralaticia
2250 971 2368 1025 est,

382 1057 544 1122 atque
584 1050 714 1105 adeo
752 1053 924 1104 nostri
961 1059 1042 1107 est
1085 1054 1283 1126 ubique
1332 1055 1546 1109 arbitrii
1589 1060 1859 1108 contemta
1909 1052 2050 1106 futili
2106 1052 2363 1106 Codicum

383 1141 706 1194 auctoritate
763 1141 1092 1196 constituere
1151 1144 1210 1196 ἐκ
1259 1148 1357 1196 τῶν
1415 1141 1857 1211 συμφραζομένων
1907 1148 2091 1194 utrum
2146 1139 2256 1193 οὐδέ
2297 1155 2363 1192 an
2413 1135 2436 1205 ’Τ

383 1227 522 1283 οὐδέν
563 1229 634 1282 sit
673 1227 830 1282 lectio
871 1229 1065 1285 verior.
1149 1230 1302 1284 Iuvat
1345 1247 1409 1284 ex
1451 1228 1766 1285 Oratoribus
1807 1229 2002 1282 Atticis
2044 1228 2185 1280 locos
2226 1243 2366 1280 com-
2415 1162 2436 1307 l

383 1315 657 1388 plusculos
698 1317 777 1369 sic
818 1314 1134 1387 depravatos
1188 1335 1454 1389 apponere
1508 1317 1916 1372 emendatiores.
1999 1315 2059 1368 In
2113 1315 2365 1368 Isocratis
2412 1331 2422 1395 ζ

381 1403 715 1458 Archidamo
755 1406 847 1458 80.
890 1407 1099 1475 corrige
1152 1406 1297 1460 οὐδὲ
1351 1406 1455 1473 γὰρ
1498 1404 1560 1459 ἂν
1601 1413 1798 1467 πολλῆς
1842 1403 2215 1471 πραγματείαις
2254 1403 2364 1466 δεή·
2412 1416 2421 1455 ζ

384 1513 552 1556 σειεν,
594 1490 685 1544 ubi
726 1490 864 1543 οὐδέν
905 1490 1104 1547 editur.
1186 1491 1510 1564 Antiphonti
1568 1493 1730 1547 redde
1765 1493 1830 1551 V.
1877 1496 1978 1553 45,
2035 1491 2149 1545 οὔτε
2207 1491 2257 1543 ἐν
2298 1498 2361 1558 τῇ
2416 1535 2419 1541 ,

382 1590 454 1651 γῇ
497 1586 704 1645 σημεῖον
749 1577 927 1653 (οὐδὲν)
970 1579 1080 1632 οὐδὲ
1121 1576 1258 1645 οιῖμοι
1313 1582 1520 1649 ἐφάνη,
1563 1579 1655 1634 ubi
1702 1581 2068 1635 necessarium
2108 1579 2244 1632 οὐδέν
2285 1579 2364 1631 in·
2411 1569 2436 1663 ξ

381 1669 691 1724 terciderat.
772 1666 951 1721 Redde
995 1667 1261 1722 Dinarcho
1294 1669 1357 1723 11.
1407 1674 1491 1723 15.
1532 1670 1729 1735 οέγοιθὸν
1770 1669 1864 1733 μὲν
1907 1669 2046 1734 ὑμᾶς
2088 1667 2363 1728 πεποίηκεν
2431 1663 2436 1668 ’

381 1758 566 1812 οὐδὲν
623 1756 861 1817 πώποτε,
919 1771 1015 1825 pro
1069 1756 1179 1809 οὐδὲ
1231 1757 1456 1811 πώποτε.
1539 1757 1598 1811 In
1641 1756 1875 1830 Lycurgi
1929 1757 2213 1810 Leocratea
2254 1757 2361 1817 52,

381 1843 655 1918 probanda
694 1850 775 1898 est
817 1843 1043 1896 Bekkeri
1085 1846 1382 1899 correctio:
1432 1846 1558 1899 οὐδ’
1614 1846 1717 1913 ἐφ’
1759 1846 1876 1910 ὑμῖν
1916 1844 2359 1912 ἀποψηφίσασθαι

379 1933 714 2000 Λεωκράτους
758 1948 852 2003 pro
905 1931 1090 1984 οὐδὲν
1131 1933 1268 1997 ὑμῖν.
1349 1931 1531 1987 Redde
1579 1930 1839 1987 Aeschini
1875 1931 1939 1985 II.
1984 1935 2072 1985 74.
2115 1931 2226 1999 περὶ
2265 1931 2360 1996 μὲν

379 2030 472 2087 τῆς
514 2021 764 2088 σωτηρίοις
799 2028 892 2083 τῆς
931 2018 1127 2080 πόλεως
1167 2022 1292 2074 οὐδ’
1347 2021 1629 2089 ἐνεχείρουν
1668 2020 1843 2085 λέγειν
1893 2036 1987 2091 pro
2035 2021 2219 2074 οὐδὲν
2260 2021 2359 2072 ἕνε-

377 2111 595 2179 χείρουν.
677 2106 858 2162 Redde
912 2107 1258 2162 Demostheni
1294 2110 1357 2166 X.
1405 2114 1458 2164 8.
1517 2109 1654 2163 οὐδὲν
1704 2109 2042 2176 ἐφροντίσωτε
2100 2109 2201 2162 οὐδ’
2243 2108 2357 2161 ἐπε-

378 2198 618 2268 ςροὶφητε
659 2197 806 2250 οὐδὲ
847 2195 1038 2250 τούτων
1073 2213 1168 2267 pro
1207 2199 1345 2253 οὐδὲν
1381 2198 1603 2262 τούτων,
1645 2203 1698 2251 et
1739 2196 1851 2250 XX.
1897 2200 1948 2252 7.
2007 2193 2130 2250 δ’τοιν
2167 2216 2357 2250 ποιντε-
2428 2204 2436 2215 ”

377 2291 478 2347 λῶς
530 2285 735 2351 μηδὲν
789 2283 945 2338 πλέον
999 2284 1172 2353 μέλλῃ
1223 2283 1351 2341 εἷνοιι
1405 2294 1510 2346 τοῖς
1562 2291 1774 2352 χρηςοῖς
1825 2281 1990 2345 οὖσιν,
2054 2300 2152 2355 pro
2190 2283 2354 2348 μηδὲ

378 2375 533 2430 πλέον
569 2373 742 2442 μέλλῃ
783 2371 986 2443 [μηδὲν]
1048 2370 1215 2434 εἶνοιι,
1260 2380 1312 2427 et
1353 2373 1482 2429 ibid.
1543 2375 1570 2442 §
1613 2376 1755 2436 140,
1806 2372 1991 2426 οὐδὲν
2034 2370 2135 2428 ἕςιν
2176 2370 2354 2432 ὄνειδος

379 2480 475 2535 pro
514 2462 615 2516 οὐδ’
657 2461 780 2518 ἐςίν.
824 2467 876 2513 et
916 2459 1058 2515 XXI.
1105 2462 1230 2516 122.
1270 2461 1454 2515 οὐδὲν
1503 2463 1659 2516 οιῦτὸν
1700 2458 1975 2523 ἦδικηκότοι
2019 2476 2112 2531 pro
2152 2459 2262 2514 οὐδέ
2303 2466 2357 2514 et

378 2551 568 2607 XXVI.
615 2553 705 2606 16.
761 2548 931 2602 οὐδὲν
971 2549 1225 2616 χρήσιμος
1262 2565 1358 2620 pro
1391 2548 1522 2606 οὐδέ.
1604 2548 1798 2602 Contra
1835 2555 1980 2602 reete
2016 2548 2070 2600 in
2106 2547 2354 2619 SympoS.

377 2638 518 2692 VIII.
561 2642 612 2691 5.
669 2635 1014 2691 emendatum
1055 2643 1136 2691 est
1175 2637 1495 2702 οὐδὲῆμοῖς
1534 2637 1651 2698 τοὺς
1687 2637 1968 2703 ἀνθρώπους
2004 2637 2219 2705 ὑπερορᾷ
2262 2651 2357 2706 pro
2396 2652 2436 2697 ²„

377 2727 514 2781 οὐδὲν
555 2728 727 2791 ἡμᾶς,
768 2731 819 2779 et
861 2724 1019 2779 multi
1062 2724 1236 2779 adhuc
1276 2723 1378 2778 loci
1420 2724 1652 2779 similem
1705 2723 2131 2778 emendationem
2174 2739 2354 2794 exspe·
2393 2795 2394 2799 Ἰ

377 2820 543 2868 etant.

452 2903 514 2957 In
553 2902 642 2957 IV.
690 2907 777 2957 55.
830 2904 852 2956 ὃ
891 2903 987 2968 μὲν
1024 2904 1191 2956 οιύτῶν
1221 2904 1512 2969 τιέρκοῦντοι
1545 2901 1657 2970 ἔχει
1699 2901 1785 2956 xx)
1821 2899 2189 2968 περισσεύονται
2229 2900 2348 2972 [τοὶ]

374 2999 467 3056 τῆς
524 2989 796 3054 Samium,
856 2997 1001 3044 recte
1051 2989 1358 3044 Dindorfius
1414 2990 1554 3044 male
1610 2990 1897 3060 repetitum
1962 3005 2026 3042 ex
2081 2989 2389 3059 superiore·

372 3078 575 3154 syllaba
613 3077 684 3131 τοι
727 3078 979 3133 resecuit.

451 3168 509 3222 In
542 3166 630 3220 1V.
662 3169 750 3218 56.
795 3169 987 3219 ποιοῦσι
1026 3167 1160 3220 πολὺ
1194 3168 1446 3235 δεινότεροι
1485 3171 1583 3221 τῶν
1618 3163 2045 3232 ἀπορωτέρων,
2086 3165 2192 3218 imo
2228 3182 2350 3219 vero

371 3261 468 3311 τῶν
517 3253 899 3322 οὲπορωτοὶτων,
941 3259 1002 3307 ut
1042 3255 1323 3324 occupavit
1381 3271 1638 3325 reponere
1694 3251 2019 3307 DindorfiuS.
2099 3251 2196 3306 Est
2247 3254 2351 3306 ista
2384 3244 2433 3336 ji

375 3344 629 3399 solemnis
669 3348 721 3395 et
766 3347 1023 3412 perpetua
1065 3342 1119 3394 in
1161 3341 1313 3394 libris
1368 3341 1638 3404 confusi0‚
1678 3341 1890 3411 saepius
1944 3341 2050 3394 iam
2091 3356 2122 3394 a
2161 3339 2348 3394 multis
2384 3334 2436 3414 {l

372 3437 650 3495 correcta,
690 3446 845 3500 saepe
881 3429 1042 3482 etiam
1080 3445 1223 3482 nunc
1260 3428 1594 3498 corrigenda.
2394 3437 2430 3496 ’7

449 3521 508 3574 In
571 3521 726 3588 §52
781 3516 828 3570 εἴ
876 3538 953 3577 τις
1016 3516 1215 3591 [πολλοὶ
1276 3515 1408 3584 ἔχων
1463 3515 1577 3586 κοιὶ]
1633 3516 1810 3570 πολλοὶ
1867 3518 2038 3571 ἐσθίων
2085 3515 2344 3582 μηδέποτε

371 3607 729 3674 ἐμπίπλαιτο,
774 3605 973 3677 optime
1014 3603 1256 3661 Dindorf.
1301 3604 1562 3659 emblema
1598 3605 1895 3675 expunxit:
1943 3612 2218 3676 praeterea
2253 3605 2344 3670 §pe-

2414 1932 2429 2095 :Qssut-aess-
2408 1879 2429 1902 ..ξ
2416 1743 2431 1796 5,.-
2425 1712 2436 1732 .-.,
2425 1684 2433 1695 ,
