2436 4068
1004 227 1111 277 469

70 384 246 431 tamen
288 370 689 443 Xenophontem
735 386 792 424 se
839 376 1012 423 totum
1069 369 1272 427 referre
1311 368 1660 441 opinabatur!
1740 371 1924 428 Nullas
1969 382 2045 430 ta·

69 480 190 518 men
226 463 276 515 in
323 462 439 515 eius
473 459 707 512 dictione
746 456 1085 529 deprehendo
1137 457 1320 512 sordes
1358 465 1453 512 aut
1499 474 1708 513 errores
1747 478 1810 514 cx
1853 462 2044 518 vitiosa

68 549 369 621 aequalium
423 548 658 616 συνηθείᾳ
712 554 1024 618 susceptoS‚
1084 546 1267 616 itaque
1321 545 1461 618 quod
1501 546 1771 602 Lollianus
1817 548 2045 623 deliquit

67 638 260 709 aliquis
299 643 394 690 aut
441 635 659 689 Flavius
700 634 956 706 Iosephus
995 636 1050 687 in
1105 635 1345 688 oratione
1384 634 1555 689 nitida
1599 643 1653 690 et
1704 637 1899 691 scitula
1949 639 2045 692 Ar-

68 727 206 781 riani
259 724 436 778 locum
492 740 596 777 non
637 722 812 776 habet.
891 721 1093 776 Eadem
1151 728 1230 775 est
1280 721 1466 776 Dionis
1520 722 1686 778 Cassii
1738 726 1912 790 ratio,
1953 727 2046 798 qui

66 812 279 868 dicendi
317 818 635 883 apparatum
686 816 739 864 et
794 811 1002 882 copiam
1051 810 1375 880 optimorum
1437 811 1762 883 scriptorum
1818 813 2047 868 lectione

6 887 10 891 ⁴
66 901 383 971 collegerat,
417 905 471 953 et
508 915 614 953 non
651 904 891 952 sectatur
930 897 1147 969 quidem
1180 896 1433 951 dictionis
1470 907 1804 955 venustatem
1838 908 1933 956 aut
1965 903 2043 956 ni-

69 998 269 1051 torem,
309 987 399 1042 sed
438 987 697 1040 immunis
733 994 813 1040 est
850 994 1028 1040 tamen
1082 991 1192 1038 tam
1230 983 1367 1038 foedi
1413 987 1639 1051 erroris,
1683 996 1743 1042 ut
1789 989 2046 1044 ἐδεδίεσαν

66 1078 301 1151 potuerit
339 1074 611 1138 scribere,
651 1070 998 1145 quamobrem
1043 1073 1253 1143 corrige
1287 1072 1550 1127 XXXVII.
1593 1079 1681 1129 44.
1731 1076 1926 1138 πάντες
1957 1079 2044 1133 τὸν

7 1208 9 1210 -
64 1169 330 1232 Πομπήϊον
370 1163 686 1225 ἐδέδισαν,
729 1170 782 1218 et
820 1162 951 1217 XLI.
994 1165 1045 1216 8.
1098 1161 1170 1215 τὰ
1210 1161 1354 1215 αὐτοὶ
1402 1161 1735 1228 ἐδέδισαν,
1783 1170 1837 1218 et
1872 1165 2045 1221 sicubi

61 1253 188 1310 alibi
224 1252 478 1307 occurrit.

141 1339 497 1396 Memorabilis
535 1338 822 1393 admodum
860 1344 914 1393 et
953 1336 1416 1391 animadversione
1461 1337 1624 1408 digna
1664 1345 1744 1393 est
1781 1342 2046 1414 auspiciu,

64 1447 200 1504 quae
256 1427 528 1484 Dindorfio
586 1427 654 1482 ad
703 1427 885 1499 Steph.
940 1426 1097 1480 Thes.
1153 1426 1297 1480 venit
1351 1427 1405 1478 iu
1468 1434 1704 1481 mentem
1766 1429 1852 1482 »in
1888 1448 2046 1501 prosa

66 1520 352 1575 Atticorum
375 1517 467 1570 vix
504 1517 728 1587 reperiri
762 1517 935 1579 δέδια,
973 1514 1303 1580 δεδοίκαμεν,
1344 1514 1621 1569 δεδοίκασιν
1659 1524 1708 1569 ec
1742 1516 2066 1582 δεδοικέναι,

63 1608 154 1663 sed
191 1607 295 1661 dici
332 1606 570 1667 δέδοικα,
609 1605 846 1670 δέδιμεν,
902 1603 1123 1658 δεδίασιν
1166 1611 1219 1657 et
1257 1602 1508 1666 δεδιέναι,
1569 1603 1677 1658 alia
1714 1613 1887 1661 aulem
1920 1623 2045 1676 pro-

61 1698 259 1750 miscue
296 1695 542 1767 usurpari
561 1694 614 1758 ,”
673 1709 810 1764 quae
866 1692 1000 1746 mihi
1060 1690 1276 1762 quidem
1321 1691 1603 1746 verissima
1656 1710 1774 1747 esse
1831 1693 2046 1749 videtur

61 1783 377 1839 observatio,
458 1782 725 1836 Notarunt
767 1781 987 1835 Veteres
1022 1780 1271 1850 magistri
1308 1780 1500 1834 δεδιυῖα
1537 1779 1603 1834 ah
1633 1780 1843 1835 Eubulo
1877 1782 2042 1838 semel

61 1872 286 1926 dictum.
367 1869 512 1924 Idem
569 1869 732 1924 semel
775 1870 1054 1940 usurpavit
1094 1867 1272 1932 Plato,
1314 1868 1407 1922 sed
1446 1869 1499 1922 in
1541 1870 1780 1924 oratione
1823 1870 2042 1941 grandi-

26 1958 218 2031 'loqua
256 1959 328 2013 τα
367 1956 814 2023 κατημαξευμένα
870 1959 1044 2012 vitans
1085 1957 1140 2010 in
1182 1956 1423 2011 Phaedro
1474 1973 1591 2028 pag.
1636 1961 1742 2013 254
1786 1958 1844 2013 F.
1905 1959 2042 2015 Con·

0 2048 3 2117 ᾖ
60 2049 361 2103 iunctivum
417 2047 553 2115 δεδίῃ
602 2045 836 2100 afferunt
895 2063 924 2100 e
972 2045 1212 2117 Xenoph.
1255 2046 1384 2116 Rep.
1441 2045 1631 2100 Athen.
1668 2046 1710 2102 Ι.
1761 2051 1844 2101 11.
1886 2046 1950 2101 ἂν
1990 2049 2041 2103 δὲ

57 2137 192 2204 δεδίῃ
244 2137 267 2189 o‘
317 2138 403 2196 σὸς
461 2137 635 2196 δοῦλος
692 2135 820 2200 ἐμέ,
884 2133 973 2187 ubi
1015 2149 1152 2204 quae
1210 2132 1538 2204 praecedunt
1591 2133 1759 2188 οὐκέτι
1819 2135 2043 2191 ἐνταῦθα

0 2295 3 2298 ¹
57 2231 330 2281 λυσιτελεῖ
363 2226 450 2278 τὸν
488 2225 612 2288 ἐμὸν
665 2223 840 2277 δοῦλον
885 2223 942 2275 σὲ
994 2222 1279 2276 δεδιέναι
1324 2222 1394 2295 (ἐν
1429 2223 1481 2276 δὲ
1520 2230 1584 2291 τῇ
1626 2224 1976 2290 Λακεδαίμονι
2016 2228 2042 2279 o‘

0 2314 180 2389 ιςιῐμὸς
213 2314 386 2373 δοῦλος
424 2312 480 2365 σὲ
514 2310 865 2383 δέδοικεν),
907 2309 1187 2364 Diudorfiii
1223 2309 1646 2364 observationem
1683 2313 1895 2383 egregie
1918 2330 2039 2368 con-

38 2396 291 2459 firmant.

31 2500 54 2562 f·
126 2487 448 2545 Concludam
493 2486 631 2542 hanc
683 2487 1081 2542 annotationem
1137 2486 1510 2542 emendatione
1554 2488 1719 2542 Attici
1762 2488 2038 2557 Oratoris,

30 2577 195 2651 ···npud
234 2594 394 2648 quem
456 2577 695 2641 δεδίαμεν
740 2576 931 2630 vitiose
970 2577 1234 2647 scriptum
1280 2582 1376 2629 est.
1457 2576 1554 2629 Est
1604 2575 1752 2632 locus
1799 2578 1934 2635 Isaei
1981 2581 2036 2635 in

3 2639 202 2724 ‘lomb
245 2666 307 2720 V.
351 2669 442 2719 22.
505 2665 822 2730 δεδίαμεν
881 2664 987 2731 γαρ
1033 2666 1108 2731 μὴ
1149 2663 1394 2732 ὄφλωμεν
1450 2664 1633 2728 δίκας,
1691 2667 1779 2720 cui
1836 2668 2036 2735 δέδιμεν

13 2755 168 2812 wine
203 2771 351 2809 mora
392 2752 741 2808 reddendum.

45 2876 50 2879 -
128 2843 203 2899 De
259 2843 564 2915 imperativi
614 2841 784 2895 forma
822 2840 966 2894 δέδιθι
1008 2846 1062 2894 et
1109 2840 1274 2895 δείδιθι
1337 2839 1511 2895 media
1566 2840 1722 2912 longa
1763 2842 1904 2915 apud
1944 2845 2038 2900 Ba-

42 2927 232 2987 ·brinm
271 2939 325 2985 et
378 2928 704 2984 Nicandrum
761 2930 814 2982 in
872 2929 1046 3000 priore
1092 2935 1243 3000 parte
1297 2929 1428 2983 satis
1481 2928 1734 2984 diximus.
1815 2931 2036 2989 Brevem

0 3044 3 3066 ·
48 3031 169 3076 'osse
221 3026 465 3092 oportere
505 3019 643 3073 ratio
697 3016 849 3071 docet
874 3059 887 3080 ‚
928 3033 1089 3088 quam
1131 3018 1186 3071 in
1226 3018 1392 3071 δείδιθι
1455 3016 1753 3083 HomeruS,
1798 3020 1848 3072 in
1889 3021 2035 3077 δέδιθι

45 3107 436 3181 ‘Aristophanes
472 3123 573 3162 usu
605 3105 1039 3177 comprobarunt.
1101 3103 1256 3176 Apud
1296 3104 1623 3178 Hesychium
1664 3113 1716 3160 et
1750 3107 1853 3162 alia
1890 3126 2035 3164 mon-

0 3215 3 3242 *
51 3201 165 3250 stra
203 3194 514 3267 leguntur„
546 3211 683 3266 quae
723 3193 828 3247 huc
881 3195 1180 3265 pertinent,
1234 3200 1286 3247 et
1327 3193 1637 3255 Δείληθιε
1686 3197 1890 3264 φοβοῦ,
1938 3214 2034 3251 suo

0 3282 7 3336 Ι
52 3280 167 3338 loco
217 3291 361 3338 recte
416 3284 680 3354 scriptum
742 3283 946 3336 Δείδιθι.
1027 3281 1175 3348 Quae
1230 3279 1503 3336 Dindortio
1553 3282 1769 3337 obscura
1823 3283 2037 3340 videtur

0 3387 7 3439 ι
52 3369 225 3442 glossa
276 3372 416 3426 inter
454 3372 642 3432 Δεδιώς
689 3378 743 3425 et
796 3368 982 3433 Δέδεξο
1023 3369 1198 3425 media
1239 3370 1411 3442 posita
1464 3370 1787 3431 Δεδεκώςε
1828 3372 2033 3439 δείσας,

0 3478 6 3503 ι
55 3457 240 3512 vellem
297 3457 530 3530 reliquas
582 3476 685 3514 non
742 3476 858 3514 esse
911 3458 1266 3513 obscuriores
1348 3457 1490 3512 Luce
1530 3460 1671 3513 enim
1714 3458 1913 3515 clarius
1954 3471 2035 3519 est

0 3543 4 3635 j
57 3547 392 3606 Δεδεκώςε
450 3546 608 3609 δήσας
658 3563 773 3602 csse
825 3545 1236 3602 emendandum.
1337 3546 1539 3601 Δέδεκα
1597 3545 1859 3601 Graecum
1918 3566 2033 3607 esse

0 3647 2 3651 ’
54 3630 201 3686 obliti
245 3641 368 3686 sunt
423 3633 664 3690 Editorcs
708 3634 985 3690 Aeschinis
1045 3636 1097 3689 in
1149 3634 1293 3689 Orat.
1352 3634 1416 3688 de
1459 3634 1513 3687 F.
1555 3633 1605 3686 1..
1651 3633 1690 3705 ,ξ’
1735 3639 1852 3690 134.
1907 3640 2033 3694 ἀπέ-
