2436 4068
1328 226 1433 278 290

386 373 517 427 mihi
567 371 764 441 διῴκισε
807 369 1117 441 reponenti,
1171 366 1311 437 quod
1368 367 1587 438 perinde
1638 376 1719 422 est
1758 387 1818 424 ac
1859 372 1903 424 si
1955 369 2176 425 dixisset
2234 375 2359 426 ἀνα-

383 461 571 522 ςάτους
612 459 816 521 ἐποίησε
843 500 857 523 ,
902 473 1005 527 quo
1046 471 1207 510 sensu
1246 453 1505 523 ἐξοικίζειν
1546 471 1700 510 nemo
1755 455 1887 512 dixit
1943 475 2113 529 neque
2156 465 2362 529 poterat

383 549 577 603 dicere.
657 546 976 613 Διοικίζομαι
1026 550 1079 596 et
1119 543 1341 603 διοίκισις
1385 544 1439 597 in
1481 545 1656 615 priore
1713 550 1864 614 parte
1913 544 2104 600 harum
2161 546 2360 601 Lectio-

382 653 513 690 num
558 635 629 708 (p.
666 633 777 706 68.)
833 634 888 685 in
940 631 1156 704 Lysiam
1206 631 1488 702 irrepsisse
1535 630 1744 686 ostendi
1801 648 1895 702 pro
1951 633 2255 701 ἑξοικίζομαι
2309 641 2362 688 et

381 724 653 787 ἐξοίκισις,
707 719 1038 783 contrarium
1099 735 1332 774 errorem
1377 718 1464 774 hic
1522 736 1638 774 esse
1682 721 2030 775 commissum
2080 720 2234 775 facile
2283 729 2361 776 est

383 811 451 866 ad
490 806 930 879 intelligendum:
991 806 1246 875 ἐξοικίζειν
1289 807 1427 877 quod
1478 815 1558 862 est
1598 809 1655 862 ἐκ
1704 816 1798 871 τῆς
1838 809 1998 869 οἰκίας
2039 808 2357 875 ἐκβάλλειν,

381 900 591 970 οοοίηενο
645 899 826 968 soraS,
867 895 1163 968 empellem,
1208 895 1326 948 sede
1364 913 1459 949 sua
1500 896 1812 959 exturbare,
1868 894 2256 950 alienissimum
2296 896 2361 950 ab

380 986 480 1040 hoc
521 985 634 1038 loco
673 991 789 1048 est,
849 990 903 1037 et
942 983 1081 1055 quod
1122 984 1422 1054 requiritur
1459 983 1893 1046 κατασκάπτειν,
1953 983 2359 1049 καταβάλλειν,

377 1073 641 1131 ἀνάςατον
680 1079 875 1136 ποιεῖν,
914 1070 969 1125 id
1008 1087 1133 1126 vero
1174 1070 1281 1124 dici
1321 1071 1566 1139 διοικίζειν
1615 1072 1747 1125 satis
1788 1071 2166 1125 demonstravi.
2245 1072 2356 1126 Non

377 1169 461 1217 est
498 1163 552 1215 in
594 1161 692 1215 hac
734 1176 896 1214 causa
935 1158 1264 1213 abutendum
1305 1158 1580 1230 Euripidis
1619 1159 1732 1213 loco
1766 1160 1819 1213 in
1866 1158 2081 1213 Hecuba
2120 1176 2197 1213 vs.
2221 1162 2357 1213 887:

681 1249 736 1303 ‘rc'
773 1249 854 1310 δ’;
892 1249 946 1302 οὐ
986 1252 1230 1312 γυναῖκες
1272 1243 1405 1301 εἷλον
1445 1247 1720 1312 Αἲγύπτον
1761 1246 1954 1311 τέκνα,

679 1337 765 1390 καὶ
808 1342 1014 1401 Λῆμνον
1057 1333 1208 1401 ἄρδην
1249 1335 1465 1401 ἀρσένων
1505 1333 1788 1404 ἐξῴκισαν;

380 1426 537 1480 licuit
591 1425 736 1481 enim
795 1423 1020 1492 Tragieo
1076 1422 1292 1490 ἀρσένων
1352 1421 1611 1491 ἐξοικίζειν
1670 1423 1848 1478 dicere
1905 1419 2354 1493 quemadmodum

377 1514 704 1580 ἐξομματοῦν
726 1553 741 1573 ,
774 1509 1112 1585 ἐξονυχίζειν,
1139 1509 1513 1579 ἐξακανθίζειν,
1547 1509 1843 1579 ἐξεναρίζειν
1861 1552 1876 1576 ,
1909 1509 2041 1573 alia,
2077 1526 2172 1580 pro
2192 1507 2354 1576 ἐξερη-

376 1607 504 1668 μοῦν
548 1601 734 1667 ἀνδρῶν
788 1605 842 1652 et
880 1599 958 1652 sic
1011 1598 1227 1653 demum
1284 1600 1582 1670 genitivum
1637 1599 1853 1667 ἀρσένων
1907 1604 2052 1654 recte
2098 1598 2354 1652 assumit:

372 1691 559 1761 lingua
613 1685 792 1759 populi
847 1702 949 1739 non
1003 1685 1188 1740 urbem
1246 1686 1338 1741 sed
1391 1686 1593 1740 incolas
1641 1686 1843 1741 dieitur
1891 1686 2012 1757 quis
2062 1684 2355 1752 ἐξοικίζειν,

376 1795 535 1850 quem
574 1792 730 1830 usum
773 1790 897 1827 cum
939 1774 1188 1829 omnibus
1231 1776 1285 1828 in
1333 1773 1433 1828 hac
1481 1775 1594 1846 ipsa
1636 1773 1814 1830 sabula
1853 1773 2137 1845 Euripides
2177 1773 2353 1844 sequi-

375 1875 467 1922 tur
518 1883 594 1920 vs.
636 1867 764 1918 947.

749 1951 865 2005 ἐπεί
902 1971 970 2016 με
1010 1953 1116 2016 γᾶς
1157 1951 1215 2005 ἐκ
1254 1950 1498 2019 πατρῴας
1537 1952 1807 2007 ἀπώλεσεν

751 2037 986 2107 ἐξῴκισέν
1026 2041 1074 2092 τ’
1113 2038 1256 2094 οἴκων
1297 2038 1490 2104 γάμος.

372 2138 424 2186 et
471 2131 550 2184 sic
606 2128 884 2195 εἶσοικίζειν
939 2126 1055 2181 τινα
1096 2134 1148 2181 et
1202 2126 1458 2195 ἐξοικίζειν
1517 2128 1660 2182 inter
1718 2144 1775 2181 se
1827 2131 2200 2197 opponuntur;
2261 2124 2353 2180 sed

371 2219 585 2274 conficit
624 2233 775 2279 rem,
833 2231 918 2269 me
966 2215 1178 2280 iudice,
1237 2215 1385 2270 locus
1442 2215 1851 2279 DemostheniS,
1892 2230 2053 2285 quem
2106 2212 2351 2268 lubenter

369 2308 555 2362 rhetor
612 2305 897 2366 imitatur,
959 2303 1050 2357 ubi
1106 2305 1330 2371 ἀναιρεῖν
1387 2310 1440 2358 et
1498 2304 1766 2371 διοικίζειν
1803 2306 2233 2373 componuntur,
2293 2302 2349 2354 in

369 2396 608 2450 oratione
666 2392 789 2458 ὑπὲρ
836 2397 1288 2455 Μεγαλοπολιτῶν
1348 2408 1398 2462 p.
1439 2393 1568 2447 210.
1629 2391 1717 2445 ἐὰν
1764 2392 1859 2456 μὲν
1913 2390 2204 2455 ἀναιρεθῶσι
2260 2388 2347 2444 καὶ

368 2483 728 2542 διοικισθῶσιν,
788 2480 1016 2548 ἰσχυροῖς
1075 2479 1495 2545 Λακεδαιμονίοις
1555 2478 1659 2535 ἔςιν
1717 2480 1861 2539 εὐθὺς
1918 2476 2193 2543 γενέσθαι,
2255 2477 2348 2547 qui

365 2774 590 2829 proposuit
638 2772 852 2822 edictum,
907 2775 1061 2829 optime
1108 2774 1205 2815 eod.
1249 2775 1476 2815 Vaticanus
1524 2765 1745 2824 ἐξέθηκε
1807 2775 1885 2814 Pro
1929 2761 2185 2825 δξηγθῦνῐῡ
2232 2762 2348 2812 rod:

370 2835 542 2895 λόγους
575 2839 645 2879 VI.
668 2840 742 2880 16.
779 2843 940 2894 corrige
971 2833 1260 2895 διηγοῦντο,
1295 2846 1344 2882 ut
1378 2842 1429 2882 de
1464 2842 1606 2883 eadem
1641 2856 1687 2883 re
1717 2845 1814 2911 post
1841 2855 1972 2895 pauca
2000 2847 2114 2883 recte
2149 2842 2348 2883 scribitur

370 2897 465 2943 τῶν
499 2897 816 2956 αἰχμαλώτων
848 2900 1219 2963 διηγησαμένων.
1254 2915 1298 2950 et
1331 2909 1406 2950 ΙΙΙ.
1445 2911 1487 2950 8.
1533 2904 1615 2946 καὶ
1654 2905 1741 2946 τοῦ
1791 2897 1964 2963 ἀνδρὸς
2000 2899 2347 2963 ἐξηγησαμένου

368 2966 528 3012 πάντα
560 2966 655 3009 ὅσα
702 2966 798 3013 ἀπὸ
842 2971 1056 3028 ςόματος
1104 2970 1301 3028 ἤκουσεν
1347 2978 1630 3017 necessarium
1664 2980 1730 3016 est
1761 2965 2134 3030 διηγησαμένου.
2199 2976 2347 3016 Simili-

369 3045 435 3081 ter
468 3040 544 3081 ΙΙΙ.
572 3039 648 3081 11.
693 3034 747 3079 τὸ
778 3053 864 3094 μεν
899 3036 1147 3096 Ἀλβανῶν
1175 3034 1366 3098 εὐγενὲς
1398 3034 1648 3094 διαμένει,
1687 3033 1743 3080 τὸ
1775 3033 1820 3077 δ’
1851 3033 2079 3096 ἡμέτερον
2102 3033 2348 3095 ἐξέφθαρ-

369 3117 453 3144 ται
499 3107 677 3147 restitue
721 3098 1041 3162 διέφθαρται.
1107 3110 1196 3149 Duo
1241 3109 1308 3148 his
1353 3108 1544 3149 adiiciam
1585 3122 1608 3148 e
1643 3107 1807 3147 Stobaei
1851 3107 2071 3159 Florilegio
2091 3136 2102 3157 ,
2145 3107 2343 3158 quoniam

369 3180 456 3217 tam
488 3174 708 3213 manifesta
742 3180 844 3214 sunt
876 3182 926 3216 ut
958 3189 1081 3217 nemo
1115 3176 1289 3228 obloqui
1322 3175 1469 3229 possit.
1538 3175 1684 3214 Editur
1717 3173 1859 3214 XLIII.
1898 3174 1973 3214 93.
2020 3165 2075 3210 τὸ
2111 3163 2166 3210 δὲ
2198 3182 2345 3224 μετα-

370 3231 572 3294 βατικὸν
607 3233 687 3275 καὶ
716 3230 1006 3295 ἐμπορικὸν,
1046 3235 1073 3280 ὅ
1105 3235 1163 3279 τοὶ
1195 3232 1280 3291 μὲν
1321 3233 1373 3278 ἑν
1407 3235 1467 3292 τᾷ
1508 3235 1652 3278 πόλει
1687 3233 2087 3293 περιουσιάζοντα
2129 3230 2212 3277 ἐπὶ
2258 3230 2342 3276 τοὶν

367 3297 507 3348 ξέναν
551 3294 864 3356 ὃιάγεται,
914 3299 971 3344 τὰ
1013 3297 1067 3345 δὲ
1108 3297 1203 3343 ἀπὸ
1242 3299 1326 3348 τᾶς
1363 3295 1500 3347 ξένας
1545 3314 1593 3348 ες
1629 3295 1714 3341 τάν
1749 3297 1916 3341 πόλιν.
1979 3304 2162 3345 Emenda
2195 3312 2345 3355 pieta«

370 3364 606 3430 βλατικόν
637 3374 683 3412 et
714 3361 962 3426 ἐξάγεται,
997 3380 1040 3415 et
1074 3375 1170 3428 quis
1203 3388 1402 3427 umquam
1435 3374 1480 3413 in
1515 3387 1562 3413 ea
1584 3387 1628 3412 re
1657 3373 1778 3412 aliter
1809 3373 1912 3412 dixit
1945 3385 2070 3425 quam
2115 3362 2343 3424 ἐξάγομαι

367 3448 412 3483 et
456 3430 852 3492 μεταβάλλομαι,
902 3433 1172 3493 μεταβολή,
1223 3431 1547 3491 μεταβολεύς,
1601 3429 1993 3490 μεταβλητικός)
2055 3440 2172 3479 Alter
2222 3440 2341 3480 locus

368 3514 436 3550 est
463 3507 621 3548 XCVII.
661 3506 735 3547 31.
785 3499 843 3544 τὰ
880 3504 996 3546 καθ’
1031 3500 1238 3551 ἑαυτοὺς
1276 3501 1526 3561 λιτότερον
1573 3497 1935 3560 ἐξάγουσιν,
1980 3493 2090 3545 εἶτα
2134 3497 2341 3574 ἀναγκά-

369 3568 535 3624 ζονται
586 3563 741 3610 πολλα
785 3558 850 3608 &na
898 3564 1179 3623 βούλονται.
1260 3573 1439 3614 Enwnda
1489 3563 1736 3623 λιτότερον
1782 3562 2035 3625 διάγουσιν
2081 3575 2124 3612 et
2171 3559 2235 3606 ὡν
2281 3559 2338 3606 οὐ

372 3634 463 3694 602¹
459 3635 656 3680 λονται.
