2436 4068
1031 193 1132 244 281

92 341 283 408 ἧζόμην
312 340 397 392 τὸν
434 335 685 403 χρησμόν.
766 334 916 403 Quod
957 343 1136 391 autem
1185 335 1471 393 Elmsleius
1510 346 1545 390 P
1587 343 1642 393 et
1680 346 1729 390 Δ
1786 334 2069 408 aliquoties

91 432 395 500 permutata
431 441 547 479 esse
578 424 730 479 docet
771 424 838 478 ad
877 441 954 478 vs,
990 429 1100 487 58,
1145 441 1247 479 non
1288 431 1371 479 est
1413 441 1474 479 ea
1530 425 1682 479 utilis
1726 423 2025 479 observatio
2050 465 2065 487 ‚

90 514 340 585 quoniam
383 513 420 566 ii
464 529 675 567 errores
708 529 812 566 non
852 513 957 565 orti
1006 519 1134 566 sunt
1187 530 1252 567 ex
1292 513 1647 568 similitudine
1702 512 1904 567 formae
1943 528 2068 567 ocu·

90 601 170 655 los
205 601 503 656 scribarum
545 599 782 663 fallente,
823 599 915 654 sed
951 615 1016 653 ex
1045 617 1191 654 mera
1216 602 1501 655 oscitantia
1540 618 1758 676 eorum,
1799 601 1892 672 qui
1923 599 2072 655 aliud

92 695 311 760 agentes
350 687 563 759 quidvis
603 703 699 758 pro
733 687 923 758 quovis
962 686 1350 742 describebant.
1429 689 1575 744 Fieri
1615 696 1790 762 potest.
1829 695 1890 744 ut
1933 710 1971 744 a
2014 689 2071 742 in

0 789 19 811 ·
90 778 132 844 β
171 776 449 831 transierit
488 782 542 829 et
579 774 634 827 in
666 794 705 839 y
744 781 797 829 et
837 775 892 828 in
932 796 983 839 ε,
1023 774 1117 829 sed
1166 775 1301 829 nihil
1337 776 1551 847 prodest
1597 777 1651 831 id
1691 794 1848 850 saepe
1889 783 2075 832 notare

90 873 147 920 et
184 871 312 918 sunt
345 863 446 918 hae
477 862 872 917 ohservationes
911 862 1142 919 sterileS.
1222 863 1418 917 Contra
1465 862 1758 920 foecundae
1805 871 1934 921 sunt
1981 881 2072 938 pa-

91 951 494 1024 laeographicae
558 949 1083 1015 animadversione8‚
1142 951 1339 1022 quihus
1406 952 1725 1007 mendorum
1779 954 1930 1024 origo
1997 954 2073 1008 ita

92 1041 453 1113 perspiciatur
492 1045 555 1092 ut
592 1054 622 1093 e
658 1038 850 1092 vitiosa
897 1038 1165 1110 scriptura
1208 1038 1378 1093 oculis
1411 1038 1582 1094 doctis
1621 1048 1673 1095 et
1725 1042 1901 1096 acutis
1944 1057 2075 1097 sana

91 1128 250 1185 lectio
297 1127 576 1200 pelluceat.
656 1126 878 1182 Prodest
922 1126 1350 1181 animadvertere
1390 1143 1551 1198 quam
1603 1145 1759 1201 saepe
1797 1138 1848 1184 A
1873 1170 1886 1194 ,
1931 1138 1978 1184 Δ
2020 1137 2076 1186 et

90 1226 145 1273 A
191 1215 418 1271 ridicule
465 1213 687 1270 confusa
731 1214 951 1270 fuerint.
1031 1213 1213 1270 Scatet
1256 1214 1515 1286 exemplis
1558 1215 1891 1290 Hesychius,
1947 1233 2075 1289 quo·

90 1322 215 1361 rum
253 1305 424 1360 multa
482 1305 588 1358 iam
626 1301 753 1357 alibi
794 1301 1185 1358 indicavimus:
1228 1302 1383 1374 longe
1421 1302 1656 1374 plurima
1698 1304 1800 1358 sibi
1850 1305 2079 1377 quisque

90 1394 288 1467 poterit
338 1391 623 1463 colligere,
674 1392 729 1444 in
777 1390 972 1462 quihus
1031 1392 1254 1463 antiqua
1314 1407 1508 1446 manus
1565 1391 1840 1464 perlucet,
1907 1391 2076 1447 veluti

92 1498 259 1555 quum
302 1478 460 1535 Λῖται
494 1498 675 1553 preces
711 1495 826 1534 esse
866 1478 1152 1544 dicuntur,
1194 1486 1247 1534 et
1280 1487 1456 1543 Λῆτικι
1495 1481 1664 1546 venti,
1706 1487 1759 1536 et
1779 1487 1945 1549 Δῶρος
1979 1481 2076 1536 im-

93 1578 300 1626 matura
332 1586 454 1624 nece
478 1576 688 1641 raptim,
723 1574 778 1622 et
814 1566 1058 1631 Λαγεινοὶ
1080 1568 1283 1632 tristia,
1317 1575 1366 1623 et
1390 1577 1661 1624 Σκιλλεῖον
1682 1569 2079 1634 umbraculum,

91 1660 213 1732 quis
258 1675 363 1712 non
405 1665 636 1712 veterem
673 1656 999 1727 scripturam
1038 1663 1242 1710 AITAI
1283 1664 1336 1711 et
1377 1665 1599 1712 AHTAI
1636 1665 1688 1712 et
1728 1667 1984 1714 ΑΩΡΟΣ
2024 1666 2080 1714 et

90 1755 410 1803 AAI'EINA
448 1753 501 1800 et
544 1750 940 1799 ΣΚΙΑΔΕΙΟΝ
980 1750 1257 1816 tamquam
1301 1745 1470 1800 oculis
1523 1746 1637 1800 suis
1681 1747 1896 1801 cernit?
1976 1748 2076 1804 Ea-

92 1836 215 1892 dem
264 1841 344 1889 est
400 1832 643 1901 ἐνοὶργειαι
692 1833 746 1885 ἰη
799 1831 1112 1897 erroribuS,
1166 1834 1259 1904 qui
1300 1834 1413 1887 nati
1462 1841 1589 1888 sunt
1649 1851 1713 1889 ex
1764 1834 2077 1891 confusione

95 1925 401 1980 litterarum
445 1930 485 1976 Z
542 1921 818 1993 (antiquae
869 1919 1110 1993 formae),
1165 1930 1214 1975 T
1242 1962 1254 1985 ,
1298 1931 1321 1975 Ι
1358 1928 1412 1975 et
1458 1931 1515 1976 P.
1565 1931 1605 1976 Z
1653 1930 1707 1976 et
1739 1931 1789 1977 T
1828 1925 1884 1978 in
1933 1924 2079 1979 anti·

94 2014 217 2085 quis
267 2009 586 2074 CodicibuS,
648 2009 700 2062 in
756 2009 984 2063 vetustis
1043 2009 1520 2080 inscriptionibuS,
1578 2010 1634 2064 in
1695 2013 1934 2066 nummis
1987 2013 2079 2067 vix

93 2107 316 2174 possunt
368 2097 537 2153 oculis
590 2097 861 2151 discerni:
922 2096 1047 2151 hinc
1104 2105 1263 2151 natus
1303 2105 1382 2151 est
1433 2099 1550 2152 Τὰν
1598 2102 1932 2166 Κρηταγενής
1980 2117 2079 2172 pro

93 2189 200 2245 Ζάν
225 2231 238 2253 ,
281 2195 340 2243 ut
380 2186 507 2241 alibi
546 2183 879 2239 ostendimus
904 2227 918 2250 ,
974 2192 1027 2239 et
1074 2187 1311 2248 Ζιτᾶνοσ,
1353 2187 1579 2251 Ταμίοι,
1638 2188 1811 2253 τώνα,
1851 2187 2077 2257 ἕπιζοὶξ,

90 2277 156 2334 de
195 2276 391 2349 quibus
426 2290 598 2346 nuper
635 2272 888 2327 diximus.
967 2272 1103 2328 Male
1142 2273 1283 2344 apud
1336 2273 1664 2349 Hesychium
1706 2275 1907 2348 legitur
1947 2280 2077 2343 Ἐμ-

89 2367 364 2422 vacivom-us
400 2380 495 2436 pro
526 2360 887 2428 Ἐμποιίζοντι.
969 2361 1432 2429 Quemadmodum
1477 2365 1646 2435 igitur
1678 2374 1717 2419 Z
1757 2366 1812 2419 in
1846 2374 1895 2420 T
1934 2365 2078 2429 abit,

90 2455 169 2510 sic
210 2467 613 2523 nonnumquam
669 2449 841 2503 solum
896 2459 918 2503 Ι
961 2466 1243 2522 superesse
1295 2450 1535 2516 videtur,
1592 2461 1654 2509 ut
1703 2454 1756 2508 in
1800 2453 2079 2527 Euripidis

90 2542 215 2598 Ione
267 2545 432 2598 1247.
490 2538 743 2593 Codicum
798 2546 1107 2610 corruptam
1151 2539 1478 2610 scripturam
1532 2540 1806 2609 δράκοντεσ-
1856 2543 2079 2612 ἀρχαῖόν

90 2653 139 2687 τι
181 2630 380 2703 optime
432 2626 737 2683 emendavit
787 2626 1092 2681 Badhamus
1134 2628 1187 2681 in
1242 2627 1482 2694 δράκοντε
1539 2629 1871 2698 σαρκάζοντε.
1955 2630 2078 2686 Sae-

20 2743 21 2746 ¹
91 2720 312 2793 pissime
364 2726 399 2771 P
454 2714 593 2770 male
643 2716 862 2787 irrepsit
916 2725 1119 2787 prol,
1173 2715 1339 2769 veluti
1394 2716 1534 2788 apud
1586 2717 1915 2792 Hesychium
1953 2722 2077 2773 '‘Av-

16 2825 26 2885 ᾗ,
90 2809 297 2876 &pyum
332 2803 591 2859 scribitur
629 2819 726 2875 pro
763 2801 1060 2869 ἄνδειγμοι,
1114 2803 1472 2871 Ἐρκοὲζεινε
1515 2808 1770 2861 σκώπτειν
1807 2823 1905 2878 pro
1938 2806 2077 2863 εἶκαὶ-

90 2895 230 2965 ζειν,
298 2895 563 2960 Μερῶνε
628 2890 861 2945 ἐλάσσων
921 2909 1017 2964 pro
1074 2894 1266 2958 μείων,
1317 2895 1573 2960 ’Όρεσιε
1639 2895 1919 2963 προβάτοις
1980 2913 2077 2969 pro

21 2990 24 2996 '
90 2986 265 3040 δΐεσσι.
346 2981 563 3052 Insigne
618 2978 781 3034 huius
839 2980 915 3034 rei
958 2981 1260 3053 exemplum
1314 2988 1396 3035 est
1447 2981 1588 3053 apud
1643 2982 1972 3057 Hesychium
2026 3001 2075 3040 v.

90 3070 484 3141 Ῥερπιδοὶω·
540 3069 599 3122 τὸ
653 3072 752 3135 πῦρ
811 3069 1115 3123 ἑκκαίουσιν.
1210 3070 1604 3141 Perspexerunt
1670 3071 1958 3127 Piersonus
2016 3074 2072 3127 in

92 3160 320 3217 Praesat.
362 3158 427 3214 ad
468 3155 755 3211 Moeridem
800 3174 848 3228 p.
884 3174 986 3212 xxi.
1030 3165 1083 3212 et
1124 3156 1326 3212 Alberti
1378 3157 1443 3212 ad
1488 3158 1520 3212 l.
1578 3160 1810 3214 Ῥειπίδοι
1858 3167 2076 3231 propter

91 3249 303 3320 longam
341 3245 575 3302 vocalem
623 3262 717 3317 pro
748 3247 922 3314 ῥιπίδα
964 3246 1224 3317 scriptum
1266 3245 1364 3301 hoc
1405 3255 1708 3302 monstrum
1759 3247 2075 3319 produxisse

95 3353 190 3409 pro
227 3337 519 3397 Ῥιπίδκ,
563 3331 599 3402 ᾧ
631 3335 688 3388 τὸ
730 3338 831 3402 πῦρ
865 3335 1168 3389 ἐκκαίουσιν.
1252 3333 1409 3389 Plura
1450 3335 1692 3408 exempla
1736 3334 1940 3391 Alberti
1978 3334 2073 3389 ibi·

95 3424 215 3479 «lem
274 3422 548 3478 indicavit.
634 3422 830 3477 Contra
882 3433 901 3476 1
959 3439 1053 3494 pro
1107 3432 1142 3476 P
1199 3424 1417 3494 irrepsit
1465 3425 1516 3477 in
1579 3426 1813 3478 iocosum
1867 3422 2071 3478 dictum

95 3512 383 3567 Stratonici
424 3509 563 3582 apud
605 3510 796 3565 Athen.
841 3528 888 3582 p.
930 3515 1055 3565 551.

547 3600 709 3653 ”Auzea
752 3621 828 3659 τις
871 3600 925 3659 ἣν
966 3598 1147 3662 &nacae
1190 3600 1338 3662 εἰδείη
1382 3601 1570 3669 τέχνην
1595 3643 1605 3661 ,

1690 3693 1731 3723 22
