2436 4068
992 262 1091 313 165

347 408 781 473 εὐαγγελίσωμαι
815 413 1005 474 πρῶτος
1047 409 1166 472 ὑμῖν
1212 403 1445 470 τάγαθά.

42 514 182 571 quae
216 511 279 550 ex
313 493 510 566 quibus
544 494 915 567 Aristophanis
950 494 1080 549 locis
1118 501 1320 549 temere
1357 489 1588 546 conflata
1628 492 1738 546 sint
1776 500 2023 564 exspecto

42 587 138 658 qui
173 600 259 638 me
298 582 502 638 doceat.
581 584 935 655 Perspicuum
980 589 1062 637 est
1111 582 1169 636 in
1208 579 1384 635 verbis
1421 579 1606 634 ἐκεῖνον
1654 579 1905 649 δευριοινὸν
1946 582 2026 635 δεῖ

41 673 290 728 lacunam
325 687 459 727 esse.
520 670 795 744 Scriptum
828 670 955 726 olim
994 675 1110 725 erat
1142 670 1314 736 δευριω
1338 666 1365 692 *
1388 669 1412 692 ⁴
1437 667 1463 694 *
1483 687 1534 722 ον
1569 667 1663 722 δεῖ.
1707 667 1822 723 “va
1855 668 2020 723 scribi

39 759 169 816 solet
203 758 288 824 ἴω,
328 758 520 813 lineola
555 776 692 831 pere
731 757 910 813 ducta.
991 756 1142 824 Quod
1171 755 1321 810 addit
1355 754 1698 830 Phrynichus
1729 757 1872 830 apud
1906 757 2022 811 Pla-

41 856 221 903 tonem
260 846 365 918 legi
393 850 709 912 εὖαγγελεῑς
749 852 955 918 spectat
995 844 1060 899 ad
1108 843 1283 898 locum
1328 844 1381 896 in
1425 843 1646 914 Republ.
1691 844 1780 901 IV.
1820 863 1870 918 p.
1911 849 2021 900 452

39 936 105 991 Ι).
141 932 197 990 εὖ
225 934 544 1000 ἀγγέλλεις,
583 931 616 995 ἦ
642 935 686 989 δ’
714 931 784 995 ὅς.
837 931 1086 988 Probavit
1113 934 1430 997 εὐαγγελεῒς
1466 931 1703 989 Dindorf.
1741 933 1806 988 ad
1838 933 2022 1007 Steph.

43 1022 200 1078 Thes·
241 1038 559 1094 comparans

413 1117 779 1176 κακαγγελεῖν
816 1111 914 1177 μὲν
944 1109 1040 1164 ἴσθι
1077 1110 1151 1175 μὴ
1191 1106 1405 1162 θέλοντά
1443 1126 1548 1172 με,

39 1197 182 1273 apud
218 1197 491 1254 Demosth.
524 1215 575 1271 p.
617 1203 756 1263 515,
798 1201 868 1252 22
905 1203 957 1253 et
999 1196 1279 1251 Photium:
1332 1197 1670 1260 Εὐαγγελεῖν
1721 1196 1812 1263 ὑφ’
1848 1195 1900 1251 ἓν
1937 1197 2028 1251 λε’-

38 1306 187 1356 γουσι
220 1287 307 1342 καὶ
330 1293 725 1353 κακαγγελεῒν,
755 1285 849 1342 sed
878 1286 1050 1358 poetis
1071 1284 1202 1339 haee
1240 1284 1421 1338 omnia
1454 1281 1805 1355 relinquenda
1834 1301 2024 1339 censeo

41 1381 103 1431 ut
139 1382 195 1430 et
221 1376 647 1444 ψευδαγγελεῒν,
687 1391 792 1447 quo
831 1371 1216 1445 Aristophanes
1246 1373 1421 1427 utitur
1455 1373 1511 1427 in
1539 1373 1742 1428 Avibus
1771 1390 1848 1428 vs.
1879 1377 2026 1428 1540

416 1463 573 1518 ἔοικεν
612 1465 667 1518 οὐ
707 1462 1165 1531 ψευδαγγελήσειν
1201 1458 1456 1526 ἅγγελος.

40 1566 367 1624 quamquam
408 1551 670 1622 Bergkius
711 1566 922 1622 quoque
955 1550 1196 1621 ineptum
1237 1551 1616 1618 ψευδαγγελὴς
1661 1547 1751 1603 εἶν’
1785 1546 2024 1614 ἅγγελος

41 1640 296 1697 servavit.
374 1639 616 1710 Denique
655 1641 1003 1704 εὐαγγελεῖς,
1048 1636 1211 1712 (quod
1251 1644 1397 1693 certe
1444 1638 1586 1693 idem
1637 1636 1906 1710 significat
1946 1643 2025 1692 at·

38 1742 147 1800 que
188 1726 549 1800 εὖαγγελίζει)
597 1743 628 1781 a
681 1726 919 1781 Platonis
970 1726 1238 1780 sententia
1282 1725 1520 1781 alienum
1563 1732 1672 1791 est,
1726 1743 1863 1798 quae
1915 1732 2026 1781 est:

42 1814 186 1870 Bene
215 1832 428 1879 narr-as,
465 1815 650 1887 inquil.
731 1812 1080 1869 Simillimum
1118 1821 1200 1868 est
1238 1814 1292 1867 in
1332 1814 1516 1869 eadem
1553 1831 1612 1869 re
1646 1814 1791 1868 καλὰ
1831 1815 1890 1878 δὴ
1924 1835 2024 1868 ποι-

37 1909 256 1969 ταγεῒς,
297 1919 404 1974 quo
444 1902 592 1957 Plato
641 1903 819 1957 utitur
869 1902 924 1955 in
964 1901 1306 1976 Euthydemo
1346 1919 1464 1975 pag.
1509 1906 1616 1958 295
1657 1903 1719 1958 D.
1766 1901 1857 1956 ubi
1903 1902 2027 1956 libri

43 1991 190 2046 καλαὶ
222 1992 282 2053 335
315 1990 493 2045 πάντα
522 1990 730 2056 λέγεις,
771 1989 1057 2045 scholiasta
1093 1991 1272 2045 καλὰ
1304 1991 1375 2053 δὴ
1416 1990 1604 2046 πάντ’
1638 1989 1863 2056 ἄγειςε
1905 1990 2023 2046 ἀντὶ

39 2084 131 2133 τοῦ
171 2079 503 2144 ἀγγέλλεις,
545 2078 631 2132 ἐπὶ
669 2085 767 2134 τῶν
812 2077 960 2133 αἴσια
1010 2078 1400 2144 αγγελλόντων.
1480 2078 1825 2147 Ἀριςοφάνης
1865 2087 2026 2147 Γεωρ-

0 2173 175 2233 7074·-
257 2166 412 2220 Hunc
449 2182 660 2238 quoque
705 2165 986 2221 flosculum
1025 2181 1088 2220 ex
1141 2166 1497 2239 Aristophane
1544 2165 1692 2221 Plato
1738 2166 2026 2239 decerpsit.

0 2252 4 2281 '
40 2252 235 2309 Veram
269 2252 552 2309 lectionem
588 2255 821 2309 servavit
856 2252 1156 2327 Hesychius
1193 2253 1284 2308 ubi
1326 2254 1553 2310 stolidus
1598 2253 1774 2309 scriba
1815 2255 2025 2319 κοιλάδη

38 2350 302 2403 sacravere,-
353 2341 517 2397 dedit.
612 2341 907 2410 Emendate
960 2340 1210 2407 photius,
1263 2359 1423 2415 quem
1483 2342 1676 2398 Suidas
1734 2343 2026 2407 describit,

41 2428 185 2489 unde
229 2430 333 2485 viri
391 2429 535 2485 docti
601 2430 874 2486 Platonem
941 2429 1314 2486 emendarunt.
1415 2432 1676 2503 Bergkius
1735 2439 1914 2487 tamen
1970 2433 2025 2487 in

41 2516 416 2591 Aristophanis
454 2518 568 2574 loco
598 2520 852 2573 vitiosum
893 2518 1039 2574 καλοὶ
1074 2519 1132 2582 δὴ
1162 2519 1319 2574 πάντ’
1358 2519 1511 2587 ἄγεις
1553 2520 1795 2575 retinuit.

22 2606 62 2683 tl
114 2605 434 2662 Percurram
475 2623 620 2662 nunc
659 2606 1032 2679 Aristophanis
1065 2606 1348 2679 reliquiaS‚
1394 2609 1447 2663 in
1489 2607 1685 2681 quibus
1726 2625 1891 2680 paene
1925 2610 2025 2664 oti-

172 2693 299 2750 secit
335 2694 521 2750 sollers
554 2701 608 2750 et
642 2702 801 2750 acuta
835 2696 1147 2750 criticorum
1182 2695 1482 2762 industria,
1527 2695 1618 2751 sed
1654 2712 1810 2751 nemo
1843 2699 2024 2753 omnia

141 2784 285 2839 ausit
322 2789 417 2838 aut
451 2784 679 2856 reperit:
720 2790 967 2857 superest
999 2790 1052 2838 et
1089 2782 1241 2838 nobis
1273 2783 1502 2856 aliquid:
1546 2785 1709 2839 etiam
1747 2792 1865 2859 post
1901 2803 2024 2841 ven-

138 2870 181 2926 's
217 2870 420 2943 aliquid
459 2872 744 2945 supererit.

30 2931 67 2976 '⁶
114 2958 456 3015 Manifestum
488 2965 644 3016 teneo
675 2959 977 3015 scribarum
1006 2958 1263 3015 mendum
1294 2960 1350 3015 in
1386 2959 1581 3017 Anecd.
1618 2961 1782 3017 Bekk.
1814 2979 1865 3035 p.
1891 2967 2021 3029 531,

149 3046 520 3116 ’Λγοράσαιι
556 3048 796 3115 λέγουσι,
837 3049 896 3103 τὸ
932 3048 976 3102 δ’
1014 3050 1268 3117 ἀγορῶν
1302 3048 1600 3119 βάρβαρον.
1654 3052 2022 3119 παραδειγμά-

173 3134 224 3190 ὃὲ
259 3136 404 3202 uec&
443 3136 642 3192 πάντα.
723 3136 826 3205 Qui
867 3135 997 3192 haec
1036 3136 1164 3192 olim
1205 3138 1422 3210 scripsit
1460 3137 1668 3194 volebat
1713 3139 1904 3196 docere
1941 3140 2022 3196 l'u-

35 3290 47 3300 ..
138 3222 151 3236 ’
192 3221 419 3279 formam
462 3226 659 3293 ἆγορᾶν
710 3222 992 3280 barbaram
1042 3240 1183 3281 esse:
1224 3225 1579 3283 Athenienses
1611 3226 1791 3283 dicere
1823 3228 2021 3297 ἀγορά-

68 3368 71 3370 o
102 3330 148 3367 w
184 3318 237 3368 et
269 3312 635 3385 exemplorum
668 3313 847 3367 omnia
883 3312 1037 3385 plena
1077 3330 1209 3369 esse.
1290 3313 1459 3370 Affert
1497 3322 1678 3371 tamen
1715 3332 1780 3371 ex
1818 3317 2018 3371 Aristo-

44 3392 217 3483 ‘ane
253 3400 496 3469 ἀγοράσω
538 3401 548 3475 Ι
587 3399 956 3465 ‘An-affinxit&
1000 3401 1075 3457 8ae
1115 3402 1180 3457 ἂν
1219 3402 1449 3475 κελεύῃς.
1527 3403 1768 3476 Namque
1813 3403 2020 3458 duobus

48 3484 218 3543 nodis
250 3487 305 3542 in
346 3486 430 3543 his
466 3490 740 3563 sequior-es
775 3506 996 3562 peccare
1034 3489 1299 3545 solebant:
1341 3496 1435 3546 aut
1471 3498 1776 3547 contractas
1821 3491 2022 3546 Attico-

50 3585 168 3631 mm
203 3574 399 3630 formas
434 3577 570 3633 male
603 3577 938 3634 resolvebant
967 3578 1139 3633 ἕλοὶσω
1174 3577 1440 3645 dicentes,
1480 3579 1742 3644 ἕξελοὲσω,
1784 3577 2024 3645 βιβάσω,

31 3658 488 3729 «ἀναβιβάσομαι,
531 3666 831 3733 lacn-erdem,
874 3667 1101 3737 κεράσω,
1145 3666 1383 3735 κρεμάσω
1441 3669 1559 3724 sim.
1618 3674 1714 3722 aut
1754 3666 2029 3723 contrahe·

1660 3759 1698 3790 13
1726 3755 1747 3776 ¹⁸
