2436 4068
1326 186 1433 237 770

386 334 639 398 πέμποιτο
690 335 1067 391 tentaverunt,
1108 327 1414 381 Dindorfius
1459 328 1718 383 intellexit
1759 330 1845 384 καὶ
1898 329 2134 395 ἐξάγοιτο
2177 349 2236 386 ex
2280 334 2354 387 in·

386 424 802 491 terpretameuto
845 415 1137 485 irrepsisse.
1223 415 1512 486 Xenophon
1548 419 1770 488 protrita
1807 419 1967 471 nimis
2006 418 2240 488 fugitans
2279 423 2354 475 ε’κ-

387 508 638 572 πέμποιτο
677 502 985 575 pervulgato
1026 501 1265 567 ἑξάγοιτο
1300 504 1614 567 substituit,
1660 506 2105 576 quemadmodum
2143 515 2193 560 et
2231 508 2272 560 1.
2306 512 2354 562 7.

385 595 625 648 dixerat:
686 589 1015 658 προσάγεταί
1054 612 1112 644 τε
1150 589 1212 644 ὧν
1261 591 1425 645 δεῖται
1478 593 1564 646 καὶ
1611 594 2115 659 ἀποπέμπεται
2166 593 2200 648 ἑὲ
2237 596 2357 660 βού-

382 695 532 735 λεται
557 722 571 744 ,
612 695 706 750 pro
747 678 1030 732 tralaticiis
1069 679 1348 743 εἷσάγεταί
1385 701 1444 733 τε
1483 681 1569 734 καὶ
1613 679 1883 745 ἐξάγεται.

461 769 520 821 In
563 783 677 837 cap.
715 765 802 820 lV.
845 773 898 820 et
938 767 1136 837 passim
1176 768 1423 834 ἀργύρεια
1465 785 1567 820 non
1607 769 1828 836 ἀργύρια
1870 768 2211 822 scribendum
2246 786 2358 824 csse
2434 800 2436 803 ·

383 863 434 909 et
489 854 617 921 ἔργα
676 854 898 921 χρύσειοι
957 853 1043 907 καὶ
1105 855 1351 921 ἀργύρεια
1406 855 1603 908 Graece
1645 855 1782 921 dici,
1845 874 1947 910 non
1986 858 2207 924 ἀργύρια
2267 863 2360 912 aut

380 943 606 1011 χρύσια,
648 959 791 995 nunc
826 941 1040 1013 quidem
1092 943 1223 995 satis
1263 950 1470 996 certum
1514 950 1627 1006 est,
1671 951 1724 998 et
1764 945 1886 1015 quis
1924 943 2087 998 libros
2120 944 2359 1000 consulet
2396 950 2397 953 ’

380 1032 446 1086 ad
487 1030 923 1085 constituendum
969 1037 1150 1084 utrum
1194 1040 1216 1083 Ι
1253 1047 1320 1084 an
1360 1039 1429 1084 EI
1472 1032 1646 1084 verior
1682 1033 1950 1103 scriptura
1989 1033 2091 1086 sit?
2173 1031 2359 1086 Osten-

381 1120 560 1174 (limus
617 1118 904 1188 diligenter
958 1118 1082 1172 alibi
1121 1127 1144 1172 Ι
1182 1134 1276 1188 pro
1314 1126 1383 1171 EI
1425 1125 1519 1172 aut
1557 1127 1651 1172 ΙΕΙ
1702 1120 1968 1173 ualatieio
2015 1119 2358 1175 librariorum
2384 1109 2436 1190 {fj-

383 1225 563 1263 errore
603 1208 658 1260 in
696 1206 859 1261 codd.
901 1205 1065 1260 scribi
1102 1206 1304 1270 solere,
1359 1206 1502 1261 unde
1546 1205 1745 1260 sactum
1797 1215 1877 1261 est
1936 1215 1992 1261 ut
2040 1214 2148 1261 tam
2205 1224 2359 1279 saepe
2388 1213 2436 1278 '33

378 1297 670 1361 Ὀλύμπιον
707 1312 801 1366 pro
842 1295 1207 1359 Ὀλυμπίειον,
1250 1295 1569 1357 Ἀσκληπιόν
1602 1311 1698 1365 pro
1740 1296 2103 1358 Ἀσκληπιεῖον
2146 1303 2197 1349 et
2234 1296 2353 1348 sim.
2389 1285 2436 1366 3

379 1383 704 1438 scribantur.
786 1380 1040 1435 Eiusdem
1077 1382 1154 1435 rei
1189 1380 1524 1436 luculentum
1566 1383 1865 1489 exemplum
1905 1391 1985 1437 est
2020 1384 2076 1436 in
2112 1381 2208 1436 hoc
2244 1383 2356 1489 ipso
2387 1328 2436 1469 {33

377 1472 513 1526 libro
549 1472 608 1525 V.
651 1474 718 1524 5:
778 1469 1056 1534 ἡγεμονίας
1119 1490 1177 1523 τε
1237 1475 1324 1524 τοῦ
1364 1476 1601 1526 ναυτικοῦ
1657 1492 1743 1526 και
1786 1472 2204 1536 Ἑλληνοταμίας
2243 1470 2356 1524 ε’τύ
2389 1462 2436 1518 '4³

377 1581 579 1629 χομεν,
640 1558 729 1612 ubi
770 1564 918 1611 certa
955 1557 1198 1628 analogia
1237 1557 1389 1612 docet
1441 1559 1904 1625 Ελληνοταμιείας
1967 1576 2152 1613 verum
2208 1575 2389 1619 esse,

378 1647 518 1720 quod
554 1664 719 1718 quum
764 1647 819 1699 in
859 1676 935 1685 —
972 1645 1127 1711 μείας
1168 1645 1422 1711 abiisset,
1478 1653 1537 1701 ut
1587 1647 1699 1702 fere
1750 1664 1959 1719 semper
2013 1654 2244 1713 ταμιεῖον
2300 1647 2386 1700 in

375 1743 592 1802 ταμεῖον
645 1734 967 1805 depravatur
1011 1741 1063 1787 ct
1112 1735 1285 1799 ὑγίεια
1335 1735 1388 1787 in
1434 1736 1618 1800 ὑγεία,
1675 1734 1876 1789 factum
1934 1742 2014 1790 est
2072 1742 2129 1789 ut
2184 1734 2354 1789 forma
2382 1715 2436 1759 ἃ

376 1824 624 1879 omnibus
686 1829 807 1875 nota
873 1823 1293 1887 Ελληνοταμίας
1356 1822 1796 1878 substitueretur.
1893 1823 2028 1890 Quia
2087 1840 2352 1894 nusquam
2382 1756 2436 1896 {33

375 1912 503 1965 alibi
543 1909 780 1965 eiusdem
826 1909 1044 1963 honoris
1084 1911 1284 1964 mentio
1324 1912 1556 1965 recurrit
1593 1910 1880 1982 depravata
1917 1910 2087 1965 formu
2128 1911 2355 1965 firmiter
2387 1899 2436 1995 Ξῑῗ

376 2001 570 2055 haesit.
654 1999 852 2053 Verum
887 1998 1193 2052 restituisse
1226 1999 1551 2053 Boeckhium
1594 2001 1868 2054 annotavit
1900 1999 1965 2054 ad
1990 1999 2170 2072 Steph.
2196 1999 2351 2054 Thes,
2387 1975 2403 2042 ῗῗ

375 2087 700 2143 DindortiuS.
2434 2148 2436 2152 ¹

446 2174 525 2229 In
567 2175 653 2228 IV.
698 2179 747 2227 2.
801 2172 876 2228 ὅτι
927 2174 1023 2239 μὲν
1078 2173 1216 2228 πάνυ
1273 2177 1545 2230 παλαια
1596 2175 1780 2243 ε’νεργά
1833 2178 1908 2233 ε’ςι
1957 2197 2088 2230 πασι
2149 2177 2349 2245 σαφές,

376 2264 641 2319 assentior
681 2263 748 2315 iis
788 2263 879 2332 qui
936 2262 1107 2316 πάλαι
1166 2280 1259 2333 pro
1312 2264 1521 2317 παλαιοὶ
1572 2263 1935 2335 reponendum
1975 2280 2092 2318 esse
2132 2281 2350 2319 censue·
2408 2258 2436 2323 ff}

374 2360 522 2407 runt.
603 2350 811 2404 Metalla
868 2368 997 2421 quae
1049 2359 1353 2404 exercentur
1394 2353 1607 2422 proprie
1660 2351 1843 2418 ἐνεργα
1894 2348 2020 2406 εἶναι
2077 2351 2349 2406 dicuntur.
2405 2333 2436 2423 33

376 2440 594 2496 Scribae
634 2440 728 2510 qui
780 2438 936 2492 elisas
992 2438 1199 2492 vocales
1240 2438 1304 2492 de
1353 2456 1449 2493 suo
1484 2439 1694 2510 expiere
1728 2439 1958 2493 assolent
1998 2449 2346 2495 HAAAIEN·
2403 2427 2436 2543 3

375 2537 556 2583 ΕΡΓΛ
607 2528 807 2598 opinati
862 2533 988 2580 sunt
1027 2543 1143 2580 esse
1194 2528 1385 2581 παλαί’
1426 2527 1643 2594 ε’νεργά,
1685 2529 1865 2599 itaque
1914 2530 2123 2582 παλαια
2163 2528 2348 2596 ε’νεργα

374 2617 655 2672 dederunt.
734 2614 1026 2668 Confirmat
1080 2616 1192 2686 ipse
1241 2615 1532 2687 Xenophon
1573 2617 1755 2670 statim
1806 2617 2163 2687 subiungens:
2222 2615 2347 2672 οὕτω

374 2707 427 2760 δὲ
467 2704 692 2759 πάλαι
748 2703 1080 2771 ὀρυττομένης
1120 2725 1179 2757 τε
1220 2704 1306 2758 καὶ
1348 2705 1719 2773 ἐκφορουμένης
1758 2713 1851 2768 τῆς
1890 2707 2241 2773 ἀργυρίτιδος,
2283 2723 2348 2761 ex

376 2811 482 2866 quo
514 2794 628 2846 loeo
668 2791 822 2846 sacile
870 2799 950 2846 est
990 2794 1224 2846 eximere
1277 2799 1429 2847 vetus
1468 2792 1720 2847 mendum
1773 2811 1837 2848 ex
1877 2795 1942 2847 iis
1982 2811 2118 2865 quae
2167 2794 2347 2865 legun·
2398 2797 2436 2867 3}

372 2891 466 2937 tur
506 2882 594 2935 IV.
638 2883 742 2934 52:
799 2881 928 2948 τόσῳ
970 2881 1183 2935 πλείονα
1221 2883 1439 2946 τάγαθα
1479 2883 1739 2949 εὑρήσουσί
1796 2904 1853 2936 τε
1906 2883 1993 2937 καὶ
2043 2886 2349 2952 φορήσου-
2398 2872 2436 2944 ἔξ

376 2992 486 3025 σιν.
567 2968 838 3037 Intelliges
880 2968 1007 3038 quid
1044 2968 1187 3023 dicat
1230 2969 1319 3023 ubi
1379 2970 1778 3024 emendaveris:
1836 2971 1922 3025 καὶ
1977 2973 2346 3041 ἐκφορήσου-
2396 2950 2436 3055 ²2⁷:

373 3081 486 3113 σιν.
2434 3065 2436 3126 j

447 3145 759 3201 Notavimus
806 3143 930 3197 alibi
972 3144 1261 3199 solemnem
1304 3146 1667 3202 confusionem
1724 3148 1889 3200 trium
1939 3149 2344 3219 participiorum
2397 3150 2436 3208 Ξ

374 3235 653 3304 ἀφιέμενος
678 3274 690 3294 ,
731 3232 990 3300 ἀφέμενος
1031 3239 1082 3285 et
1123 3235 1419 3301 ἀφειμένος.
1501 3235 1630 3302 Quis
1677 3234 1839 3288 huius
1888 3236 1965 3288 rei
2005 3252 2205 3305 gnarus
2251 3235 2344 3290 du·
2428 3214 2436 3286 3

373 3325 507 3377 bitet
548 3321 634 3375 IV.
679 3325 727 3373 6.
788 3319 1113 3375 rescribere:
1171 3322 1351 3375 πολλοὶ
1406 3324 1742 3391 ἀφέμενοι
1789 3328 1876 3377 τοῦ
1917 3325 2008 3386 τὴν
2048 3332 2148 3389 γῆν
2189 3323 2341 3391 ἔργά·
2434 3310 2436 3335 ⁵

374 3413 546 3479 ζεσθαι
587 3409 672 3462 ἐπ’
712 3409 958 3476 ἐμπορίας
996 3441 1071 3448 -
1109 3408 1413 3475 τρέπονται,
1455 3428 1548 3481 pro
1588 3411 1899 3479 ἀφιέμενοιῗ

452 3497 612 3553 Scioli
649 3513 866 3550 manum
907 3513 1133 3567 agnosco
1173 3496 1261 3550 IV.
1304 3501 1354 3551 6.
1409 3498 1501 3552 ubi
1542 3516 1707 3571 quum
1761 3499 1980 3555 dixisset
2014 3500 2338 3572 Xenophon:

371 3591 633 3656 ἀργυρῖτις
673 3585 722 3639 δὲ
764 3582 857 3653 ὅσῳ
898 3584 962 3639 ἂν
997 3586 1185 3640 πλείων
1222 3587 1504 3655 φαίνηται,
1545 3587 1900 3644 insulsissime
1937 3588 2179 3644 additur:
2229 3589 2339 3662 [καὶ

2400 2536 2436 2686 {3

2399 2676 2436 2740 ῐῗ

2396 2749 2436 2819 ῗ
