2436 4068
1287 230 1392 279 548

358 374 544 435 ἰδόντες
587 374 951 439 ἁλισκομένους
993 378 1135 440 σφῶν
1177 375 1344 425 αὐτῶν
1393 373 1508 431 τοὺς
1552 372 1807 440 πρόπλους
1853 378 1938 430 ὑπ’
1980 379 2204 442 οέθυμίας
2240 382 2326 434 καὶ

355 467 452 515 τῶν
489 462 807 529 βραδυτέρων
843 462 1124 523 ἡλίσκοντο.
1187 459 1492 512 Dindorlius
1531 462 1669 513 serio
1703 462 1918 517 credere
1955 464 2166 519 videtur
2200 467 2330 523 bene

355 549 552 604 Graece
594 550 698 602 dici
753 566 906 619 posse-
955 548 1219 611 ἡλίσκοντο
1264 553 1361 600 τῶν
1401 548 1721 615 βραδυτέρων
1763 567 1858 620 pro
1899 553 1994 606 ὑπὸ
2048 561 2145 607 τῶν
2192 558 2326 622 βρα·

354 639 581 705 δυτέρων.
674 634 936 707 Equidem
986 652 1105 688 cras
1161 634 1412 699 credam,
1473 636 1563 689 scd
1621 637 1977 706 suppleverint
2032 641 2118 694 καὶ
2176 646 2328 709 πρὸς

351 730 448 778 τῶν
488 725 824 791 βραδυτέρων.

429 812 557 879 Πρός
610 812 661 864 in
703 812 774 871 εἷς
823 810 956 864 abiit
1010 809 1148 882 apud
1193 810 1497 883 Lycurgum
1545 812 1594 863 in
1638 810 1922 866 Leocratea
1970 814 2009 887 §
2051 820 2173 869 157.
2229 820 2331 886 οὐχ

358 900 589 964 ἡγούμην
629 899 1002 965 δεῖν-ὄνομα
1044 900 1164 959 Διὸς
1202 904 1419 965 σωτῆρος
1462 898 1756 966 ἐπιγράψαι
1798 902 1917 967 πρὸς
1954 904 2045 964 τὴν
2082 905 2330 970 εἰσαγγε-

353 988 503 1052 λίαν,
544 985 673 1056 quid
727 988 1023 1056 genuinum
1067 987 1138 1040 sit
1181 993 1481 1040 monstrant
1523 1003 1582 1040 ea
1624 1004 1760 1057 quae
1806 990 2163 1058 praecedunt:
2217 993 2328 1059 ἐρω·

353 1081 539 1135 τῶντες
579 1074 663 1128 δια
703 1074 757 1127 τί
793 1077 881 1129 οὐκ
924 1076 1193 1143 ἐνέγραψα
1245 1080 1393 1128 τοῦτο
1449 1075 1519 1135 εἷς
1561 1077 1653 1137 τὴν
1704 1077 2083 1140 εἰσαγγελίαν,
2140 1095 2330 1151 nempe

351 1162 628 1231 ἐγγράψαι
682 1163 753 1223 εἷς
805 1164 897 1225 τὴν
946 1163 1311 1228 εἰσαγγελίαν.
1404 1161 1521 1216 Alia
1577 1163 1879 1233 corruptela
1935 1163 2117 1219 eodem
2172 1169 2328 1222 modo

354 1259 476 1305 nata
520 1247 740 1322 apparet
780 1251 830 1304 in
878 1249 1076 1322 Ephori
1117 1251 1414 1320 fragmento
1450 1249 1591 1321 apud
1629 1249 1811 1320 Steph.
1855 1251 2074 1323 Byzant.
2117 1270 2164 1306 v.
2218 1255 2327 1309 Ποὶ-

349 1359 457 1408 ρος;
501 1339 778 1406 ἐπολιόρκει
821 1339 982 1393 πολὺν
1020 1339 1196 1407 χρόνον
1236 1346 1329 1402 τῆς
1370 1338 1636 1400 θαλάττης
1688 1338 1867 1404 εἴργων
1917 1339 2004 1392 καὶ
2046 1341 2189 1394 κατα
2228 1349 2327 1407 γῆν

348 1429 722 1495 μηχανήματα
771 1428 882 1481 καὶ
931 1426 1112 1493 ἄγων,
1173 1427 1470 1482 Meinekius
1517 1429 1885 1498 importunum
1928 1428 2020 1481 καί
2058 1431 2325 1493 resecuit,

351 1515 443 1570 sed
486 1514 619 1569 nihil
657 1516 860 1569 certius
900 1523 980 1568 est
1024 1532 1183 1586 quam
1231 1514 1513 1585 legendum
1557 1531 1674 1568 esse
1712 1518 2091 1583 ,μηχανήματα
2141 1518 2326 1586 προσά-

348 1625 490 1668 γων,
551 1602 691 1674 quod
746 1603 1093 1657 tritissimum
1145 1601 1366 1657 verbum
1414 1611 1495 1656 est
1549 1620 1646 1674 pro
1699 1603 1969 1657 machinas
2020 1605 2327 1670 admovere,

348 1691 487 1764 quod
531 1708 632 1745 non
676 1689 971 1744 dubitasset
1018 1691 1257 1762 recipere
1296 1690 1593 1744 Meinekius
1632 1691 1676 1743 si
1719 1691 1770 1743 in
1819 1690 1977 1744 Codd.
2021 1692 2145 1746 Mss,
2202 1695 2322 1762 πρός

347 1788 401 1835 et
440 1781 531 1834 καί
569 1797 725 1850 saepe
762 1777 1015 1834 confundi
1054 1779 1404 1832 meminisset.
1465 1777 1611 1832 Idem
1648 1778 1944 1832 remedium
1987 1779 2321 1850 Xenophonti

347 1867 709 1923 adhibendum
759 1876 841 1922 est
882 1867 934 1919 in
978 1866 1178 1921 Hellen.
1219 1866 1286 1920 11.
1328 1883 1361 1919 1.
1405 1869 1456 1919 2.
1506 1867 1580 1931 μή
1635 1886 1753 1919 τινα
1801 1866 1889 1921 καὶ
1944 1869 2014 1928 εἷς
2060 1868 2176 1929 τοὺς
2225 1868 2321 1924 άλ-

345 1971 463 2018 λους
513 1957 780 2018 ’Έλληνας
841 1956 1088 2021 διαβολὴν
1144 1962 1358 2021 σχοῖεν,
1419 1953 1867 2024 quemadmodum
1918 1955 2063 2009 enim
2123 1955 2324 2011 dicitur

344 2045 655 2111 διαβάλλειν
696 2043 816 2111 πρός
857 2064 1009 2107 τινα,
1051 2043 1129 2097 sic
1162 2043 1411 2108 διαβολὴν
1450 2041 1592 2110 ἔχειν
1630 2042 1751 2109 πρός
1792 2064 1910 2097 τινα
1945 2042 2193 2098 dicebant
2226 2063 2323 2117 pro

344 2134 765 2200 διαβεβλῆσθαι,
821 2138 874 2186 ct.
912 2132 1159 2196 διαβολὴν
1195 2131 1366 2199 φέρειν
1406 2130 1526 2197 πρός
1567 2151 1719 2191 τινα,
1765 2139 1826 2185 ut
1881 2132 1933 2184 in
1986 2131 2319 2205 Thucydidis

345 2221 496 2283 loeo,
555 2237 713 2292 quem
770 2219 926 2274 affert
979 2218 1370 2281 SchneideruS,
1422 2217 1462 2272 Ι.
1510 2221 1632 2271 127.
1694 2219 1942 2284 διαβολὴν
1994 2221 2166 2288 φέρειν
2222 2223 2317 2276 τινὶ

343 2311 465 2377 πρὸς
521 2310 613 2371 τὴν
667 2306 834 2362 πόλιν.
927 2306 1088 2361 Plane
1142 2305 1420 2360 intercidit
1475 2307 1596 2373 πρός
1649 2306 1791 2378 apud
1843 2307 2115 2360 Demosth.
2175 2306 2319 2363 Orat.

344 2396 527 2452 XLIII.
570 2399 621 2450 9.
674 2395 774 2449 οὐδ’
812 2396 1248 2460 ἀπολογήσασθαί
1284 2414 1369 2461 μοι
1416 2393 1678 2460 ἐξεγένετο
1732 2394 1842 2448 οὐδὲ
1883 2396 2132 2452 πολλοςόν
2169 2396 2318 2463 μέρος

342 2484 408 2540 ὧν
446 2483 822 2552 κατεψεύδοντο
862 2486 1029 2549 ἡμῶν,
1070 2483 1256 2555 supple
1290 2484 1400 2538 οὐδὲ
1441 2485 1561 2551 πρὸς
1601 2484 1854 2540 πολλοςόν
1889 2483 2054 2550 μέρος.

356 2597 360 2601 ·
419 2574 638 2627 Praeter
677 2571 776 2625 hoc
817 2571 1135 2626 mendorum
1172 2588 1342 2643 genus
1371 2571 1637 2642 permulta
1676 2570 1779 2625 alia
1823 2571 1874 2623 in
1911 2570 2198 2626 Hellenicis
2229 2589 2316 2626 su-

343 2667 602 2734 persunt,
660 2676 797 2731 quae
847 2658 1170 2714 Criticorum
1207 2666 1324 2713 arte
1365 2659 1609 2730 indigent
1647 2666 1700 2715 et
1748 2666 2056 2730 exspectant
2096 2677 2315 2715 manum

342 2749 603 2821 peritam:
647 2748 827 2819 itaque
867 2755 1058 2819 captus
1095 2747 1463 2820 Xenophontis
1502 2748 1768 2802 suavitate
1807 2755 1861 2802 et
1901 2754 2180 2802 venustate
2220 2748 2316 2806 im·

341 2835 589 2891 morabor
623 2835 1012 2908 aliquantisper
1051 2837 1105 2889 in
1146 2837 1264 2891 eius
1304 2835 1531 2891 lectione
1572 2843 1624 2891 et
1663 2834 2065 2899 emendatione,
2119 2836 2173 2888 in
2210 2851 2315 2906 qua

339 2941 400 2979 re
439 2923 619 2977 ordiar
656 2924 721 2977 ab
772 2924 1166 2978 Hellenicorum
1215 2924 1360 2988 locO,
1415 2925 1470 2978 in
1513 2941 1618 2995 quo
1665 2923 1876 2977 dicendi
1921 2940 2048 2976 usus
2089 2940 2191 2976 non
2234 2931 2315 2978 est

339 3011 602 3074 violatuS,
642 3010 734 3065 sed
776 3013 889 3083 ipsa
928 3012 1032 3066 loci
1070 3013 1336 3068 sententia
1378 3014 1539 3068 unius
1578 3010 1819 3066 vocabuli
1867 3011 1996 3064 vitio
2035 3011 2312 3082 perinepta

337 3106 393 3156 et
426 3099 580 3171 plane
623 3097 853 3152 absurda
889 3099 1030 3154 facta
1069 3108 1183 3165 est,
1238 3118 1398 3172 quam
1444 3099 1634 3155 deinde
1676 3099 1818 3153 docti
1867 3098 2108 3152 homines
2147 3098 2308 3153 subti-

340 3188 464 3242 liter
509 3187 942 3257 interpretandO,
996 3190 1071 3243 ita
1125 3190 1205 3242 uti
1244 3189 1333 3254 fit,
1381 3189 1542 3243 etiam
1593 3187 1764 3257 magis
1814 3186 2072 3256 impedire
2124 3193 2177 3240 et
2219 3186 2308 3240 ob-

340 3292 560 3331 scurare
611 3282 917 3345 coeperunt.
995 3276 1218 3347 Legitur
1250 3278 1297 3330 1.
1339 3294 1407 3329 νι.
1450 3280 1500 3329 4.
1551 3291 1718 3345 quum
1758 3272 2031 3346 Lysandro
2077 3274 2132 3327 in
2176 3273 2307 3328 clas·

340 3366 415 3419 sis
447 3363 670 3434 imperio
696 3363 1043 3418 successisset
1078 3362 1472 3427 Callicratidas,
1513 3363 1595 3415 vir
1624 3361 1961 3433 praeclarus,
2002 3361 2303 3433 exemplum

341 3452 592 3523 antiquae
633 3451 877 3515 virtutiS,
930 3451 1226 3504 amicorum
1267 3449 1532 3522 Lysandri
1572 3449 1859 3503 calumniis
1899 3458 1951 3504 et
1988 3450 2142 3503 malis
2181 3451 2308 3503 arti-

338 3541 440 3594 bus
481 3539 828 3609 urguebatur.
910 3537 1120 3592 Crebris
1160 3538 1496 3592 sermonibus
1545 3554 1639 3609 per
1681 3537 1837 3591 Asiae
1882 3538 2073 3609 oppida
2115 3538 2305 3592 freme-

338 3628 499 3682 bant:
551 3625 627 3681 ὅτι
665 3625 1057 3692 Λακεδαιμόνιοι
1092 3626 1293 3692 μέγιςα
1346 3627 1725 3693 παραπίπτοιεν
1765 3627 1817 3679 ἐν
1855 3627 1924 3692 τῷ
1968 3625 2302 3682 διαλλάττειν
