2436 4068
1318 248 1425 298 480

377 391 593 447 nomine
630 393 683 445 in
729 408 897 446 unum
938 389 1298 453 coalescente,
1339 396 1401 444 ut
1446 391 1499 442 in
1540 390 1745 444 καθοδόν
1787 406 1880 460 pro
1919 392 2030 444 καθ’
2072 389 2214 454 ὁδόν,
2256 408 2362 443 πα-

376 488 527 547 ροῖνον
569 496 664 551 pro
701 486 821 546 παρ’
857 476 1016 542 οἶνον,
1071 477 1298 547 aliisque
1348 476 1635 548 sexcentis)
1691 483 1745 530 et
1787 478 2161 531 terminatione
2208 494 2239 529 a
2284 483 2361 528 ta-

376 566 706 640 cbygraphis
758 566 823 619 de
873 582 1020 620 more
1075 566 1290 618 omissa.
1371 564 1509 617 Hinc
1551 562 1638 617 VI.
1681 581 1749 617 ιν.
1794 569 1847 619 9.
1902 574 2134 636 quatuor
2174 563 2363 635 optimi

375 708 542 755 testes
593 701 675 755 ἐπ’
726 699 894 763 ἔξοδον
935 698 1189 755 exhibent
1238 716 1333 770 pro
1386 697 1568 767 ἐξόδῳ,
1621 705 1854 753 veterem
1914 700 2238 770 scripturam
2281 647 2368 760 2⁹5}

371 787 511 843 male
551 786 843 858 explentes
924 788 1262 858 Quicumque
1302 786 1519 841 Codices
1556 786 1712 857 paulo
1754 787 2087 858 antiquiores
2127 786 2361 841 versavit

372 883 466 931 aut
508 875 742 946 inspexit
793 875 1166 930 recordabitur
1215 891 1375 946 quam
1426 875 1497 927 sit
1551 873 1650 927 hoc
1706 891 1875 944 genus
1922 873 2361 944 compendiorum

380 963 633 1034 frequens
672 970 724 1016 et
766 964 818 1016 in
855 964 976 1018 aliis
1016 971 1070 1018 et
1103 964 1158 1017 in
1194 960 1502 1016 nominibus
1536 977 1599 1014 ex
1635 961 1741 1022 ὁδός
1774 961 2100 1033 compositis.
2180 958 2366 1029 Itaque

378 1050 594 1122 explosa
643 1050 946 1121 scriptura,
998 1068 1158 1122 quam
1215 1050 1325 1103 sola
1382 1050 1589 1120 peperit
1635 1049 1937 1103 scribarum
1989 1047 2234 1111 inscitia,
2281 1047 2364 1100 ἐπ’

375 1138 528 1207 ἐξόδῳ
569 1140 623 1192 in
665 1139 896 1210 pristina
942 1138 1065 1193 sede
1106 1137 1392 1209 aliquando
1430 1143 1738 1208 reponatur.

449 1226 616 1282 Video
658 1243 802 1284 nunc
849 1227 1184 1281 Dindorfium
1228 1225 1388 1279 aliam
1438 1225 1537 1278 loci
1580 1221 1899 1278 emendandi
1957 1222 2221 1276 rationem
2276 1238 2364 1276 ex-

374 1315 639 1385 cogitasse
685 1321 738 1367 et
788 1330 941 1368 suam
996 1313 1263 1369 infelicem
1320 1314 1685 1367 coniecturam
1740 1310 2005 1381 recepisse
2057 1310 2109 1362 in
2157 1316 2360 1363 textum

375 1403 545 1456 ἔθύετο
586 1402 669 1455 ἐπ’
721 1400 953 1471 ἕξοδεία,
1012 1419 1170 1474 quam
1228 1400 1455 1455 formam
1512 1406 1788 1471 comparat
1840 1414 1965 1451 cum
2022 1397 2274 1464 περιοδεία
2312 1403 2366 1451 et

375 1489 623 1560 ἐφοδειά,
665 1488 805 1559 quod
846 1496 900 1542 et
944 1490 1125 1560 ipsum
1165 1490 1221 1542 in
1267 1489 1451 1558 ἐφοδία
1504 1486 1785 1559 depravari
1836 1484 2022 1539 solere.
2104 1483 2206 1538 Sed
2256 1501 2360 1551 non

376 1576 759 1631 animadvertit
800 1575 948 1630 verbi
989 1577 1138 1632 ὁδεύω
1177 1577 1471 1647 composita
1512 1575 1692 1630 omnia
1750 1574 1983 1647 (praeter
2020 1589 2189 1626 unum
2244 1574 2363 1641 ἐφο-

376 1664 523 1738 δεύω)
578 1681 697 1719 esse
744 1664 1066 1719 Graecitatis
1116 1665 1444 1718 senescentis
1495 1670 1548 1718 et
1591 1661 1895 1731 decrepitae
1944 1659 2180 1730 adeoque
2231 1676 2365 1714 nova

377 1753 597 1808 nomina
637 1752 763 1805 hinc
810 1750 1039 1806 formata
1083 1769 1199 1807 esse
1238 1752 1416 1805 omnia
1458 1755 1546 1804 τοῦ
1589 1753 1798 1817 πονηροῦ
1839 1749 2126 1814 κόμματος.
2210 1747 2366 1801 Vete-

374 1841 557 1906 ribuS,
617 1847 678 1894 ut
718 1838 881 1894 semel
924 1848 976 1894 et
1024 1840 1222 1894 iterum
1280 1839 1517 1893 breviter
1572 1837 1968 1900 indicavinmS,
2024 1852 2214 1890 nomen
2257 1834 2364 1895 ὁδός

379 1930 460 1983 sic
496 1927 782 2000 respondet
819 1927 980 1981 verbo
1019 1927 1240 1996 ἔρχομαι
1285 1927 1455 1999 (ἰέναι)
1482 1969 1496 1990 ,
1554 1934 1616 1979 ut
1655 1925 1803 1978 οὐσία
1845 1922 2006 1977 verbo
2043 1920 2169 1977 εἶναι
2195 1965 2209 1986 ,
2252 1939 2368 1977 cae-

377 2017 619 2088 terisque
667 2014 842 2068 verbis
883 2014 993 2070 sere
1050 2016 1299 2070 omnibus
1343 2031 1535 2069 nomen
1593 2010 1876 2083 respondet
1930 2017 2024 2065 aut
2065 2027 2127 2065 ex
2180 2027 2236 2065 se
2277 2027 2367 2064 na-

379 2113 498 2160 tum
540 2110 634 2158 aut
669 2110 815 2157 certe
849 2110 1170 2174 cognatum,
1211 2104 1518 2174 diciturque
1554 2102 1680 2156 ἰέναι
1717 2099 1855 2165 ὁδόν,
1899 2106 1958 2153 ut
1998 2099 2138 2153 νόσον
2177 2103 2367 2161 νοσεῖν,

381 2192 537 2258 λόγον
577 2190 791 2256 λέγειν,
834 2191 1111 2261 ςρέφεσθαι
1165 2193 1388 2261 ςροφήν,
1432 2190 1642 2261 aliaque
1675 2194 1941 2242 sexcenta.
2023 2187 2210 2258 Itaque
2250 2203 2365 2240 ver-

379 2279 447 2334 bo
485 2279 695 2334 οὶπιέναι
741 2295 934 2332 nomen
974 2277 1165 2347 ἄφοδος
1209 2276 1528 2349 respondet,
1568 2275 1727 2331 verbo
1763 2275 1995 2343 παριέναι
2037 2274 2279 2342 πάροδος,
2315 2279 2369 2326 et

381 2368 460 2423 sic
519 2368 738 2421 nomina
792 2366 1031 2432 μέθοδος,
1086 2367 1342 2434 περίοδος,
1397 2365 1612 2435 ἔφοδος,
1664 2363 1899 2428 σύνοδος,
1953 2362 2153 2426 ἔξοδος,
2211 2361 2364 2421 δίοδος

383 2461 487 2512 cet.
528 2454 707 2509 verbis
742 2454 1011 2520 μετιέναι,
1050 2454 1292 2521 περιιέναι
1335 2461 1436 2507 cet.
1489 2453 1562 2506 ita
1601 2450 1953 2522 respondent,
2005 2467 2067 2503 ac
2107 2450 2152 2502 si
2192 2466 2258 2503 ex
2299 2448 2367 2502 iis

383 2541 614 2613 formata
655 2549 886 2614 nataque
937 2550 1131 2597 essent.
1181 2543 1410 2613 ’Ἄφοδος
1453 2542 1620 2612 igitur
1659 2546 1738 2594 est
1770 2538 1908 2592 idem
1944 2544 2105 2609 atque
2142 2537 2368 2592 οὲπέλευ-

384 2652 461 2692 σις
487 2675 502 2695 ,
557 2632 602 2685 si
643 2637 784 2686 esset
823 2631 922 2684 boc
963 2630 1277 2684 vocabulum
1323 2631 1377 2683 in
1424 2646 1541 2683 usu.
1624 2627 1711 2681 Sic
1753 2627 1923 2696 igitur
1973 2626 2221 2680 ποιεῖσθαι
2266 2623 2368 2688 ἕξο-

384 2719 463 2773 δον
504 2719 774 2789 significat
814 2718 998 2782 ἐξιέναι
1023 2761 1056 2782 ,.
1095 2719 1343 2774 ποιεῖσθαι
1392 2716 1603 2784 ποὶροδον
1646 2723 1740 2769 aut
1792 2714 2026 2784 πρόσοδον
2079 2721 2161 2768 est
2217 2713 2371 2784 plane

383 2806 524 2861 idem
567 2814 728 2878 atque
768 2807 1004 2875 παριέναι
1046 2813 1099 2860 et
1139 2807 1426 2876 προσιέναι,
1468 2812 1520 2859 et
1561 2804 1747 2859 eadem
1787 2809 1870 2857 est
1905 2803 1962 2855 in
1997 2801 2224 2855 caeteris
2259 2817 2368 2854 om-

387 2894 547 2953 nibus
588 2895 743 2948 ratio,

480 2981 701 3036 Veteres
754 2982 924 3052 igitur
961 2999 1126 3054 quum
1182 2982 1341 3037 verbo
1383 2981 1460 3035 uti
1513 2980 1709 3035 vellent
1757 2978 1895 3052 quod
1951 2977 2153 3032 nomini
2206 2974 2367 3038 ἔξοδος

384 3069 732 3141 responderet
786 3087 888 3124 non
946 3070 1101 3124 aliter
1154 3087 1313 3141 quam
1356 3067 1540 3132 ἐξιέναι
1582 3068 1818 3122 solebant
1870 3066 2075 3128 dicere,
2128 3070 2188 3117 ut
2231 3084 2367 3130 περι-

383 3158 508 3213 ιέναι
553 3174 646 3227 pro
687 3160 936 3212 ποιεῖσθαι
979 3159 1217 3226 περίοδον.
1301 3157 1614 3229 SequioreS‚
1656 3156 1748 3226 qui
1790 3153 2099 3209 nesciebant
2138 3151 2366 3204 nomini·
2413 3162 2415 3166 ’

381 3245 484 3300 bus
524 3261 585 3299 ex
628 3243 735 3306 ὁδός
781 3246 1090 3316 compositis
1144 3252 1353 3302 certum
1408 3244 1628 3299 verbum
1683 3244 1787 3296 iam
1831 3247 2148 3313 suppetere,
2203 3255 2366 3292 novas

382 3332 909 3389 verborunrlormas
950 3350 1012 3387 ex
1051 3333 1117 3386 iis
1171 3332 1309 3386 male
1350 3330 1643 3402 procudere
1687 3335 1977 3401 coeperunt
2027 3328 2078 3380 in
2119 3328 2235 3381 -εύω
2277 3342 2363 3380 ex-

383 3429 604 3481 euntes,
628 3421 957 3492 vpervulgato
997 3422 1127 3475 vitio
1164 3421 1392 3475 labentis
1433 3426 1485 3472 et
1514 3418 1794 3471 morientis
1835 3416 2154 3472 Graecitatis
2176 3413 2363 3467 formis

383 3509 621 3579 antiquis
673 3515 726 3562 et
780 3509 1113 3580 simplicibus
1162 3507 1552 3562 substituentes
1606 3505 1803 3560 formas
1858 3505 2186 3576 ineleganter
2242 3518 2362 3573 pro-

383 3595 586 3650 ducias.
670 3596 1126 3663 Quemadmodum
1184 3597 1324 3651 enim
1370 3594 1613 3649 Graeculi
1659 3611 1721 3648 ex
1763 3595 1926 3661 τροφή
1973 3592 2136 3647 stulte
2179 3590 2368 3643 sorma-
