2436 4068
1300 205 1405 254 576

356 357 469 404 tum
517 365 676 419 quam
719 354 926 402 certum
968 353 1049 400 est
1083 346 1211 400 adeo
1257 353 1314 399 ut
1343 346 1558 415 vulgata
1596 346 1751 401 lectio
1783 349 2042 404 librorum
2086 352 2327 405 oninium

354 444 563 490 moveat
606 432 1027 504 intelligentibus
1067 433 1256 486 risum.
1338 434 1575 503 Apparet
1610 441 1790 488 autem
1828 434 1903 490 ὅτι
1943 439 2028 492 τὸν
2075 437 2331 501 Καλλίξε·

356 546 432 579 νον
474 523 773 591 ἐγράψαντο
813 521 1120 588 παρανόμων
1162 527 1216 575 et
1269 521 1549 574 verissime
1591 520 1646 574 in
1698 539 1812 593 sqq.
1867 525 2207 579 emendatum
2251 533 2333 580 est

356 613 447 671 ἐὰν
486 613 558 676 μὴ
597 610 772 678 οέφῶσι
813 609 906 669 τὴν
957 614 1183 669 κλῆσιν
1225 626 1320 680 pro
1360 608 1576 679 vulgata
1625 610 1717 671 τὴν
1772 611 2048 673 ἐκκλησίαν
2072 654 2087 677 ,
2126 614 2229 667 nisi
2266 614 2330 666 ab

354 698 676 753 accusatione
708 695 988 760 desistant,
1030 695 1084 749 id
1124 696 1264 767 quod
1310 697 1478 750 coacti
1520 695 1760 750 fecerunt
1801 697 1887 751 καὶ
1929 700 2330 764 ἠναγκάσθησαν

355 785 566 855 ἀφιέναι
612 784 710 843 τας
761 783 1070 848 κλήσεις,
1112 791 1172 838 ut
1213 785 1395 838 statim
1442 783 1720 838 emendate
1775 785 1830 837 in
1871 784 2022 841 libris
2067 789 2330 860 scriptum

355 880 453 929 est.
532 871 717 942 Neque
755 870 863 924 ulla
903 878 1076 943 potest
1129 889 1244 926 esse
1304 871 1602 935 dubitatio,
1657 873 1788 943 quin
1829 882 2166 940 προσκαλοῖτο
2206 892 2334 930 vera

358 962 630 1033 Scriptura
689 959 759 1012 sit
811 958 1035 1014 V11.1v.
1093 965 1181 1015 58.
1241 962 1283 1014 εἰ
1344 960 1395 1013 δὲ
1455 960 1546 1013 καί
1602 979 1736 1020 τινες
1795 961 2094 1030 ἐπαιτιῷντο
2155 961 2336 1027 ἔλεγον

356 1049 784 1115 ἐπαγγέλλοντες
837 1046 913 1101 ὅτι
956 1050 984 1110 ἦ
1037 1047 1335 1102 Μαντινέων
1393 1046 1543 1106 πόλις
1597 1049 1832 1116 ἐγγυῷτο
1873 1047 1904 1112 ἦ
1943 1051 2044 1115 μὴν
2095 1049 2334 1118 παρέξειν

358 1141 427 1200 εἰς
463 1140 521 1192 τὸ
543 1137 700 1191 κοινὸν
739 1134 950 1196 ὁπόσους
984 1156 1062 1197 τις
1103 1156 1220 1202 προ
1248 1141 1612 1199 σκαλοῒτο,
1652 1134 1706 1188 id
1747 1143 1829 1189 est
1862 1154 1978 1190 reos
2013 1137 2334 1208 deposceret,

357 1225 424 1280 ad
465 1242 684 1279 causam
713 1223 995 1277 dicendam
1035 1224 1090 1276 in
1125 1222 1387 1276 iudicium
1426 1221 1620 1276 adduci
1658 1222 1829 1277 vellet.
1909 1223 2188 1279 Caeterum
2231 1242 2335 1278 non

358 1313 723 1381 προκαλεῖσθαι
764 1311 909 1371 δίκας
953 1311 1007 1364 in
1047 1310 1143 1364 tali
1186 1327 1243 1365 re
1283 1310 1389 1364 dici
1431 1310 1520 1364 sed
1562 1312 1632 1372 εἰς
1675 1311 1820 1372 δίκας
1875 1311 2215 1386 Thucydides
2249 1311 2337 1366 do-

362 1419 484 1456 cere
523 1400 719 1472 poterit
759 1399 872 1452 VII.
918 1403 1005 1454 18.
1060 1398 1133 1451 ila
1187 1398 1462 1453 scribens:
1513 1400 1564 1459 ἐς
1607 1400 1750 1459 δίκας
1789 1401 2210 1467 προκαλουμένων
2243 1406 2341 1454 τῶν

360 1487 778 1553 Λακεδαιμονίων
831 1489 920 1541 οὐκ
973 1488 1146 1550 ἤθελον
1187 1486 1491 1554 ἐπιτρέπειν.
1571 1487 1667 1540 Est
1723 1488 1776 1540 in
1821 1487 2189 1560 Xenophontis
2229 1486 2342 1542 loco

360 1576 506 1632 aliud
546 1580 824 1646 praeterea
864 1574 1089 1639 vitium,
1138 1591 1369 1645 namque
1418 1573 1761 1628 scribendum
1817 1577 1858 1629 εἰ
1900 1577 1952 1629 δὲ
2003 1576 2094 1630 καί
2146 1596 2337 1636 τινας

359 1665 700 1731 ἐπαιτιῷντο,
740 1679 845 1716 non
885 1662 1050 1726 τινές,
1091 1679 1152 1715 ae
1194 1661 1348 1733 plane
1383 1661 1622 1716 eiusdem
1662 1664 1943 1734 potestatis
1980 1670 2106 1717 sunt
2146 1664 2201 1716 in
2243 1663 2338 1717 tali

359 1771 418 1808 re
471 1751 807 1806 ἐπαιτιασθαι
847 1757 902 1805 et
953 1751 1351 1816 προσκαλεῖσθαι
1407 1755 1720 1821 poteratque
1774 1750 2066 1822 Xenophon
2119 1751 2342 1823 perinde

363 1841 497 1896 hene
553 1839 788 1893 seribere
843 1839 885 1892 εἰ
934 1839 986 1892 δὲ
1034 1839 1124 1892 καί
1173 1858 1318 1899 τινας
1379 1845 1838 1905 προσκαλοῖντο
1903 1845 1956 1893 et
2008 1838 2219 1901 ὁπόσους
2266 1861 2346 1900 τις

365 1928 752 1995 ἕπαιτιῷτο.
833 1925 1026 1980 Contra
1067 1927 1434 1993 προκαλεῖσθαι
1460 1944 1774 1998 provocare,
1813 1926 2061 1991 invitare,
2102 1928 2343 1981 conditio·

363 2034 483 2070 nem
533 2018 676 2087 ferre
719 2013 990 2084 significat
1044 2015 1324 2068 notissimo
1375 2015 1768 2085 tritissimoque
1808 2030 1927 2067 usu.
2010 2013 2175 2086 Saepe
2215 2015 2343 2070 dici·

371 2112 459 2158 tur
495 2103 716 2165 civitas,
758 2118 894 2173 quae
928 2102 1048 2155 iure
1086 2103 1264 2173 potius
1299 2119 1460 2174 quam
1492 2101 1628 2156 hello
1663 2102 2054 2156 controversias
2091 2102 2345 2158 dirimere

367 2191 586 2263 cupiat,
626 2206 763 2260 quae
803 2190 921 2243 iure
960 2191 1110 2261 prius
1148 2189 1447 2261 disceptare
1487 2207 1649 2261 quam
1699 2189 1896 2244 bellum
1937 2191 2119 2245 statim
2158 2208 2345 2262 gerere

367 2279 521 2333 malit
581 2278 947 2345 προκαλεῖσθαι
1007 2277 1071 2331 ad
1130 2277 1185 2331 id
1241 2277 1544 2331 faciendum
1606 2277 1970 2341 adversariOS,
2030 2280 2123 2349 qui
2176 2296 2344 2350 quum

369 2365 727 2420 conditionem
780 2365 1049 2435 accipiunt
1091 2367 1234 2426 δίκας
1276 2365 1460 2420 διδόναι
1511 2365 1786 2420 dicuntur.
1865 2365 2125 2435 Legitima
2166 2374 2217 2420 et
2260 2385 2346 2420 so-

370 2453 568 2508 lemnia
606 2452 735 2507 haec
777 2452 937 2507 verba
987 2459 1114 2506 sunt
1155 2455 1207 2506 in
1251 2470 1308 2507 ea
1350 2470 1410 2507 re
1449 2453 1593 2515 δίκας
1634 2454 1856 2518 διδόναι,
1909 2469 2045 2523 quae
2084 2470 2240 2525 saepe
2280 2455 2348 2509 le-

371 2549 579 2613 guntur
628 2540 767 2612 apud
827 2540 1196 2613 Thucydidem
1254 2558 1302 2596 ν.
1347 2559 1391 2595 c.
1435 2541 1474 2595 Ι.
1517 2545 1604 2595 28.
1659 2542 1803 2601 δίκας
1861 2543 2032 2604 ἤθελον
2085 2542 2252 2596 δοῦναι
2295 2550 2349 2598 et

370 2632 413 2686 I.
457 2634 546 2684 85.
601 2629 811 2693 ἑτοίμων
857 2627 1007 2682 ὄντων
1047 2629 1191 2690 δίκας
1226 2631 1393 2683 δοῦναι
1433 2635 1485 2684 et
1526 2630 1565 2683 Ι.
1616 2633 1738 2683 144.
1780 2630 1924 2691 δίκας
1961 2630 2197 2696 ἐθέλομεν
2239 2632 2347 2685 δοῦ-

371 2739 450 2773 ναι
492 2717 635 2772 κατα
674 2717 773 2776 τας
816 2718 1082 2779 συνθήκας.
1164 2717 1301 2771 Hinc
1335 2718 1586 2778 δωσίδικος
1629 2724 1817 2771 natum
1859 2724 1968 2781 est,
2009 2718 2149 2788 quotl
2190 2719 2348 2774 Grae·

374 2805 481 2859 culi
524 2806 576 2858 in
620 2804 848 2859 formam
902 2806 1140 2865 δοσίδικος
1183 2804 1545 2877 depravarunt
1584 2813 1639 2860 et
1679 2805 1804 2859 alibi
1846 2812 1898 2860 et
1937 2805 2077 2876 apud
2117 2806 2346 2861 Herodo-

369 2900 484 2947 tum
528 2893 614 2946 Vl.
659 2897 747 2947 42.

447 2981 555 3034 Hoc
598 2982 775 3051 ipsum
816 2982 984 3052 igitur
1021 2989 1206 3035 narrat
1245 2981 1537 3053 Xenophon
1576 2981 1836 3036 Phliasios
1871 2980 2082 3035 secisse:
2124 2981 2189 3034 de
2230 2982 2344 3035 Tri-

369 3085 564 3122 carano
601 3067 846 3122 volebant
886 3086 1009 3123 eum
1047 3069 1261 3139 Argivis
1309 3069 1426 3122 iure
1462 3069 1776 3140 disceptare,
1817 3077 1872 3122 at
1905 3069 1983 3122 illi
2024 3068 2344 3124 noluerunt:

372 3157 553 3226 itaque
607 3155 951 3209 scribendum
1004 3158 1090 3210 καὶ
1152 3158 1295 3216 δίκας
1336 3156 1757 3223 προκαλουμένων
1808 3161 1905 3210 τῶν
1955 3157 2210 3211 Φλιασίων
2256 3161 2345 3212 οὐκ

370 3244 595 3297 ἐδίδοσαν
636 3258 772 3313 quae
813 3244 889 3296 sic
932 3243 1303 3313 coniungenda
1340 3250 1392 3297 et
1426 3243 1736 3315 accipienda
1775 3251 1901 3297 sunt
1934 3244 2018 3297 καὶ
2054 3251 2150 3298 τῶν
2186 3254 2343 3300 Φλια-

370 3332 487 3384 σίων
525 3330 945 3396 προκαλουμένων
996 3334 1083 3385 οὐκ
1121 3333 1292 3394 ἤθελον
1334 3331 1478 3391 δίκας
1519 3333 1702 3385 δοῦναι.
1783 3330 1972 3385 Nullus
2013 3341 2088 3386 est
2133 3333 2220 3387 hic
2259 3353 2340 3388 ac-

372 3418 622 3471 cusaliom'
664 3417 747 3490 (τῇ
789 3418 1120 3487 προσκλήσει)
1161 3418 1343 3472 locus:
1385 3425 1501 3472 erat
1542 3418 1897 3473 Phliasiorum
1941 3437 2107 3491 aequa
2146 3428 2198 3476 et
2239 3422 2343 3475 ius-

367 3513 420 3558 ta
460 3506 770 3572 πρόκλησις,
811 3522 969 3576 quam
1010 3506 1193 3575 ArgIvi
1235 3523 1337 3559 non
1374 3513 1711 3577 acceperunt.
1775 3507 2036 3560 Vitiosum
2080 3516 2158 3563 est
2195 3512 2338 3576 πρού-

374 3593 682 3660 καλεσάμην
721 3594 776 3647 in
818 3592 1053 3646 Plalonis
1106 3593 1443 3667 Eulhydemo
1496 3613 1543 3666 p.
1589 3599 1692 3649 294
1737 3595 1791 3648 Β.
1834 3595 1983 3661 μόλις
2028 3598 2162 3662 ὑμᾶς
2198 3601 2341 3666 πρού-
