2436 4068
967 224 1075 273 549

37 372 298 439 μκμένος,
338 369 429 424 scd
465 368 809 423 vehementer
843 365 910 420 de
947 365 1140 420 mendo
1186 372 1432 436 suspecta
1465 364 1594 420 haec
1629 367 1900 438 scriptura
1934 375 2015 424 est

38 470 92 516 et
151 456 475 531 perridicula
534 454 667 509 mihi
730 453 943 526 quidem
996 453 1208 507 videtur
1264 469 1395 507 esse.
1487 453 1632 521 Quae
1691 462 1818 509 sunt
1869 457 2012 510 enim

36 548 179 603 ὅπλα
224 546 530 607 δεινότατα,
585 541 820 613 quaeso?
875 541 1228 606 Ἐκποὶγλως,
1270 558 1374 611 quo
1414 540 1790 613 Hippocratem
1838 545 2013 598 novis-

39 637 238 690 simum
276 633 517 687 omnium
559 637 803 684 veterum
853 645 1012 682 usum
1054 645 1170 682 esse
1221 630 1457 693 scimuS,
1498 628 1630 683 nihil
1669 629 1815 685 aliud
1850 649 2012 703 quam

0 750 5 796 ;ι
40 724 204 783 δεινῶς
242 720 530 792 significat.
609 718 1029 782 Ἐκπαγλεῖσθαι
1063 715 1206 786 apud
1245 723 1430 787 poetas
1470 717 1739 788 significat
1771 720 2015 787 ὑπερθαυ·

0 806 243 879 ἷμαζειν.
337 810 413 864 Β6
466 808 634 862 armis
687 805 1047 872 λαμπρότατα
1103 809 1196 857 aut
1260 803 1438 858 simile
1505 806 1635 875 quid
1689 807 1741 861 in
1807 807 1901 862 tali
1958 826 2018 864 re

0 891 187 954 {recte
227 897 462 960 dicitur,
521 894 613 949 sed
659 893 792 948 nihil
841 900 1079 946 statuere
1130 890 1256 945 licet
1306 891 1360 944 in
1398 890 1551 946 libris
1587 900 1697 948 tam
1752 896 1889 951 male
1929 896 2019 952 ha-

0 961 170 1042 ibitis
216 994 270 1041 et
317 984 462 1038 omni
514 980 831 1036 mendorum
887 996 1083 1052 genere
1150 980 1462 1050 inquinatis,
1553 981 1777 1052 Legitur
1832 984 1872 1041 1.
1928 989 2017 1041 25.

0 1049 153 1134 ζέπεὶ
202 1072 259 1129 εὖ
311 1070 405 1127 οἷδ’
444 1071 617 1136 ἔγωγε
657 1067 734 1123 ὅτι
775 1071 819 1123 οἱ
859 1068 1011 1132 ἡδέως
1067 1068 1314 1127 ἐσθίοντες
1367 1069 1454 1122 καὶ
1496 1069 1561 1122 σύ
1618 1090 1713 1125 που
1758 1067 1903 1127 οἶσθα
1942 1073 2018 1129 ἔτι

0 1139 178 1218 Ῐοῦδὲν
231 1161 557 1229 προσδέονται
617 1158 809 1212 τούτων
865 1158 963 1211 τῶν
1013 1155 1392 1225 σοφισμάτων,
1433 1173 1570 1228 quae
1610 1164 1694 1213 est
1748 1159 1851 1215 ista
1907 1178 2020 1216 sca·

0 1188 234 1324 {brities
272 1249 532 1303 orationis
571 1254 625 1301 et
664 1247 787 1318 quis
826 1243 893 1299 ah
934 1246 1049 1316 ipso
1089 1243 1438 1316 Xenophonte
1476 1245 1633 1300 istam
1687 1250 2023 1320 compositio-

0 1327 168 1398 inem
203 1335 494 1410 profectam
538 1351 655 1390 esse
704 1332 920 1388 credet?
1002 1332 1192 1386 Veram
1243 1331 1527 1387 lectionem
1583 1337 1816 1390 servavit
1865 1337 2024 1394 Athe-

0 1401 15 1495 ‚f
44 1443 212 1482 naeus
252 1443 301 1497 p.
347 1428 448 1479 121
495 1423 555 1478 E.
591 1422 724 1476 ’ἐπεὶ
763 1419 816 1476 οἵ
846 1442 912 1486 γε
969 1421 1120 1484 ἡδέως
1161 1421 1408 1483 ἐσθίοντες
1447 1421 1678 1496 (vitiose
1729 1425 1850 1480 God.
1908 1430 2025 1482 uni-

0 1497 11 1579 ἓ
45 1532 143 1571 cus
175 1515 479 1569 Marcianus
517 1509 767 1583 ἔσθοντες)
825 1512 913 1564 καὶ
954 1510 1018 1563 σύ
1079 1529 1174 1563 που
1210 1505 1354 1564 οἶσθα
1404 1508 1480 1566 ἔτι
1521 1513 1657 1567 οὐδὲν
1697 1516 2021 1582 προσδέονται
2055 1588 2058 1592 A

0 1581 236 1673 Ῑτούτων
275 1607 373 1657 τῶν
427 1599 786 1669 σοφισμάτων.
867 1597 1020 1670 Apud
1079 1597 1365 1652 Stobaeuin
1405 1599 1582 1654 XLIV.
1627 1605 1715 1657 54.
1772 1605 2026 1660 mendosa

2 1674 18 1717 5
45 1691 203 1747 lectio
241 1698 321 1746 est
367 1688 549 1745 eadem
579 1730 593 1751 ‚
635 1704 772 1759 quae
813 1688 865 1740 in
917 1685 1093 1741 editis,
1176 1687 1232 1740 ln
1284 1688 1385 1750 iis,
1443 1705 1580 1759 quae
1633 1693 1817 1746 statim
1871 1711 2026 1766 prae-

0 1760 15 1837 τι
44 1780 274 1836 cedunt:
322 1778 459 1833 ἄλλο
498 1799 549 1832 τι
598 1774 680 1831 οὖν
720 1776 841 1840 οἴει,
894 1775 996 1845 ἔφη
1037 1777 1059 1829 0‘
1112 1776 1305 1843 Ἱέρων,
1359 1780 1536 1831 ταῦτα
1583 1777 1703 1851 [τοὶ]
1756 1782 2024 1850 ἐδέσματα

42 1866 171 1923 εἶναι
210 1870 239 1933 ἣ
280 1875 531 1933 μαλακῆς
564 1867 651 1920 καὶ
691 1866 996 1927 ἀσθενούσης
1050 1869 1221 1933 τρυφῇ
1260 1870 1441 1933 ψυχῆς
1482 1867 1892 1936 ἐπιθυμήματας
1936 1872 2023 1927 ad-

10 1958 283 2011 11n0nitus
323 1956 696 2027 unusquisque
748 1954 880 2008 satis
920 1954 1115 2007 sentiet
1155 1953 1226 2007 τα
1267 1970 1384 2007 esse
1426 1955 1555 2008 vitio
1610 1964 1796 2013 natum
1848 1967 1900 2014 et
1954 1960 2023 2016 Ι6-

12 2044 275 2116 ‘gendum
316 2048 492 2098 ταῦτα
533 2043 802 2109 ἐδέσματα
839 2039 967 2096 εἶναι
1012 2043 1039 2106 ἢ
1082 2073 1152 2083 —-
1195 2043 1600 2108 ἐπιθυμήματα;
1656 2046 1869 2102 Poterat
1919 2049 2023 2104 alia

10 2111 213 2188 ’torma
271 2133 527 2187 orationis
588 2148 717 2186 usus
778 2130 916 2185 idem
983 2131 1060 2184 sic
1117 2129 1330 2184 dicere:
1391 2133 1480 2185 οὐκ
1540 2133 1809 2198 ἐδέσματα
1867 2141 2023 2193 ταῦτ’

11 2190 177 2307 tisis«,
229 2223 355 2275 ἀλλ’
403 2221 798 2286 ἐπιθυμήματα.
878 2218 1016 2273 Vera
1073 2217 1231 2272 lectio
1286 2225 1367 2274 est
1408 2220 1460 2273 in
1512 2220 1702 2276 Codice
1751 2223 2021 2281 Marciano

16 2314 216 2379 Jaeoeb'roe
256 2309 524 2375 ἐδέσματα
563 2305 728 2372 εἶναι,
781 2307 870 2362 sed
923 2306 1164 2378 neglecta
1221 2305 1286 2361 ab
1341 2308 1444 2373 iis,
1499 2310 1590 2380 qui
1646 2310 1893 2368 Codicem
1935 2333 2021 2370 ex-

0 2384 344 2467 *huss-erunt.
424 2396 579 2469 Apud
638 2396 924 2451 Stobaeurn
977 2395 1206 2467 legitur:
1249 2428 1322 2437 -—
1361 2396 1448 2452 οἴει
1501 2403 1678 2454 ταῦτα
1738 2400 2020 2470 ζητήματα

0 2480 34 2548 .’
68 2484 207 2551 ἶναι,
246 2484 511 2550 absurde,
553 2485 644 2540 sed
686 2485 970 2552 ζητήματα
1012 2484 1319 2557 suppletum
1353 2492 1434 2540 est
1468 2503 1497 2540 a
1523 2488 1703 2543 nescio
1745 2507 1878 2561 que,
1923 2495 2015 2565 qui

0 2554 10 2655 l
98 2592 264 2630 cunas
316 2575 637 2646 antiquioris
688 2574 897 2628 Codicis
950 2590 1164 2628 summa
1215 2575 1521 2630 temeritate
1573 2584 1625 2630 et
1687 2578 2021 2651 impudentia

0 2659 13 2729 l
103 2665 290 2728 rcivit‚
352 2670 411 2717 ut
461 2662 564 2718 alio
615 2662 729 2717 loco
783 2662 1070 2734 diligenter
1123 2662 1477 2720 ostendimus.
1563 2666 1663 2719 Pro
1701 2667 1730 2730 ἢ
1769 2677 2020 2734 μαλακῆς

10 2749 97 2830 Jin
152 2752 421 2807 Marciano
467 2750 657 2806 Codice
712 2759 794 2806 est
846 2753 1230 2817 νἰμηδιακακῆςε
1289 2751 1428 2823 apud
1469 2751 1754 2810 stobaeum
1814 2758 1842 2821 ἢ
1900 2757 2020 2827 ἅμα

0 2841 233 2914 ῚΙΔἷοιοιιιῆς,
274 2840 463 2895 vitiose
504 2847 812 2911 utrumque.
894 2838 995 2894 Sed
1052 2839 1199 2894 iuvat
1249 2839 1435 2894 ordine
1476 2839 1744 2914 dialogum
1802 2861 2019 2917 percur-

0 2915 160 2999 ''hre
209 2936 260 2984 et
311 2929 498 3000 paucis
537 2927 679 2982 locos
734 2926 991 3000 quosdam
1052 2934 1147 2982 aut
1204 2945 1267 2983 ex
1326 2927 1600 2984 Athenaeo
1654 2930 2020 3008 Stobaeoque‚

31 3013 136 3076 hut
174 3034 238 3071 ex
289 3018 596 3071 coniectura
652 3017 703 3070 in
747 3017 1095 3087 integriorem
1153 3024 1352 3072 statum
1410 3019 1711 3077 restituere.
1790 3024 1848 3079 ln
1907 3027 2020 3099 ipso

8 3085 227 3176 :Dimine
265 3105 483 3160 Codices
518 3103 883 3177 Xenophontei
923 3103 1162 3159 mendosi
1205 3113 1359 3161 sunt:
1403 3106 1442 3160 1.
1479 3123 1513 3160 1.
1569 3098 1656 3163 mal
1699 3119 1823 3167 ποῖα
1862 3120 2018 3171 ταῦτ’

36 3183 147 3263 δεῖν
186 3225 244 3235 -
297 3194 447 3248 ὁποῖα
487 3195 545 3257 δὴ
587 3195 687 3259 ἐγὼ
726 3194 933 3260 βέλτιον
986 3193 1048 3248 ἂν
1098 3194 1276 3257 εἰδείην
1324 3200 1412 3250 σοῦ
1466 3194 1622 3259 οὕτως
1670 3198 1807 3262 ὄντος
1856 3209 2017 3273 σοφοῦ

41 3281 251 3348 ἀνδρόςς
308 3281 366 3336 ln
424 3281 508 3336 his
550 3290 646 3336 ΔΗ
688 3298 751 3337 ex
791 3290 892 3337 AN
934 3291 1121 3338 natum
1168 3291 1250 3338 est
1291 3290 1344 3338 et
1397 3283 1683 3342 obscurata
1724 3289 1802 3343 sic
1851 3292 2015 3362 parti-

42 3368 162 3423 cula
217 3385 382 3440 quum
424 3369 821 3425 desideraretur
859 3388 890 3425 a
935 3372 1114 3426 nescio
1174 3388 1278 3444 quo
1329 3381 1630 3430 correctore
1672 3377 1722 3430 in
1780 3377 2015 3436 alienum

44 3455 217 3512 locum
261 3457 458 3512 inserta
500 3466 597 3513 est.
677 3458 981 3514 Genuinum
1028 3468 1110 3515 cst
1151 3461 1352 3532 igitur:
1394 3462 1524 3517 ὁποῖ’
1563 3462 1627 3518 ἂν
1666 3464 1768 3529 ἐγὼ
1806 3467 2017 3531 βέλτιον

45 3545 225 3607 εἰδείην
265 3545 371 3598 κτὲ.
414 3561 549 3616 quae
588 3545 746 3601 lectio
803 3547 1020 3603 totidem
1080 3548 1276 3604 litteris
1321 3550 1459 3622 apud
1504 3551 1787 3608 Stobaeum
1833 3573 2018 3630 super-

19 3639 147 3688 ,εει
229 3632 421 3687 Notum
474 3639 551 3688 est
608 3636 815 3705 quotics
856 3645 955 3691 AN
997 3643 1049 3693 ct
1091 3646 1187 3692 ΔΗ
1238 3638 1637 3695 contundantur
1677 3649 1726 3695 ct
1788 3643 1886 3716 ipsi
1933 3665 2019 3704 su-
