2436 4068
1293 251 1360 301 84

334 393 658 465 intelligisne
691 393 940 449 lacunam
976 412 1006 448 a
1044 392 1302 448 Graeculo
1335 408 1399 447 ex
1435 393 1702 447 sententia
1742 393 1842 448 loci
1879 393 2163 450 infeliciter
2195 413 2318 468 sup-

333 482 556 553 pletam:
598 481 741 548 ἄγαν
776 481 1066 549 θηρωμένοις
1104 495 1443 551 quacumque
1477 478 1541 533 de
1571 497 1734 535 causa
1766 480 1871 552 legi
1900 501 2002 537 non
2039 491 2313 555 poterant:

335 569 400 625 de
443 587 540 624 suo
579 569 726 624 dedit
770 571 1023 623 διώκουσιν
1062 567 1207 634 ἄγαν
1248 567 1407 621 metri
1447 583 1671 622 securus
1715 575 1766 622 et
1814 570 2132 632 immemor,
2177 571 2317 627 unde

333 655 482 710 fraus
521 657 770 728 perpluit.
851 654 1161 710 Celebratus
1206 661 1287 710 est
1334 654 1475 727 apud
1525 663 1732 711 veteres
1783 656 1974 711 nobilis
2027 658 2114 713 hic
2163 660 2320 714 Euri-

334 745 474 815 pidis
507 745 687 799 locus:

637 833 701 886 σὺ
734 833 795 895 δ’,
829 828 864 884 ὦ
899 833 1015 885 θεῶν
1054 832 1264 899 τύραννε
1305 833 1604 900 κάνθρώπων
1635 833 1827 899 ’Έρως,

637 919 665 981 ἢ
706 921 779 984 μὴ
815 919 1024 974 δίδασκε
1064 919 1136 974 τοὶ
1176 920 1321 974 καλοὶ
1361 919 1637 989 φαίνεσθαι
1678 920 1823 974 καλοὶ

638 1006 667 1068 ἢ
708 1014 814 1067 τοῖς
854 1007 1023 1075 ἐρῶσιν
1064 1005 1128 1061 ὧν
1167 1009 1229 1063 σὺ
1270 1009 1567 1075 δημιουργος
1608 1004 1660 1060 εἷ

632 1096 881 1162 μοχθοῦσι
920 1094 1147 1164 μόχθους
1185 1098 1419 1163 εὐτυχῶς
1459 1095 1784 1149 συνεκπόνει.

333 1182 376 1235 si
421 1198 515 1253 per
552 1181 763 1238 Stobaei
798 1181 1016 1238 Codices
1057 1184 1293 1237 stetisset
1331 1181 1618 1254 Euripides
1658 1182 1806 1237 visus
1840 1189 1977 1237 esset
2015 1181 2241 1239 dixisse:

638 1272 700 1326 σὺ
735 1271 778 1325 δ’
814 1268 850 1325 ὦ
888 1270 1071 1329 κοέκιςε
1105 1270 1312 1326 πάντων
1349 1271 1467 1324 θεῶν
1502 1271 1800 1336 κάνθρώπων

639 1358 667 1421 ἢ
708 1360 782 1424 μὴ
821 1358 1030 1414 δίδασκε
1067 1359 1139 1413 τοὶ
1179 1358 1325 1413 καλοὶ
1364 1357 1640 1427 φαίνεσθαι
1679 1357 1854 1422 καλοὶ,

638 1446 666 1509 ἢ
700 1453 805 1509 τοῖς
847 1448 1015 1514 ἐρῶσιν
1055 1447 1270 1512 εὐμενὴς
1313 1446 1602 1514 παρίςασο.

335 1549 471 1604 quae
521 1533 776 1605 leguntur
822 1536 876 1589 in
935 1534 1117 1590 Floril.
1158 1534 1339 1590 LXIV.
1379 1538 1432 1589 6.
1514 1533 1662 1589 Unde
1711 1535 1812 1589 ista
1877 1533 2147 1589 malesana
2192 1537 2319 1590 scri-

331 1622 528 1691 ptura?
609 1622 951 1679 Manifestum
988 1640 1104 1678 esse
1142 1623 1346 1694 opinor.
1428 1621 1720 1694 Supererat
1760 1624 1822 1678 σὺ
1857 1623 1899 1677 δ’
1949 1620 1984 1677 ὦ
2028 1623 2054 1647 4
2080 1623 2105 1647 4
2131 1623 2155 1648 4
2197 1625 2317 1678 noiv-

311 1709 532 1775 ’“θρώπων
566 1711 591 1735 4
618 1710 646 1773 ἢ
675 1713 749 1777 μὴ
779 1713 987 1767 δίδασκε
1010 1712 1080 1766 τοὶ
1102 1710 1248 1766 καλὰ
1270 1710 1546 1780 φαίνεσθαι
1568 1709 1713 1765 καλοὶ
1741 1709 1769 1773 ἢ
1793 1717 1900 1772 τοῖς
1928 1711 2098 1778 ἐρῶσιν
2124 1711 2148 1736 4
2173 1711 2197 1736 4
2223 1712 2248 1737 4
2275 1713 2298 1735 4

331 1813 468 1867 quac
513 1799 836 1853 temerarius
885 1805 1157 1854 corrector
1206 1815 1302 1853 suo
1339 1798 1510 1852 Marte
1555 1813 1841 1869 aggressus
1891 1805 1973 1853 est
2013 1799 2317 1855 restituere.

332 1883 546 1938 Lacuna
576 1894 692 1941 erat
725 1887 781 1940 in
813 1886 1089 1959 Euripidis
1123 1903 1281 1940 versu
1315 1884 1495 1940 CVIII.
1529 1888 1618 1939 24.
1658 1885 1730 1940 τα
1769 1885 1794 1910 4
1819 1886 1844 1910 4
1873 1886 1916 1940 δ’
1946 1885 2051 1946 ὄςις
2083 1885 2139 1942 εὖ
2172 1887 2316 1956 φέρει

330 1974 522 2042 βροτῶν
576 1973 586 2046 Ι
639 1975 797 2044 σοφὸν
837 1975 1020 2044 νομίζω
1068 1973 1299 2046 explevit
1339 1979 1611 2028 corrector
1651 1974 1722 2027 τοὶ
1760 1971 2133 2041 τυγχάνοντα,
2178 1974 2320 2045 quod

331 2078 491 2117 sensu
525 2078 756 2117 vacuum
792 2070 896 2118 est:
935 2079 1059 2117 vera
1093 2062 1364 2134 scriptura
1386 2078 1416 2116 a
1452 2060 1741 2116 Plutarcho
1773 2068 1985 2117 servata
2019 2069 2100 2116 est
2134 2061 2317 2117 Moral.

332 2165 381 2220 p.
415 2152 540 2203 116.
572 2149 634 2205 F.
685 2151 756 2205 τα
796 2150 1175 2219 προσπεσόντα.
1260 2149 1549 2221 Supererat
1595 2149 1649 2203 in
1692 2148 1970 2220 Euripidis
2017 2147 2319 2220 fragmento

332 2236 514 2291 Floril.
547 2236 729 2292 XCIII.
774 2243 859 2295 19.
902 2245 1224 2293 ΣΜΙΚΡΑΝ
1257 2238 1449 2304 θέλοιμι
1486 2236 1573 2292 καὶ
1606 2238 1718 2291 καθ’
1746 2237 1940 2305 ἡμέραν
1972 2236 2107 2305 ἔχων
2141 2237 2166 2263 4
2192 2239 2216 2263 4
2243 2238 2268 2263 4
2295 2240 2318 2264 4

335 2332 580 2379 ΟΙΚΕΙΝ
612 2328 821 2392 μᾶλλον
858 2327 886 2391 ἢ
917 2330 1150 2382 πλουτῶν
1184 2333 1372 2390 νοσεῖν,
1419 2324 1507 2380 uhi
1537 2324 1759 2391 σμικροὲν
1784 2323 1923 2380 male
1952 2324 2082 2396 legit
2122 2325 2319 2380 sciolus

333 2429 429 2484 pro
469 2413 640 2482 σμίκρ’
670 2413 736 2468 ἄν
767 2420 818 2469 et
847 2414 974 2469 hinc
1007 2413 1275 2486 supplevit
1303 2414 1494 2482 τροφὴν
1527 2414 1732 2467 ἐνοικεῖν
1762 2419 1816 2469 et
1849 2413 2082 2468 correxit
2116 2413 2320 2468 scilicet

332 2500 525 2567 θέλοιμ’
566 2499 648 2556 ἄν.
728 2503 868 2558 Vera
899 2502 1059 2558 lectio
1099 2507 1318 2574 apparet
1360 2500 1565 2556 XCVII.
1610 2505 1692 2556 10.

538 2605 543 2610 ·
637 2590 810 2659 σμίκρ’
850 2590 914 2646 ἂν
956 2591 1150 2657 θέλοιμι
1191 2590 1277 2644 καὶ
1318 2591 1431 2644 καθ’
1472 2588 1663 2658 ἡμέραν
1704 2587 1838 2656 ἔχων

634 2678 835 2742 ἄλυπος
873 2681 1023 2734 οἰκεῖν
1064 2682 1272 2746 μᾶλλον
1313 2678 1341 2742 ἢ
1383 2683 1617 2732 πλουτῶν
1656 2685 1833 2732 νοσεῖν.

333 2765 510 2833 Quum
545 2766 614 2820 sit
657 2784 947 2840 permagna
989 2766 1298 2822 huiusmodi
1333 2764 1808 2836 interpolationum
1851 2763 1992 2836 apud
2028 2763 2317 2819 Stobaeum

332 2853 485 2924 copia
523 2854 804 2908 continebo
852 2872 938 2910 me
972 2855 1025 2909 in
1074 2854 1391 2925 fragmentis
1427 2852 1740 2916 Menandri,
1793 2853 1950 2907 cuius
1983 2869 2145 2907 causa
2186 2851 2316 2909 haec

337 2939 703 2997 demonstrare
739 2943 969 2998 institui.
1049 2943 1108 2998 In
1133 2942 1313 2998 Floril.
1336 2941 1567 2996 LXVIII.
1594 2944 1662 2995 25
1701 2948 1979 3012 supererat
2018 2948 2214 3007 γαμεῖν
2239 2941 2264 2965 4
2296 2945 2315 2967 4

335 3029 405 3088 εἰς
440 3027 717 3094 μετάνοιαν
751 3030 993 3099 ἔρχεται,
1034 3031 1214 3102 inepte
1241 3029 1536 3084 Graeculus
1568 3026 1618 3091 ὃς
1652 3029 1810 3083 ἐθέλει
1840 3029 2101 3093 inseruit,
2143 3046 2315 3100 neque

335 3114 546 3170 foedum
602 3116 809 3172 hiatum
851 3119 1319 3182 aniniadvertenS,
1362 3134 1532 3187 neque
1575 3117 1895 3172 sententiani
1940 3123 2060 3189 apte
2101 3119 2315 3172 restitu-

336 3221 463 3269 cns,
526 3222 661 3276 quae
702 3207 934 3277 postulat
968 3215 1164 3272 γαμεῖν
1205 3207 1227 3260 o‘
1263 3207 1504 3272 μέλλων,
1554 3205 1694 3275 quod
1734 3211 1906 3259 exstat
1943 3206 1996 3259 in
2041 3205 2316 3260 Menandri

335 3293 647 3348 Monostich.
689 3299 873 3349 vs.91.
958 3295 1246 3366 Supererat
1286 3293 1421 3347 LIX.
1459 3297 1509 3347 9.

640 3383 661 3434 ὁ
703 3382 929 3450 δεύτερος
973 3390 1133 3444 πλοῦς
1176 3383 1250 3440 ἐςὶ
1294 3383 1451 3445 δήπου
1493 3381 1772 3446 λεγόμενος

637 3468 699 3523 ἂν
740 3471 987 3540 ἀποτύχῃ
1029 3493 1104 3533 τις
1152 3474 1170 3498 4
1203 3472 1223 3496 4
1266 3471 1485 3524 κώπαισι
1526 3477 1707 3524 πλεῖν.

329 3556 541 3627 stupide
582 3563 850 3613 corrector
889 3557 1092 3613 addidit
1149 3563 1337 3625 πρῶτον
1386 3558 1470 3620 ἐν,
1524 3555 1683 3627 idque
1723 3556 2018 3612 Mcinekius
2078 3557 2308 3627 recepit:

333 3642 393 3696 ἓιν
435 3645 682 3715 οέποτύχιρ
730 3667 806 3706 τις
857 3652 1045 3715 πρῶτον
1100 3647 1146 3699 ἐν
1190 3647 1435 3701 κώπαισιν
1473 3651 1639 3700 πλεῖν.
1683 3660 2008 3716 quamquam
2051 3644 2312 3700 Sententia
