<?xml version="1.0" encoding="UTF-8"?>
<!DOCTYPE html PUBLIC "-//W3C//DTD XHTML 1.0 Transitional//EN"
    "http://www.w3.org/TR/xhtml1/DTD/xhtml1-transitional.dtd">
<html xmlns="http://www.w3.org/1999/xhtml" xml:lang="en" lang="en">
 <head>
  <title>
</title>
<meta http-equiv="Content-Type" content="text/html;charset=utf-8" />
  <meta name='ocr-system' content='tesseract 3.04.00' />
  <meta name='ocr-capabilities' content='ocr_page ocr_carea ocr_par ocr_line ocrx_word'/>
</head>
<body>
  <div class='ocr_page' id='page_1' title='image "./novaelectionesqu00cobeuoft/novaelectionesqu00cobeuoft_0636.png"; bbox 0 0 2436 4068; ppageno 0'>
   <div class='ocr_carea' id='block_1_1' title="bbox 1256 201 1361 252">
    <p class='ocr_par' dir='ltr' id='par_1_1' title="bbox 1256 201 1361 252">
     <span class='ocr_line' id='line_1_1' title="bbox 1256 201 1361 252; baseline 0 -2"><span class='ocrx_word' id='word_1_1' title='bbox 1256 201 1361 252; x_wconf 69' lang='lat'>602</span> 
     </span>
    </p>
   </div>
   <div class='ocr_carea' id='block_1_2' title="bbox 337 342 2325 585">
    <p class='ocr_par' dir='ltr' id='par_1_2' title="bbox 337 342 2325 585">
     <span class='ocr_line' id='line_1_2' title="bbox 337 342 2320 415; baseline 0.003 -17"><span class='ocrx_word' id='word_1_2' title='bbox 337 343 533 401; x_wconf 84' lang='lat' dir='ltr'>derint.</span> <span class='ocrx_word' id='word_1_3' title='bbox 612 344 811 415; x_wconf 85' lang='lat' dir='ltr'><strong>Nempe</strong></span> <span class='ocrx_word' id='word_1_4' title='bbox 851 342 1202 398; x_wconf 74' lang='lat' dir='ltr'><strong>describentis</strong></span> <span class='ocrx_word' id='word_1_5' title='bbox 1237 342 1377 396; x_wconf 87' lang='lat' dir='ltr'>oculi</span> <span class='ocrx_word' id='word_1_6' title='bbox 1419 359 1587 412; x_wconf 85' lang='lat' dir='ltr'>quum</span> <span class='ocrx_word' id='word_1_7' title='bbox 1642 352 1872 414; x_wconf 79' lang='grc' dir='ltr'><em>Ξενοφῶν</em></span> <span class='ocrx_word' id='word_1_8' title='bbox 1910 348 1963 400; x_wconf 89' lang='lat' dir='ltr'>in</span> <span class='ocrx_word' id='word_1_9' title='bbox 2002 350 2196 403; x_wconf 83' lang='lat' dir='ltr'>vicinia</span> <span class='ocrx_word' id='word_1_10' title='bbox 2238 367 2320 404; x_wconf 85' lang='lat' dir='ltr'>re-</span> 
     </span>
     <span class='ocr_line' id='line_1_3' title="bbox 339 429 2325 504; baseline 0.002 -16"><span class='ocrx_word' id='word_1_11' title='bbox 339 441 583 488; x_wconf 81' lang='lat' dir='ltr'>curreret</span> <span class='ocrx_word' id='word_1_12' title='bbox 623 449 652 487; x_wconf 86' lang='lat' dir='ltr'>a</span> <span class='ocrx_word' id='word_1_13' title='bbox 688 433 866 503; x_wconf 86' lang='lat' dir='ltr'>priore</span> <span class='ocrx_word' id='word_1_14' title='bbox 918 429 983 484; x_wconf 86' lang='lat' dir='ltr'>ad</span> <span class='ocrx_word' id='word_1_15' title='bbox 1035 431 1301 501; x_wconf 83' lang='lat' dir='ltr'>posterius</span> <span class='ocrx_word' id='word_1_16' title='bbox 1346 431 1697 496; x_wconf 85' lang='lat' dir='ltr'>aberrarunt,</span> <span class='ocrx_word' id='word_1_17' title='bbox 1752 451 1857 504; x_wconf 87' lang='lat' dir='ltr'>quo</span> <span class='ocrx_word' id='word_1_18' title='bbox 1899 434 2102 490; x_wconf 85' lang='lat' dir='ltr'>factum</span> <span class='ocrx_word' id='word_1_19' title='bbox 2141 446 2222 491; x_wconf 85' lang='lat' dir='ltr'>est</span> <span class='ocrx_word' id='word_1_20' title='bbox 2265 446 2325 492; x_wconf 91' lang='lat' dir='ltr'>ut</span> 
     </span>
     <span class='ocr_line' id='line_1_4' title="bbox 337 519 2320 585; baseline 0.003 -10"><span class='ocrx_word' id='word_1_21' title='bbox 337 520 660 576; x_wconf 87' lang='lat' dir='ltr'>intermedia</span> <span class='ocrx_word' id='word_1_22' title='bbox 697 521 1094 574; x_wconf 85' lang='lat' dir='ltr'>omitterentur.</span> <span class='ocrx_word' id='word_1_23' title='bbox 1156 519 1287 585; x_wconf 85' lang='lat' dir='ltr'>Quis</span> <span class='ocrx_word' id='word_1_24' title='bbox 1324 520 1493 572; x_wconf 87' lang='lat' dir='ltr'>nescit</span> <span class='ocrx_word' id='word_1_25' title='bbox 1531 520 1667 574; x_wconf 89' lang='lat' dir='ltr'>hanc</span> <span class='ocrx_word' id='word_1_26' title='bbox 1699 537 1815 575; x_wconf 89' lang='lat' dir='ltr'>esse</span> <span class='ocrx_word' id='word_1_27' title='bbox 1850 523 2165 579; x_wconf 88' lang='lat' dir='ltr'>lacunarum</span> <span class='ocrx_word' id='word_1_28' title='bbox 2199 543 2320 580; x_wconf 91' lang='lat' dir='ltr'>cau-</span> 
     </span>
    </p>
   </div>
   <div class='ocr_carea' id='block_1_3' title="bbox 338 591 2433 682">
    <p class='ocr_par' dir='ltr' id='par_1_3' title="bbox 338 591 2433 682">
     <span class='ocr_line' id='line_1_5' title="bbox 338 591 2433 682; baseline 0.001 -18"><span class='ocrx_word' id='word_1_29' title='bbox 338 626 451 664; x_wconf 91' lang='lat' dir='ltr'>sam</span> <span class='ocrx_word' id='word_1_30' title='bbox 492 607 1021 680; x_wconf 78' lang='lat' dir='ltr'>frequentissimam?</span> <span class='ocrx_word' id='word_1_31' title='bbox 1103 608 1272 677; x_wconf 84' lang='lat' dir='ltr'>Attigi</span> <span class='ocrx_word' id='word_1_32' title='bbox 1322 614 1501 661; x_wconf 89' lang='lat' dir='ltr'>autem</span> <span class='ocrx_word' id='word_1_33' title='bbox 1554 608 1683 662; x_wconf 90' lang='lat' dir='ltr'>haec</span> <span class='ocrx_word' id='word_1_34' title='bbox 1742 617 1851 663; x_wconf 87' lang='lat' dir='ltr'>tam</span> <span class='ocrx_word' id='word_1_35' title='bbox 1909 612 2220 682; x_wconf 84' lang='lat' dir='ltr'>pervulgata</span> <span class='ocrx_word' id='word_1_36' title='bbox 2263 623 2321 668; x_wconf 91' lang='lat' dir='ltr'>ut</span> <span class='ocrx_word' id='word_1_37' title='bbox 2404 591 2433 675; x_wconf 49' lang='lat'>²²5„</span> 
     </span>
    </p>
   </div>
   <div class='ocr_carea' id='block_1_4' title="bbox 323 694 2320 1914">
    <p class='ocr_par' dir='ltr' id='par_1_4' title="bbox 328 694 2320 1295">
     <span class='ocr_line' id='line_1_6' title="bbox 337 694 2319 771; baseline 0.004 -22"><span class='ocrx_word' id='word_1_38' title='bbox 337 698 390 750; x_wconf 91' lang='lat' dir='ltr'>in</span> <span class='ocrx_word' id='word_1_39' title='bbox 434 697 548 767; x_wconf 92' lang='lat' dir='ltr'>ipso</span> <span class='ocrx_word' id='word_1_40' title='bbox 599 695 980 766; x_wconf 72' lang='lat' dir='ltr'>Xenophonteo</span> <span class='ocrx_word' id='word_1_41' title='bbox 1027 694 1307 768; x_wconf 81' lang='lat' dir='ltr'>Symposio</span> <span class='ocrx_word' id='word_1_42' title='bbox 1358 702 1593 750; x_wconf 86' lang='lat' dir='ltr'>veterem</span> <span class='ocrx_word' id='word_1_43' title='bbox 1646 697 1894 752; x_wconf 84' lang='lat' dir='ltr'>lacunam</span> <span class='ocrx_word' id='word_1_44' title='bbox 1949 701 2213 771; x_wconf 78' lang='lat' dir='ltr'>explerem</span> <span class='ocrx_word' id='word_1_45' title='bbox 2254 703 2319 758; x_wconf 94' lang='lat' dir='ltr'>Il.</span> 
     </span>
     <span class='ocr_line' id='line_1_7' title="bbox 339 783 2320 856; baseline 0.003 -17"><span class='ocrx_word' id='word_1_46' title='bbox 339 789 391 839; x_wconf 75' lang='lat'>5.</span> <span class='ocrx_word' id='word_1_47' title='bbox 431 784 523 838; x_wconf 89' lang='lat' dir='ltr'>ubi</span> <span class='ocrx_word' id='word_1_48' title='bbox 559 785 612 837; x_wconf 89' lang='lat' dir='ltr'>in</span> <span class='ocrx_word' id='word_1_49' title='bbox 651 783 804 837; x_wconf 87' lang='lat' dir='ltr'>libris</span> <span class='ocrx_word' id='word_1_50' title='bbox 841 790 948 836; x_wconf 84' lang='lat' dir='ltr'>est:</span> <span class='ocrx_word' id='word_1_51' title='bbox 990 783 1101 837; x_wconf 78' lang='grc' dir='ltr'><em>ἐπεὶ</em></span> <span class='ocrx_word' id='word_1_52' title='bbox 1137 788 1259 847; x_wconf 66' lang='grc' dir='ltr'><em>γοῦν</em></span> <span class='ocrx_word' id='word_1_53' title='bbox 1296 783 1559 851; x_wconf 74' lang='grc' dir='ltr'><em>νικηφόρος</em></span> <span class='ocrx_word' id='word_1_54' title='bbox 1593 786 1838 849; x_wconf 77' lang='grc' dir='ltr'><em>ἐβούλετο</em></span> <span class='ocrx_word' id='word_1_55' title='bbox 1870 791 1959 841; x_wconf 79' lang='grc' dir='ltr'>τοῦ</span> <span class='ocrx_word' id='word_1_56' title='bbox 1993 792 2320 856; x_wconf 68' lang='grc' dir='ltr'>παγκρατίου</span> 
     </span>
     <span class='ocr_line' id='line_1_8' title="bbox 334 869 2318 940; baseline 0.003 -14"><span class='ocrx_word' id='word_1_57' title='bbox 334 872 573 936; x_wconf 77' lang='grc' dir='ltr'><em>γενέσθαι</em></span> <span class='ocrx_word' id='word_1_58' title='bbox 613 873 704 926; x_wconf 85' lang='grc' dir='ltr'>σὺν</span> <span class='ocrx_word' id='word_1_59' title='bbox 740 872 814 925; x_wconf 78' lang='grc' dir='ltr'>σοὶ</span> <span class='ocrx_word' id='word_1_60' title='bbox 847 871 1176 939; x_wconf 69' lang='grc' dir='ltr'><em>σκεψάμενος</em></span> <span class='ocrx_word' id='word_1_61' title='bbox 1218 869 1284 925; x_wconf 77' lang='grc' dir='ltr'>αὖ</span> <span class='ocrx_word' id='word_1_62' title='bbox 1319 869 1369 931; x_wconf 74' lang='grc' dir='ltr'>ὃς</span> <span class='ocrx_word' id='word_1_63' title='bbox 1404 871 1468 924; x_wconf 74' lang='grc' dir='ltr'>ἂν</span> <span class='ocrx_word' id='word_1_64' title='bbox 1505 873 1622 940; x_wconf 73' lang='grc' dir='ltr'><em>δοκῇ</em></span> <span class='ocrx_word' id='word_1_65' title='bbox 1664 875 1804 940; x_wconf 79' lang='grc' dir='ltr'><em>αὐτῷ</em></span> <span class='ocrx_word' id='word_1_66' title='bbox 1839 876 2154 937; x_wconf 69' lang='grc' dir='ltr'><em>ἱκανώτατος</em></span> <span class='ocrx_word' id='word_1_67' title='bbox 2190 875 2318 931; x_wconf 78' lang='grc' dir='ltr'><em>εἶναι</em></span> 
     </span>
     <span class='ocr_line' id='line_1_9' title="bbox 331 959 2318 1035; baseline 0.003 -21"><span class='ocrx_word' id='word_1_68' title='bbox 331 962 404 1020; x_wconf 79' lang='grc' dir='ltr'><em>εἷς</em></span> <span class='ocrx_word' id='word_1_69' title='bbox 439 961 498 1014; x_wconf 86' lang='grc' dir='ltr'>τὸ</span> <span class='ocrx_word' id='word_1_70' title='bbox 536 964 712 1013; x_wconf 79' lang='grc' dir='ltr'><em>ταῦτα</em></span> <span class='ocrx_word' id='word_1_71' title='bbox 753 961 1083 1021; x_wconf 71' lang='grc' dir='ltr'>ἐπιτηδεῦσαι</span> <span class='ocrx_word' id='word_1_72' title='bbox 1121 960 1284 1026; x_wconf 83' lang='grc' dir='ltr'><em>τούτῳ</em></span> <span class='ocrx_word' id='word_1_73' title='bbox 1331 959 1575 1024; x_wconf 76' lang='grc' dir='ltr'><em>συνέςαι,</em></span> <span class='ocrx_word' id='word_1_74' title='bbox 1628 960 1719 1013; x_wconf 89' lang='lat' dir='ltr'>ubi</span> <span class='ocrx_word' id='word_1_75' title='bbox 1765 964 2010 1033; x_wconf 83' lang='lat' dir='ltr'>suspicor</span> <span class='ocrx_word' id='word_1_76' title='bbox 2051 964 2131 1017; x_wconf 84' lang='lat' dir='ltr'>his</span> <span class='ocrx_word' id='word_1_77' title='bbox 2172 982 2318 1035; x_wconf 77' lang='lat' dir='ltr'>repe-</span> 
     </span>
     <span class='ocr_line' id='line_1_10' title="bbox 331 1046 2318 1125; baseline 0.003 -23"><span class='ocrx_word' id='word_1_78' title='bbox 331 1049 496 1102; x_wconf 89' lang='lat' dir='ltr'>titum</span> <span class='ocrx_word' id='word_1_79' title='bbox 533 1046 863 1115; x_wconf 66' lang='grc' dir='ltr'><em>σκεψάμενος</em></span> <span class='ocrx_word' id='word_1_80' title='bbox 904 1048 1173 1118; x_wconf 83' lang='lat' dir='ltr'>peperisse</span> <span class='ocrx_word' id='word_1_81' title='bbox 1213 1047 1512 1100; x_wconf 87' lang='lat' dir='ltr'>scribarum</span> <span class='ocrx_word' id='word_1_82' title='bbox 1556 1063 1795 1103; x_wconf 88' lang='lat' dir='ltr'>errorem</span> <span class='ocrx_word' id='word_1_83' title='bbox 1836 1056 1890 1103; x_wconf 89' lang='lat' dir='ltr'>et</span> <span class='ocrx_word' id='word_1_84' title='bbox 1935 1051 2011 1104; x_wconf 90' lang='lat' dir='ltr'>sic</span> <span class='ocrx_word' id='word_1_85' title='bbox 2044 1069 2158 1106; x_wconf 92' lang='lat' dir='ltr'>esse</span> <span class='ocrx_word' id='word_1_86' title='bbox 2197 1070 2318 1125; x_wconf 86' lang='lat' dir='ltr'>sup-</span> 
     </span>
     <span class='ocr_line' id='line_1_11' title="bbox 328 1135 2316 1208; baseline 0.004 -19"><span class='ocrx_word' id='word_1_87' title='bbox 328 1135 614 1207; x_wconf 86' lang='lat' dir='ltr'>plendum:</span> <span class='ocrx_word' id='word_1_88' title='bbox 663 1137 756 1190; x_wconf 82' lang='grc' dir='ltr'>σὺν</span> <span class='ocrx_word' id='word_1_89' title='bbox 803 1135 878 1189; x_wconf 79' lang='grc' dir='ltr'>σοὶ</span> <span class='ocrx_word' id='word_1_90' title='bbox 926 1135 1274 1208; x_wconf 67' lang='grc' dir='ltr'><em>(σκεψάμενος</em></span> <span class='ocrx_word' id='word_1_91' title='bbox 1315 1140 1464 1189; x_wconf 76' lang='grc' dir='ltr'><em>τοῦτο</em></span> <span class='ocrx_word' id='word_1_92' title='bbox 1500 1136 1855 1203; x_wconf 76' lang='grc' dir='ltr'><em>κατέπραξεν,</em></span> <span class='ocrx_word' id='word_1_93' title='bbox 1899 1137 2022 1193; x_wconf 74' lang='grc' dir='ltr'><em>ὅταν</em></span> <span class='ocrx_word' id='word_1_94' title='bbox 2066 1142 2116 1195; x_wconf 74' lang='grc' dir='ltr'>δὲ</span> <span class='ocrx_word' id='word_1_95' title='bbox 2157 1143 2316 1203; x_wconf 83' lang='grc' dir='ltr'><em>καλὸς</em></span> 
     </span>
     <span class='ocr_line' id='line_1_12' title="bbox 334 1223 2115 1295; baseline 0.003 -17"><span class='ocrx_word' id='word_1_96' title='bbox 334 1225 566 1288; x_wconf 72' lang='grc' dir='ltr'><em>κοέγαθὸς</em></span> <span class='ocrx_word' id='word_1_97' title='bbox 601 1224 839 1289; x_wconf 75' lang='grc' dir='ltr'><em>γενέσθαι</em></span> <span class='ocrx_word' id='word_1_98' title='bbox 879 1225 1099 1292; x_wconf 65' lang='grc' dir='ltr'><em>’ἐπιθυμῇ</em></span> <span class='ocrx_word' id='word_1_99' title='bbox 1139 1223 1258 1291; x_wconf 79' lang='grc' dir='ltr'>πρὸς</span> <span class='ocrx_word' id='word_1_100' title='bbox 1301 1223 1502 1295; x_wconf 79' lang='grc' dir='ltr'><em>ἑαυτὸν)</em></span> <span class='ocrx_word' id='word_1_101' title='bbox 1540 1225 1870 1291; x_wconf 70' lang='grc' dir='ltr'><em>σκεψάμενος</em></span> <span class='ocrx_word' id='word_1_102' title='bbox 1906 1225 1973 1280; x_wconf 80' lang='grc' dir='ltr'>αὖ</span> <span class='ocrx_word' id='word_1_103' title='bbox 2008 1231 2115 1282; x_wconf 81' lang='grc' dir='ltr'><em>κτέ.</em></span> 
     </span>
    </p>

    <p class='ocr_par' dir='ltr' id='par_1_5' title="bbox 323 1310 2315 1805">
     <span class='ocr_line' id='line_1_13' title="bbox 403 1310 2315 1390; baseline 0.003 -25"><span class='ocrx_word' id='word_1_104' title='bbox 403 1311 559 1365; x_wconf 91' lang='lat' dir='ltr'>Nullo</span> <span class='ocrx_word' id='word_1_105' title='bbox 594 1313 805 1382; x_wconf 81' lang='lat' dir='ltr'>negotio</span> <span class='ocrx_word' id='word_1_106' title='bbox 844 1320 999 1366; x_wconf 88' lang='lat' dir='ltr'>vetus</span> <span class='ocrx_word' id='word_1_107' title='bbox 1037 1312 1229 1365; x_wconf 89' lang='lat' dir='ltr'>lacuna</span> <span class='ocrx_word' id='word_1_108' title='bbox 1271 1310 1508 1381; x_wconf 86' lang='lat' dir='ltr'>suppleri</span> <span class='ocrx_word' id='word_1_109' title='bbox 1555 1321 1724 1382; x_wconf 85' lang='lat' dir='ltr'>potest</span> <span class='ocrx_word' id='word_1_110' title='bbox 1768 1316 1820 1365; x_wconf 89' lang='lat' dir='ltr'>in</span> <span class='ocrx_word' id='word_1_111' title='bbox 1856 1315 2172 1385; x_wconf 89' lang='lat' dir='ltr'>Hippodami</span> <span class='ocrx_word' id='word_1_112' title='bbox 2218 1317 2315 1390; x_wconf 84' lang='lat' dir='ltr'>Py-</span> 
     </span>
     <span class='ocr_line' id='line_1_14' title="bbox 327 1397 2315 1471; baseline 0.003 -18"><span class='ocrx_word' id='word_1_113' title='bbox 327 1399 572 1470; x_wconf 78' lang='lat' dir='ltr'>thagorei</span> <span class='ocrx_word' id='word_1_114' title='bbox 610 1399 723 1453; x_wconf 93' lang='lat' dir='ltr'>loco</span> <span class='ocrx_word' id='word_1_115' title='bbox 758 1400 896 1470; x_wconf 91' lang='lat' dir='ltr'>apud</span> <span class='ocrx_word' id='word_1_116' title='bbox 937 1399 1080 1454; x_wconf 86' lang='lat' dir='ltr'>Stob.</span> <span class='ocrx_word' id='word_1_117' title='bbox 1128 1397 1310 1452; x_wconf 87' lang='lat' dir='ltr'>Floril.</span> <span class='ocrx_word' id='word_1_118' title='bbox 1351 1398 1580 1453; x_wconf 89' lang='lat' dir='ltr'><strong>XCVIII.</strong></span> <span class='ocrx_word' id='word_1_119' title='bbox 1627 1404 1690 1453; x_wconf 88' lang='lat'>71</span> <span class='ocrx_word' id='word_1_120' title='bbox 1737 1402 1811 1454; x_wconf 79' lang='grc' dir='ltr'><em>τοὶ</em></span> <span class='ocrx_word' id='word_1_121' title='bbox 1854 1404 1950 1465; x_wconf 79' lang='grc' dir='ltr'>μὲν</span> <span class='ocrx_word' id='word_1_122' title='bbox 1989 1404 2094 1470; x_wconf 72' lang='grc' dir='ltr'>γὰρ</span> <span class='ocrx_word' id='word_1_123' title='bbox 2131 1409 2315 1471; x_wconf 68' lang='grc' dir='ltr'><em>πρῶτοι</em></span> 
     </span>
     <span class='ocr_line' id='line_1_15' title="bbox 326 1487 2312 1556; baseline 0.003 -15"><span class='ocrx_word' id='word_1_124' title='bbox 326 1487 558 1554; x_wconf 73' lang='grc' dir='ltr'><em>ἀτυχέες</em></span> <span class='ocrx_word' id='word_1_125' title='bbox 601 1488 767 1548; x_wconf 82' lang='grc' dir='ltr'><em>ἐόντες</em></span> <span class='ocrx_word' id='word_1_126' title='bbox 806 1489 1115 1549; x_wconf 77' lang='grc' dir='ltr'><em>ἐκτήσαντο,</em></span> <span class='ocrx_word' id='word_1_127' title='bbox 1155 1487 1229 1540; x_wconf 80' lang='grc' dir='ltr'>τοὶ</span> <span class='ocrx_word' id='word_1_128' title='bbox 1273 1487 1324 1539; x_wconf 79' lang='grc' dir='ltr'>δὲ</span> <span class='ocrx_word' id='word_1_129' title='bbox 1361 1487 1579 1554; x_wconf 78' lang='grc' dir='ltr'><em>δεύτεροι</em></span> <span class='ocrx_word' id='word_1_130' title='bbox 1618 1490 1867 1554; x_wconf 81' lang='grc' dir='ltr'><em>εὐτυχέες</em></span> <span class='ocrx_word' id='word_1_131' title='bbox 1903 1491 2202 1556; x_wconf 77' lang='grc' dir='ltr'><em>γενόμενοι.</em></span> <span class='ocrx_word' id='word_1_132' title='bbox 2225 1535 2235 1546; x_wconf 95' lang='grc'><strong>.</strong></span> <span class='ocrx_word' id='word_1_133' title='bbox 2262 1535 2272 1546; x_wconf 92' lang='grc'><strong>.</strong></span> <span class='ocrx_word' id='word_1_134' title='bbox 2302 1535 2312 1546; x_wconf 94' lang='grc'><em>.</em></span> 
     </span>
     <span class='ocr_line' id='line_1_16' title="bbox 325 1574 2315 1648; baseline 0.003 -20"><span class='ocrx_word' id='word_1_135' title='bbox 325 1574 632 1644; x_wconf 77' lang='grc' dir='ltr'><em>διέφθειραν.</em></span> <span class='ocrx_word' id='word_1_136' title='bbox 715 1574 1107 1646; x_wconf 74' lang='lat' dir='ltr'>Supplentlum:</span> <span class='ocrx_word' id='word_1_137' title='bbox 1149 1575 1398 1642; x_wconf 80' lang='grc' dir='ltr'><em>εὐτυχέες</em></span> <span class='ocrx_word' id='word_1_138' title='bbox 1440 1575 1722 1648; x_wconf 72' lang='grc' dir='ltr'><em>(γενόμενοι</em></span> <span class='ocrx_word' id='word_1_139' title='bbox 1763 1578 2108 1641; x_wconf 69' lang='grc' dir='ltr'><em>ἀπέλαυσαν,</em></span> <span class='ocrx_word' id='word_1_140' title='bbox 2151 1582 2226 1634; x_wconf 81' lang='grc' dir='ltr'>τοὶ</span> <span class='ocrx_word' id='word_1_141' title='bbox 2263 1582 2315 1634; x_wconf 81' lang='grc' dir='ltr'>δὲ</span> 
     </span>
     <span class='ocr_line' id='line_1_17' title="bbox 325 1660 2313 1735; baseline 0.003 -19"><span class='ocrx_word' id='word_1_142' title='bbox 325 1663 481 1730; x_wconf 84' lang='grc' dir='ltr'><em>τρίτοι</em></span> <span class='ocrx_word' id='word_1_143' title='bbox 523 1660 764 1735; x_wconf 71' lang='grc' dir='ltr'><em>ἄφρονες)</em></span> <span class='ocrx_word' id='word_1_144' title='bbox 801 1663 1062 1727; x_wconf 68' lang='grc' dir='ltr'><em>γενόμενοι</em></span> <span class='ocrx_word' id='word_1_145' title='bbox 1097 1662 1412 1730; x_wconf 79' lang='grc' dir='ltr'><em>διέφθειραν,</em></span> <span class='ocrx_word' id='word_1_146' title='bbox 1471 1670 1529 1716; x_wconf 87' lang='lat' dir='ltr'>ut</span> <span class='ocrx_word' id='word_1_147' title='bbox 1569 1664 1746 1718; x_wconf 85' lang='lat' dir='ltr'>vicina</span> <span class='ocrx_word' id='word_1_148' title='bbox 1801 1666 1933 1720; x_wconf 86' lang='lat' dir='ltr'>satis</span> <span class='ocrx_word' id='word_1_149' title='bbox 1982 1666 2313 1722; x_wconf 86' lang='lat' dir='ltr'>demonstra·</span> 
     </span>
     <span class='ocr_line' id='line_1_18' title="bbox 323 1749 476 1805; baseline 0 -1"><span class='ocrx_word' id='word_1_150' title='bbox 323 1749 476 1805; x_wconf 58' lang='lat' dir='ltr'>bunt</span> 
     </span>
    </p>

    <p class='ocr_par' dir='ltr' id='par_1_6' title="bbox 400 1837 2313 1914">
     <span class='ocr_line' id='line_1_19' title="bbox 400 1837 2313 1914; baseline 0.003 -21"><span class='ocrx_word' id='word_1_151' title='bbox 400 1839 461 1893; x_wconf 90' lang='lat' dir='ltr'>In</span> <span class='ocrx_word' id='word_1_152' title='bbox 499 1855 615 1909; x_wconf 90' lang='lat' dir='ltr'>cap.</span> <span class='ocrx_word' id='word_1_153' title='bbox 657 1838 679 1891; x_wconf 96' lang='lat' dir='ltr'><strong>I</strong></span> <span class='ocrx_word' id='word_1_154' title='bbox 717 1837 915 1892; x_wconf 83' lang='lat' dir='ltr'>leviora</span> <span class='ocrx_word' id='word_1_155' title='bbox 967 1845 1176 1892; x_wconf 86' lang='lat' dir='ltr'>tantum</span> <span class='ocrx_word' id='word_1_156' title='bbox 1229 1839 1531 1909; x_wconf 73' lang='lat' dir='ltr'>scripturae</span> <span class='ocrx_word' id='word_1_157' title='bbox 1586 1840 1716 1894; x_wconf 88' lang='lat' dir='ltr'>vitia</span> <span class='ocrx_word' id='word_1_158' title='bbox 1761 1841 2078 1912; x_wconf 83' lang='lat' dir='ltr'>corrigenda</span> <span class='ocrx_word' id='word_1_159' title='bbox 2129 1861 2313 1914; x_wconf 91' lang='lat' dir='ltr'>super·</span> 
     </span>
    </p>
   </div>
   <div class='ocr_carea' id='block_1_5' title="bbox 324 1925 2406 2088">
    <p class='ocr_par' dir='ltr' id='par_1_7' title="bbox 324 1925 2406 2088">
     <span class='ocr_line' id='line_1_20' title="bbox 324 1925 2406 1999; baseline 0.003 -18"><span class='ocrx_word' id='word_1_160' title='bbox 324 1933 470 1981; x_wconf 85' lang='lat' dir='ltr'>sunt.</span> <span class='ocrx_word' id='word_1_161' title='bbox 552 1925 906 1980; x_wconf 76' lang='lat' dir='ltr'>Scribentlum</span> <span class='ocrx_word' id='word_1_162' title='bbox 957 1927 1102 1980; x_wconf 79' lang='lat' dir='ltr'>enim</span> <span class='ocrx_word' id='word_1_163' title='bbox 1153 1929 1182 1996; x_wconf 52' lang='grc' dir='ltr'>ᾗ</span> <span class='ocrx_word' id='word_1_164' title='bbox 1232 1931 1284 1981; x_wconf 91' lang='grc'>8.</span> <span class='ocrx_word' id='word_1_165' title='bbox 1340 1929 1720 1989; x_wconf 68' lang='grc' dir='ltr'><em>κατεκλίνησαν</em></span> <span class='ocrx_word' id='word_1_166' title='bbox 1774 1946 1870 1999; x_wconf 75' lang='lat' dir='ltr'>pro</span> <span class='ocrx_word' id='word_1_167' title='bbox 1907 1932 2316 1996; x_wconf 79' lang='grc' dir='ltr'><em>κατεκλίθησαν,</em></span> <span class='ocrx_word' id='word_1_168' title='bbox 2400 1935 2406 1993; x_wconf 71' lang='lat' dir='ltr'>J</span> 
     </span>
     <span class='ocr_line' id='line_1_21' title="bbox 326 2013 2403 2088; baseline 0.002 -19"><span class='ocrx_word' id='word_1_169' title='bbox 326 2016 454 2086; x_wconf 88' lang='lat' dir='ltr'>quia</span> <span class='ocrx_word' id='word_1_170' title='bbox 496 2014 627 2068; x_wconf 89' lang='lat' dir='ltr'>satis</span> <span class='ocrx_word' id='word_1_171' title='bbox 665 2020 874 2068; x_wconf 84' lang='lat' dir='ltr'>constat</span> <span class='ocrx_word' id='word_1_172' title='bbox 916 2013 1268 2068; x_wconf 85' lang='lat' dir='ltr'>Athenienses</span> <span class='ocrx_word' id='word_1_173' title='bbox 1309 2015 1398 2068; x_wconf 89' lang='lat' dir='ltr'>illa</span> <span class='ocrx_word' id='word_1_174' title='bbox 1440 2015 1611 2069; x_wconf 81' lang='lat' dir='ltr'>forma</span> <span class='ocrx_word' id='word_1_175' title='bbox 1653 2025 1909 2088; x_wconf 89' lang='lat' dir='ltr'>perpetuo</span> <span class='ocrx_word' id='word_1_176' title='bbox 1959 2017 2124 2073; x_wconf 79' lang='lat' dir='ltr'>luisse</span> <span class='ocrx_word' id='word_1_177' title='bbox 2167 2037 2314 2084; x_wconf 75' lang='lat' dir='ltr'>usoS,</span> <span class='ocrx_word' id='word_1_178' title='bbox 2400 2018 2403 2019; x_wconf 42' lang='lat'><em>⁷</em></span> 
     </span>
    </p>
   </div>
   <div class='ocr_carea' id='block_1_6' title="bbox 324 2102 2317 3410">
    <p class='ocr_par' dir='ltr' id='par_1_8' title="bbox 324 2102 2316 2530">
     <span class='ocr_line' id='line_1_22' title="bbox 326 2102 2312 2179; baseline 0.002 -20"><span class='ocrx_word' id='word_1_179' title='bbox 326 2104 416 2159; x_wconf 90' lang='lat' dir='ltr'>cui</span> <span class='ocrx_word' id='word_1_180' title='bbox 455 2102 661 2157; x_wconf 87' lang='lat' dir='ltr'>scribae</span> <span class='ocrx_word' id='word_1_181' title='bbox 702 2104 758 2156; x_wconf 84' lang='grc' dir='ltr'><em>ἐκ</em></span> <span class='ocrx_word' id='word_1_182' title='bbox 798 2109 891 2164; x_wconf 77' lang='grc' dir='ltr'>τῆς</span> <span class='ocrx_word' id='word_1_183' title='bbox 930 2104 1193 2164; x_wconf 80' lang='grc' dir='ltr'><em>συνηθείας</em></span> <span class='ocrx_word' id='word_1_184' title='bbox 1236 2121 1388 2157; x_wconf 88' lang='lat' dir='ltr'>suam</span> <span class='ocrx_word' id='word_1_185' title='bbox 1429 2104 1757 2158; x_wconf 86' lang='lat' dir='ltr'>substituere</span> <span class='ocrx_word' id='word_1_186' title='bbox 1803 2106 2062 2169; x_wconf 87' lang='lat' dir='ltr'>assolent,</span> <span class='ocrx_word' id='word_1_187' title='bbox 2103 2107 2167 2161; x_wconf 91' lang='lat' dir='ltr'>de</span> <span class='ocrx_word' id='word_1_188' title='bbox 2208 2126 2312 2179; x_wconf 83' lang='lat' dir='ltr'>qua</span> 
     </span>
     <span class='ocr_line' id='line_1_23' title="bbox 324 2190 2315 2264; baseline 0.002 -18"><span class='ocrx_word' id='word_1_189' title='bbox 324 2209 385 2246; x_wconf 87' lang='lat' dir='ltr'>re</span> <span class='ocrx_word' id='word_1_190' title='bbox 421 2191 487 2246; x_wconf 87' lang='lat' dir='ltr'>ad</span> <span class='ocrx_word' id='word_1_191' title='bbox 527 2190 849 2264; x_wconf 84' lang='lat' dir='ltr'>Hyperidem</span> <span class='ocrx_word' id='word_1_192' title='bbox 888 2192 1010 2257; x_wconf 81' lang='grc' dir='ltr'><em>ὑπὲρ</em></span> <span class='ocrx_word' id='word_1_193' title='bbox 1048 2190 1372 2253; x_wconf 73' lang='grc' dir='ltr'><em>Εὐξενίππου</em></span> <span class='ocrx_word' id='word_1_194' title='bbox 1413 2192 1804 2247; x_wconf 87' lang='lat' dir='ltr'>adnotavimus.</span> <span class='ocrx_word' id='word_1_195' title='bbox 1885 2194 1944 2248; x_wconf 91' lang='lat' dir='ltr'>In</span> <span class='ocrx_word' id='word_1_196' title='bbox 1978 2195 2164 2250; x_wconf 88' lang='lat' dir='ltr'>eadem</span> <span class='ocrx_word' id='word_1_197' title='bbox 2199 2215 2315 2252; x_wconf 87' lang='lat' dir='ltr'>son-</span> 
     </span>
     <span class='ocr_line' id='line_1_24' title="bbox 327 2278 2316 2352; baseline 0.003 -18"><span class='ocrx_word' id='word_1_198' title='bbox 327 2281 499 2334; x_wconf 85' lang='lat' dir='ltr'>tentia</span> <span class='ocrx_word' id='word_1_199' title='bbox 547 2296 662 2333; x_wconf 91' lang='lat' dir='ltr'>esse</span> <span class='ocrx_word' id='word_1_200' title='bbox 711 2278 864 2332; x_wconf 91' lang='lat' dir='ltr'>video</span> <span class='ocrx_word' id='word_1_201' title='bbox 914 2279 1250 2334; x_wconf 78' lang='lat' dir='ltr'>Dindorlium</span> <span class='ocrx_word' id='word_1_202' title='bbox 1303 2279 1368 2333; x_wconf 90' lang='lat' dir='ltr'>ad</span> <span class='ocrx_word' id='word_1_203' title='bbox 1429 2279 1624 2352; x_wconf 83' lang='lat' dir='ltr'>Cyrop.</span> <span class='ocrx_word' id='word_1_204' title='bbox 1677 2281 1815 2335; x_wconf 85' lang='lat' dir='ltr'>VllI.</span> <span class='ocrx_word' id='word_1_205' title='bbox 1856 2300 1943 2335; x_wconf 91' lang='lat' dir='ltr'>v11.</span> <span class='ocrx_word' id='word_1_206' title='bbox 1987 2287 2039 2337; x_wconf 88' lang='grc'>4.</span> <span class='ocrx_word' id='word_1_207' title='bbox 2119 2285 2316 2340; x_wconf 86' lang='lat' dir='ltr'>Forma</span> 
     </span>
     <span class='ocr_line' id='line_1_25' title="bbox 325 2367 2313 2438; baseline 0.003 -15"><span class='ocrx_word' id='word_1_208' title='bbox 325 2369 506 2423; x_wconf 86' lang='lat' dir='ltr'>Attica</span> <span class='ocrx_word' id='word_1_209' title='bbox 539 2374 770 2422; x_wconf 87' lang='lat' dir='ltr'>aetatem</span> <span class='ocrx_word' id='word_1_210' title='bbox 813 2367 937 2420; x_wconf 88' lang='lat' dir='ltr'>tulit</span> <span class='ocrx_word' id='word_1_211' title='bbox 972 2375 1024 2420; x_wconf 89' lang='lat' dir='ltr'>et</span> <span class='ocrx_word' id='word_1_212' title='bbox 1061 2369 1220 2421; x_wconf 88' lang='lat' dir='ltr'>etiam</span> <span class='ocrx_word' id='word_1_213' title='bbox 1269 2368 1606 2438; x_wconf 85' lang='lat' dir='ltr'>sequioribus</span> <span class='ocrx_word' id='word_1_214' title='bbox 1645 2369 1975 2424; x_wconf 85' lang='lat' dir='ltr'>restituenda</span> <span class='ocrx_word' id='word_1_215' title='bbox 1995 2379 2117 2436; x_wconf 85' lang='lat' dir='ltr'>est,</span> <span class='ocrx_word' id='word_1_216' title='bbox 2158 2374 2313 2428; x_wconf 87' lang='lat' dir='ltr'>Dioni</span> 
     </span>
     <span class='ocr_line' id='line_1_26' title="bbox 330 2453 1580 2530; baseline -0.002 -19"><span class='ocrx_word' id='word_1_217' title='bbox 330 2456 738 2530; x_wconf 83' lang='lat' dir='ltr'>Chrysostom0‚</span> <span class='ocrx_word' id='word_1_218' title='bbox 781 2453 1096 2518; x_wconf 81' lang='lat' dir='ltr'>Plutarcho,</span> <span class='ocrx_word' id='word_1_219' title='bbox 1141 2456 1404 2519; x_wconf 77' lang='lat' dir='ltr'>Lucieno,</span> <span class='ocrx_word' id='word_1_220' title='bbox 1445 2456 1580 2509; x_wconf 83' lang='lat' dir='ltr'>aliiS.</span> 
     </span>
    </p>

    <p class='ocr_par' dir='ltr' id='par_1_9' title="bbox 330 2543 2317 2881">
     <span class='ocr_line' id='line_1_27' title="bbox 406 2543 2315 2614; baseline 0.003 -15"><span class='ocrx_word' id='word_1_221' title='bbox 406 2546 468 2599; x_wconf 91' lang='lat' dir='ltr'>In</span> <span class='ocrx_word' id='word_1_222' title='bbox 513 2547 603 2614; x_wconf 80' lang='lat'>§9</span> <span class='ocrx_word' id='word_1_223' title='bbox 639 2544 800 2602; x_wconf 81' lang='grc' dir='ltr'><em>οὐδεὶς</em></span> <span class='ocrx_word' id='word_1_224' title='bbox 835 2545 923 2598; x_wconf 82' lang='grc' dir='ltr'><em>οὐκ</em></span> <span class='ocrx_word' id='word_1_225' title='bbox 964 2543 1174 2611; x_wconf 76' lang='grc' dir='ltr'><em>ἔπασχέ</em></span> <span class='ocrx_word' id='word_1_226' title='bbox 1209 2565 1258 2597; x_wconf 80' lang='grc' dir='ltr'>τι</span> <span class='ocrx_word' id='word_1_227' title='bbox 1297 2546 1388 2606; x_wconf 68' lang='grc' dir='ltr'><em>τὴν</em></span> <span class='ocrx_word' id='word_1_228' title='bbox 1421 2547 1620 2612; x_wconf 79' lang='grc' dir='ltr'><em>ψυχήν.</em></span> <span class='ocrx_word' id='word_1_229' title='bbox 1672 2545 1965 2601; x_wconf 88' lang='lat' dir='ltr'>Verissima</span> <span class='ocrx_word' id='word_1_230' title='bbox 1988 2555 2068 2602; x_wconf 87' lang='lat' dir='ltr'>est</span> <span class='ocrx_word' id='word_1_231' title='bbox 2094 2549 2315 2605; x_wconf 85' lang='lat' dir='ltr'>Schnei-</span> 
     </span>
     <span class='ocr_line' id='line_1_28' title="bbox 330 2629 2317 2705; baseline 0.003 -18"><span class='ocrx_word' id='word_1_232' title='bbox 330 2633 446 2687; x_wconf 86' lang='lat' dir='ltr'>deri</span> <span class='ocrx_word' id='word_1_233' title='bbox 487 2630 790 2685; x_wconf 85' lang='lat' dir='ltr'>emendatio</span> <span class='ocrx_word' id='word_1_234' title='bbox 826 2631 983 2691; x_wconf 78' lang='grc' dir='ltr'><em>οὐδεὶς</em></span> <span class='ocrx_word' id='word_1_235' title='bbox 1044 2629 1148 2691; x_wconf 66' lang='lat' dir='ltr'>Hem</span> <span class='ocrx_word' id='word_1_236' title='bbox 1195 2635 1283 2686; x_wconf 83' lang='grc' dir='ltr'><em>οὐκ</em></span> <span class='ocrx_word' id='word_1_237' title='bbox 1324 2631 1533 2699; x_wconf 78' lang='grc' dir='ltr'><em>ἔπασχέ</em></span> <span class='ocrx_word' id='word_1_238' title='bbox 1573 2655 1621 2686; x_wconf 86' lang='grc' dir='ltr'>τι</span> <span class='ocrx_word' id='word_1_239' title='bbox 1664 2640 1716 2687; x_wconf 92' lang='lat' dir='ltr'>et</span> <span class='ocrx_word' id='word_1_240' title='bbox 1759 2635 2062 2705; x_wconf 88' lang='lat' dir='ltr'>recipienda</span> <span class='ocrx_word' id='word_1_241' title='bbox 2105 2638 2158 2690; x_wconf 90' lang='lat' dir='ltr'>in</span> <span class='ocrx_word' id='word_1_242' title='bbox 2205 2645 2317 2692; x_wconf 84' lang='lat' dir='ltr'>tex·</span> 
     </span>
     <span class='ocr_line' id='line_1_29' title="bbox 335 2718 2314 2799; baseline 0.003 -25"><span class='ocrx_word' id='word_1_243' title='bbox 335 2728 468 2775; x_wconf 88' lang='lat' dir='ltr'>tum.</span> <span class='ocrx_word' id='word_1_244' title='bbox 521 2718 672 2786; x_wconf 84' lang='lat' dir='ltr'>Quod</span> <span class='ocrx_word' id='word_1_245' title='bbox 695 2718 910 2782; x_wconf 90' lang='lat' dir='ltr'>editur,</span> <span class='ocrx_word' id='word_1_246' title='bbox 946 2736 1050 2771; x_wconf 89' lang='lat' dir='ltr'>non</span> <span class='ocrx_word' id='word_1_247' title='bbox 1093 2727 1174 2774; x_wconf 86' lang='lat' dir='ltr'>est</span> <span class='ocrx_word' id='word_1_248' title='bbox 1215 2719 1508 2783; x_wconf 85' lang='lat' dir='ltr'>Graecum,</span> <span class='ocrx_word' id='word_1_249' title='bbox 1552 2727 1604 2774; x_wconf 86' lang='lat' dir='ltr'>et</span> <span class='ocrx_word' id='word_1_250' title='bbox 1646 2721 1783 2791; x_wconf 94' lang='lat' dir='ltr'>quod</span> <span class='ocrx_word' id='word_1_251' title='bbox 1808 2723 2113 2778; x_wconf 86' lang='lat' dir='ltr'>Athenaeus</span> <span class='ocrx_word' id='word_1_252' title='bbox 2148 2726 2230 2799; x_wconf 89' lang='lat' dir='ltr'>(V.</span> <span class='ocrx_word' id='word_1_253' title='bbox 2263 2744 2314 2798; x_wconf 89' lang='lat' dir='ltr'>p.</span> 
     </span>
     <span class='ocr_line' id='line_1_30' title="bbox 333 2805 2313 2881; baseline 0.004 -19"><span class='ocrx_word' id='word_1_254' title='bbox 333 2808 463 2881; x_wconf 69' lang='lat'>226)</span> <span class='ocrx_word' id='word_1_255' title='bbox 503 2825 567 2862; x_wconf 90' lang='lat' dir='ltr'>ex</span> <span class='ocrx_word' id='word_1_256' title='bbox 610 2807 661 2861; x_wconf 90' lang='lat' dir='ltr'>h.</span> <span class='ocrx_word' id='word_1_257' title='bbox 685 2807 718 2860; x_wconf 89' lang='lat' dir='ltr'>l.</span> <span class='ocrx_word' id='word_1_258' title='bbox 750 2807 936 2872; x_wconf 80' lang='lat' dir='ltr'>affert,</span> <span class='ocrx_word' id='word_1_259' title='bbox 972 2808 1131 2868; x_wconf 75' lang='grc' dir='ltr'><em>οὐδεὶς</em></span> <span class='ocrx_word' id='word_1_260' title='bbox 1173 2805 1228 2869; x_wconf 76' lang='grc' dir='ltr'>ἦν</span> <span class='ocrx_word' id='word_1_261' title='bbox 1266 2806 1315 2870; x_wconf 74' lang='grc' dir='ltr'>ὃς</span> <span class='ocrx_word' id='word_1_262' title='bbox 1338 2811 1428 2863; x_wconf 77' lang='grc' dir='ltr'><em>οὐκ</em></span> <span class='ocrx_word' id='word_1_263' title='bbox 1464 2808 1673 2876; x_wconf 76' lang='grc' dir='ltr'><em>ἔπασχέ</em></span> <span class='ocrx_word' id='word_1_264' title='bbox 1706 2831 1783 2875; x_wconf 90' lang='grc' dir='ltr'>τι,</span> <span class='ocrx_word' id='word_1_265' title='bbox 1822 2827 1925 2864; x_wconf 89' lang='lat' dir='ltr'>non</span> <span class='ocrx_word' id='word_1_266' title='bbox 1949 2820 2030 2866; x_wconf 88' lang='lat' dir='ltr'>est</span> <span class='ocrx_word' id='word_1_267' title='bbox 2051 2813 2313 2872; x_wconf 85' lang='lat' dir='ltr'>Atticum.</span> 
     </span>
    </p>

    <p class='ocr_par' dir='ltr' id='par_1_10' title="bbox 327 2895 2316 3410">
     <span class='ocr_line' id='line_1_31' title="bbox 406 2895 2314 2968; baseline 0.005 -19"><span class='ocrx_word' id='word_1_268' title='bbox 406 2895 723 2950; x_wconf 86' lang='lat' dir='ltr'>Revocanda</span> <span class='ocrx_word' id='word_1_269' title='bbox 762 2902 842 2949; x_wconf 90' lang='lat' dir='ltr'>est</span> <span class='ocrx_word' id='word_1_270' title='bbox 881 2896 1062 2949; x_wconf 87' lang='lat' dir='ltr'>Attica</span> <span class='ocrx_word' id='word_1_271' title='bbox 1103 2898 1272 2950; x_wconf 83' lang='lat' dir='ltr'>erasis</span> <span class='ocrx_word' id='word_1_272' title='bbox 1315 2899 1365 2950; x_wconf 90' lang='lat' dir='ltr'>in</span> <span class='ocrx_word' id='word_1_273' title='bbox 1423 2901 1452 2968; x_wconf 50' lang='grc' dir='ltr'>ᾗ</span> <span class='ocrx_word' id='word_1_274' title='bbox 1500 2902 1583 2950; x_wconf 74' lang='lat'>15.</span> <span class='ocrx_word' id='word_1_275' title='bbox 1626 2897 1747 2964; x_wconf 80' lang='grc' dir='ltr'><em>ἔρρει</em></span> <span class='ocrx_word' id='word_1_276' title='bbox 1788 2901 1972 2963; x_wconf 73' lang='grc' dir='ltr'><em>τοὶμα</em></span> <span class='ocrx_word' id='word_1_277' title='bbox 2011 2902 2314 2968; x_wconf 68' lang='grc' dir='ltr'><em>πράγματα</em></span> 
     </span>
     <span class='ocr_line' id='line_1_32' title="bbox 332 2982 2314 3058; baseline 0.004 -21"><span class='ocrx_word' id='word_1_278' title='bbox 332 2985 452 3058; x_wconf 88' lang='lat' dir='ltr'>(pro</span> <span class='ocrx_word' id='word_1_279' title='bbox 490 2984 562 3038; x_wconf 69' lang='grc' dir='ltr'>τοὶ</span> <span class='ocrx_word' id='word_1_280' title='bbox 603 2982 732 3055; x_wconf 76' lang='grc' dir='ltr'><em>ἐμοὶ)</em></span> <span class='ocrx_word' id='word_1_281' title='bbox 774 2990 826 3037; x_wconf 90' lang='lat' dir='ltr'>et</span> <span class='ocrx_word' id='word_1_282' title='bbox 866 2984 918 3036; x_wconf 89' lang='lat' dir='ltr'>in</span> <span class='ocrx_word' id='word_1_283' title='bbox 963 2987 992 3053; x_wconf 79' lang='lat'>§</span> <span class='ocrx_word' id='word_1_284' title='bbox 1037 2989 1118 3038; x_wconf 77' lang='lat'>11.</span> <span class='ocrx_word' id='word_1_285' title='bbox 1161 2987 1506 3050; x_wconf 61' lang='grc' dir='ltr'><em>τάπιτήδεια,</em></span> <span class='ocrx_word' id='word_1_286' title='bbox 1547 2986 1999 3056; x_wconf 86' lang='lat' dir='ltr'>quemadmodum</span> <span class='ocrx_word' id='word_1_287' title='bbox 2042 2997 2094 3043; x_wconf 93' lang='lat' dir='ltr'>et</span> <span class='ocrx_word' id='word_1_288' title='bbox 2128 2990 2216 3044; x_wconf 90' lang='lat' dir='ltr'>IV.</span> <span class='ocrx_word' id='word_1_289' title='bbox 2263 2996 2314 3045; x_wconf 77' lang='lat'>2.</span> 
     </span>
     <span class='ocr_line' id='line_1_33' title="bbox 329 3069 2314 3144; baseline 0.003 -18"><span class='ocrx_word' id='word_1_290' title='bbox 329 3069 446 3127; x_wconf 75' lang='grc' dir='ltr'><em>ὅτου</em></span> <span class='ocrx_word' id='word_1_291' title='bbox 502 3071 772 3138; x_wconf 68' lang='grc' dir='ltr'><em>πριάμενοι</em></span> <span class='ocrx_word' id='word_1_292' title='bbox 833 3073 1252 3134; x_wconf 75' lang='grc' dir='ltr'><em>τοέπιτηδεια</em></span> <span class='ocrx_word' id='word_1_293' title='bbox 1306 3070 1518 3134; x_wconf 76' lang='grc' dir='ltr'><em>ἕξουσιν.</em></span> <span class='ocrx_word' id='word_1_294' title='bbox 1599 3074 1813 3144; x_wconf 84' lang='lat' dir='ltr'>Repone</span> <span class='ocrx_word' id='word_1_295' title='bbox 1858 3082 1911 3129; x_wconf 83' lang='lat' dir='ltr'>et</span> <span class='ocrx_word' id='word_1_296' title='bbox 1949 3076 2035 3130; x_wconf 91' lang='lat' dir='ltr'>IV.</span> <span class='ocrx_word' id='word_1_297' title='bbox 2082 3081 2167 3131; x_wconf 90' lang='lat'>10.</span> <span class='ocrx_word' id='word_1_298' title='bbox 2223 3099 2314 3132; x_wconf 85' lang='grc' dir='ltr'><em>κα-</em></span> 
     </span>
     <span class='ocr_line' id='line_1_34' title="bbox 329 3157 2316 3233; baseline 0.003 -19"><span class='ocrx_word' id='word_1_299' title='bbox 329 3161 448 3220; x_wconf 81' lang='grc' dir='ltr'><em>λοὺς</em></span> <span class='ocrx_word' id='word_1_300' title='bbox 493 3158 599 3226; x_wconf 71' lang='grc' dir='ltr'>γὰρ</span> <span class='ocrx_word' id='word_1_301' title='bbox 639 3160 978 3223; x_wconf 70' lang='grc' dir='ltr'><em>κάγαθούς</em></span> <span class='ocrx_word' id='word_1_302' title='bbox 1028 3178 1124 3230; x_wconf 89' lang='lat' dir='ltr'>pro</span> <span class='ocrx_word' id='word_1_303' title='bbox 1162 3157 1249 3214; x_wconf 73' lang='grc' dir='ltr'>καὶ</span> <span class='ocrx_word' id='word_1_304' title='bbox 1290 3162 1552 3225; x_wconf 66' lang='grc' dir='ltr'><em>ἀγαθούς,</em></span> <span class='ocrx_word' id='word_1_305' title='bbox 1592 3168 1644 3215; x_wconf 91' lang='lat' dir='ltr'>et</span> <span class='ocrx_word' id='word_1_306' title='bbox 1691 3162 1826 3214; x_wconf 86' lang='lat' dir='ltr'><strong>VIII.</strong></span> <span class='ocrx_word' id='word_1_307' title='bbox 1874 3168 1957 3217; x_wconf 91' lang='lat'>17.</span> <span class='ocrx_word' id='word_1_308' title='bbox 2021 3166 2114 3233; x_wconf 78' lang='grc' dir='ltr'>ὑφ’</span> <span class='ocrx_word' id='word_1_309' title='bbox 2157 3164 2215 3219; x_wconf 79' lang='grc' dir='ltr'>οὗ</span> <span class='ocrx_word' id='word_1_310' title='bbox 2249 3169 2316 3220; x_wconf 82' lang='grc' dir='ltr'><em>εἶ-</em></span> 
     </span>
     <span class='ocr_line' id='line_1_35' title="bbox 327 3245 2314 3319; baseline 0.004 -18"><span class='ocrx_word' id='word_1_311' title='bbox 327 3249 432 3308; x_wconf 82' lang='grc' dir='ltr'><em>δείη</em></span> <span class='ocrx_word' id='word_1_312' title='bbox 474 3245 635 3307; x_wconf 85' lang='grc' dir='ltr'><em>καλός</em></span> <span class='ocrx_word' id='word_1_313' title='bbox 673 3267 734 3300; x_wconf 86' lang='grc' dir='ltr'>τε</span> <span class='ocrx_word' id='word_1_314' title='bbox 770 3248 1058 3310; x_wconf 73' lang='grc' dir='ltr'><em>κοέγαθὸς</em></span> <span class='ocrx_word' id='word_1_315' title='bbox 1113 3247 1433 3314; x_wconf 78' lang='grc' dir='ltr'><em>νομιζόμενος</em></span> <span class='ocrx_word' id='word_1_316' title='bbox 1476 3266 1570 3319; x_wconf 85' lang='lat' dir='ltr'>pro</span> <span class='ocrx_word' id='word_1_317' title='bbox 1609 3250 1694 3301; x_wconf 77' lang='grc' dir='ltr'><em>καὶ</em></span> <span class='ocrx_word' id='word_1_318' title='bbox 1737 3251 1951 3312; x_wconf 73' lang='grc' dir='ltr'><em>οέγαθός.</em></span> <span class='ocrx_word' id='word_1_319' title='bbox 2037 3253 2096 3306; x_wconf 90' lang='lat' dir='ltr'>In</span> <span class='ocrx_word' id='word_1_320' title='bbox 2137 3253 2222 3307; x_wconf 82' lang='lat' dir='ltr'>his</span> <span class='ocrx_word' id='word_1_321' title='bbox 2262 3263 2314 3309; x_wconf 84' lang='lat' dir='ltr'>et</span> 
     </span>
     <span class='ocr_line' id='line_1_36' title="bbox 327 3334 2311 3410; baseline 0.004 -21"><span class='ocrx_word' id='word_1_322' title='bbox 327 3335 517 3389; x_wconf 91' lang='lat' dir='ltr'>multis</span> <span class='ocrx_word' id='word_1_323' title='bbox 573 3334 693 3389; x_wconf 89' lang='lat' dir='ltr'>aliis</span> <span class='ocrx_word' id='word_1_324' title='bbox 742 3334 911 3387; x_wconf 90' lang='lat' dir='ltr'>crasis</span> <span class='ocrx_word' id='word_1_325' title='bbox 965 3341 1043 3388; x_wconf 89' lang='lat' dir='ltr'>est</span> <span class='ocrx_word' id='word_1_326' title='bbox 1093 3343 1384 3406; x_wconf 81' lang='lat' dir='ltr'>perpetua,</span> <span class='ocrx_word' id='word_1_327' title='bbox 1447 3342 1508 3389; x_wconf 90' lang='lat' dir='ltr'>ut</span> <span class='ocrx_word' id='word_1_328' title='bbox 1567 3337 1622 3388; x_wconf 91' lang='lat' dir='ltr'>in</span> <span class='ocrx_word' id='word_1_329' title='bbox 1677 3338 1911 3400; x_wconf 71' lang='grc' dir='ltr'><em>τοὶγαθοέ.</em></span> <span class='ocrx_word' id='word_1_330' title='bbox 1965 3342 2311 3410; x_wconf 88' lang='lat' dir='ltr'>quamobrem</span> 
     </span>
    </p>
   </div>
   <div class='ocr_carea' id='block_1_7' title="bbox 2396 643 2436 2899">
    <p class='ocr_par' dir='ltr' id='par_1_11' title="bbox 2396 643 2436 2899">
     <span class='ocr_line' id='line_1_37' title="bbox 2396 643 2436 2899; baseline 0 0"><span class='ocrx_word' id='word_1_331' title='bbox 2396 643 2436 2899; x_wconf 95' lang='lat' dir='ltr'> </span> 
     </span>
    </p>
   </div>
   <div class='ocr_carea' id='block_1_8' title="bbox 2395 2584 2434 3421">
    <p class='ocr_par' dir='ltr' id='par_1_12' title="bbox 2395 2584 2434 3421">
     <span class='ocr_line' id='line_1_38' title="bbox 2395 2584 2434 3421; textangle 90"><span class='ocrx_word' id='word_1_332' title='bbox 2399 3411 2406 3421; x_wconf 52' lang='lat'><em>⁴</em></span> <span class='ocrx_word' id='word_1_333' title='bbox 2395 2903 2427 3372; x_wconf 41' lang='lat' dir='ltr'>«4³⁸⁷ss-:·1‹2=o·em?e;a0:4sa.=·-r:-;m</span> <span class='ocrx_word' id='word_1_334' title='bbox 2406 2767 2429 2774; x_wconf 60' lang='grc' dir='ltr'><em>ι</em></span> <span class='ocrx_word' id='word_1_335' title='bbox 2403 2711 2409 2716; x_wconf 79' lang='grc'><em>“</em></span> <span class='ocrx_word' id='word_1_336' title='bbox 2431 2671 2434 2674; x_wconf 61' lang='grc'><em>,</em></span> <span class='ocrx_word' id='word_1_337' title='bbox 2403 2584 2406 2602; x_wconf 87' lang='grc'>··</span> 
     </span>
    </p>
   </div>
   <div class='ocr_carea' id='block_1_9' title="bbox 322 3421 2408 3579">
    <p class='ocr_par' dir='ltr' id='par_1_13' title="bbox 322 3411 2417 3579">
     <span class='ocr_line' id='line_1_39' title="bbox 322 3421 2313 3494; baseline 0.004 -18"><span class='ocrx_word' id='word_1_338' title='bbox 322 3421 525 3493; x_wconf 77' lang='lat' dir='ltr'>legitur</span> <span class='ocrx_word' id='word_1_339' title='bbox 566 3423 657 3477; x_wconf 91' lang='lat' dir='ltr'>IV.</span> <span class='ocrx_word' id='word_1_340' title='bbox 701 3426 790 3476; x_wconf 87' lang='lat'>47.</span> <span class='ocrx_word' id='word_1_341' title='bbox 845 3422 916 3476; x_wconf 68' lang='grc' dir='ltr'>τοὶ</span> <span class='ocrx_word' id='word_1_342' title='bbox 955 3423 1049 3485; x_wconf 80' lang='grc' dir='ltr'>μὲν</span> <span class='ocrx_word' id='word_1_343' title='bbox 1090 3427 1280 3489; x_wconf 74' lang='grc' dir='ltr'><em>φαῦλα</em></span> <span class='ocrx_word' id='word_1_344' title='bbox 1321 3423 1628 3491; x_wconf 80' lang='grc' dir='ltr'><em>οΞποτρέπειν</em></span> <span class='ocrx_word' id='word_1_345' title='bbox 1668 3427 1943 3489; x_wconf 50' lang='lat' dir='ltr'>mamae&amp;</span> <span class='ocrx_word' id='word_1_346' title='bbox 2004 3429 2054 3481; x_wconf 82' lang='grc' dir='ltr'>δὲ</span> <span class='ocrx_word' id='word_1_347' title='bbox 2095 3430 2313 3494; x_wconf 80' lang='grc' dir='ltr'><em>διδόναι,</em></span> 
     </span>
     <span class='ocr_line' id='line_1_40' title="bbox 324 3509 2408 3579; baseline 0.004 -15"><span class='ocrx_word' id='word_1_348' title='bbox 324 3527 430 3564; x_wconf 89' lang='lat' dir='ltr'>non</span> <span class='ocrx_word' id='word_1_349' title='bbox 473 3510 542 3564; x_wconf 71' lang='grc' dir='ltr'>τοὶ</span> <span class='ocrx_word' id='word_1_350' title='bbox 580 3510 622 3563; x_wconf 89' lang='grc' dir='ltr'>δ’</span> <span class='ocrx_word' id='word_1_351' title='bbox 659 3509 878 3575; x_wconf 60' lang='lat' dir='ltr'>azymae,</span> <span class='ocrx_word' id='word_1_352' title='bbox 928 3526 1033 3579; x_wconf 84' lang='lat' dir='ltr'>quo</span> <span class='ocrx_word' id='word_1_353' title='bbox 1073 3509 1274 3564; x_wconf 84' lang='lat' dir='ltr'>indicio</span> <span class='ocrx_word' id='word_1_354' title='bbox 1316 3518 1369 3565; x_wconf 90' lang='lat' dir='ltr'>et</span> <span class='ocrx_word' id='word_1_355' title='bbox 1418 3511 1552 3566; x_wconf 87' lang='lat' dir='ltr'>aliae</span> <span class='ocrx_word' id='word_1_356' title='bbox 1595 3512 1849 3567; x_wconf 83' lang='lat' dir='ltr'>Veterum</span> <span class='ocrx_word' id='word_1_357' title='bbox 1894 3531 2071 3569; x_wconf 89' lang='lat' dir='ltr'>crases</span> <span class='ocrx_word' id='word_1_358' title='bbox 2127 3517 2314 3571; x_wconf 87' lang='lat' dir='ltr'>solem-</span> <span class='ocrx_word' id='word_1_359' title='bbox 2400 3536 2408 3541; x_wconf 51' lang='lat'><em>²</em></span> 
     </span>
    </p>
   </div>
   <div class='ocr_carea' id='block_1_10' title="bbox 319 3596 2308 3669">
    <p class='ocr_par' dir='ltr' id='par_1_14' title="bbox 319 3596 2308 3669">
     <span class='ocr_line' id='line_1_41' title="bbox 319 3596 2308 3669; baseline 0.004 -17"><span class='ocrx_word' id='word_1_360' title='bbox 319 3614 414 3652; x_wconf 87' lang='lat' dir='ltr'>nes</span> <span class='ocrx_word' id='word_1_361' title='bbox 456 3604 508 3651; x_wconf 88' lang='lat' dir='ltr'>et</span> <span class='ocrx_word' id='word_1_362' title='bbox 554 3605 845 3669; x_wconf 81' lang='lat' dir='ltr'>perpetuae</span> <span class='ocrx_word' id='word_1_363' title='bbox 887 3596 1211 3668; x_wconf 83' lang='lat' dir='ltr'>deprehendi</span> <span class='ocrx_word' id='word_1_364' title='bbox 1253 3607 1495 3669; x_wconf 81' lang='lat' dir='ltr'>possunt,</span> <span class='ocrx_word' id='word_1_365' title='bbox 1579 3599 1743 3655; x_wconf 85' lang='lat' dir='ltr'>Nemo</span> <span class='ocrx_word' id='word_1_366' title='bbox 1799 3603 1971 3658; x_wconf 87' lang='lat' dir='ltr'>nescit</span> <span class='ocrx_word' id='word_1_367' title='bbox 2007 3605 2308 3660; x_wconf 81' lang='lat' dir='ltr'>scribarum</span> 
     </span>
    </p>
   </div>
  </div>
 </body>
</html>
