2436 4068
1275 194 1381 253 372

363 348 470 402 ὁδοῦ
510 349 761 416 πάρεργον
819 347 1053 401 indicare
1106 348 1267 399 iuvet.
1349 346 1567 415 Legitur
1622 345 1759 415 apud
1817 346 2154 401 Charitonem
2212 348 2331 403 libr,

364 436 476 490 Vll.
518 454 569 508 p.
613 440 750 499 122,
799 441 881 489 19.
943 437 1097 489 DorV.
1143 436 1281 507 (pag.
1326 437 1468 495 489,
1515 435 1597 484 19.
1656 433 1708 484 in
1754 433 2041 504 Hirschigii
2086 436 2338 507 Eroticis)

364 525 422 577 τὸ
460 525 511 576 δὲ
558 527 790 577 ναυτικὸν
831 525 1014 591 ἐπήρθη
1053 531 1171 583 ταῖς
1222 523 1396 575 ἐλπίσι
1454 520 1540 574 καὶ
1591 522 1918 588 φρονήματος
1959 526 2344 587 ἐνεπλήσθησαν

368 608 443 664 ὅτι
504 612 589 664 τὸν
644 611 994 677 ἀνδρειότατον
1053 611 1138 663 καὶ
1200 609 1447 666 καλλιςον
1505 606 1646 674 εἶχον
1708 609 2001 673 ἡγούμενον.
2064 612 2235 676 ὀλίγον
2294 612 2347 664 δὲ

374 699 604 751 ἐπένθουν
645 700 673 760 ἢ
712 700 848 752 οὐδὲν
881 699 1029 753 οέλλα
1065 696 1289 764 ὥρμηντο
1333 696 1420 751 καὶ
1462 699 1752 763 τριήραρχοι
1797 699 1882 750 καὶ
1926 700 2232 766 κυβερνῆται
2273 730 2348 737 -

371 785 565 845 πάντες
622 787 815 851 ὁμοίως.
898 786 955 839 In
1015 786 1172 839 unico
1223 784 1413 838 Codice
1472 783 1705 837 Mediceo
1759 785 2019 854 scriptum
2075 803 2190 840 esse
2240 785 2348 838 vidi

370 873 541 936 ὀλίγον
579 877 628 926 τ’
668 874 897 928 ἐπένθουν
938 876 966 937 ἢ
1008 875 1143 927 οὐδὲν
1180 872 1363 934 ἄλλα,
1406 888 1633 942 quorum
1673 871 1957 925 verborum
1995 874 2115 943 quis
2162 890 2351 927 sensus

371 961 441 1012 sit
478 960 523 1012 si
565 976 594 1013 e
632 961 883 1015 Dorvillio
931 978 1188 1032 quaereS,
1235 968 1318 1013 sat
1360 960 1505 1021 scic,
1547 958 1848 1012 suhridebis
1894 960 1985 1013 sed
2037 978 2139 1014 non
2188 962 2349 1014 mira·

373 1047 552 1111 beris,
605 1050 743 1102 nosti
785 1050 926 1102 enim
990 1049 1223 1102 hominis
1283 1048 1559 1116 ingenium
1605 1047 1670 1099 iis
1721 1046 2053 1101 infestissimi
2118 1049 2350 1119 »quibus

371 1135 555 1206 volupe
593 1145 666 1189 est
700 1138 872 1207 polius
892 1145 1125 1190 auctores
1148 1179 1161 1199 ‚
1199 1145 1257 1188 ut
1297 1143 1499 1198 vocant,
1538 1133 1822 1188 emendare
1863 1153 2018 1205 quam
2058 1136 2351 1206 explicare,

374 1241 497 1276 sane
534 1225 766 1278 instituto
806 1257 880 1265 —
915 1225 984 1277 ad
1031 1224 1240 1292 inqenia
1278 1224 1523 1276 iuvenum
1574 1222 1946 1292 corrumpenda
1993 1225 2350 1292 praesentissi-

369 1329 455 1364 mo
478 1313 529 1374 ,'’
587 1319 648 1366 ut
690 1311 877 1366 scribit
927 1329 976 1382 p.
1015 1316 1139 1366 589.
1194 1319 1245 1364 et
1290 1310 1486 1364 multos
1530 1310 1689 1363 habet
1740 1310 2050 1364 etiamnunc
2084 1329 2146 1364 ex
2184 1312 2350 1364 animi

374 1401 639 1453 sententia
680 1400 1046 1454 assentientes,
1091 1399 1192 1453 Sed
1230 1399 1443 1452 Reiskio
1480 1397 1553 1450 nil
1593 1397 1891 1451 suboluisse
1931 1400 2100 1452 miror
2135 1416 2352 1453 emunc-

376 1494 460 1540 tae
497 1489 643 1540 naris
690 1495 741 1542 et
792 1486 965 1558 lepido
1000 1489 1114 1541 viro
1155 1496 1205 1541 et
1244 1486 1308 1540 ad
1362 1487 1618 1539 iuvenum
1654 1486 1868 1555 ingenia
1911 1485 1999 1538 illo
2035 1486 2190 1539 modo
2232 1503 2352 1540 cor-

375 1575 671 1645 rumpenda
713 1582 837 1628 nato
871 1582 924 1628 et
964 1574 1117 1629 sact0.
1200 1575 1292 1628 Vel
1338 1574 1591 1628 Dorvillio
1630 1573 1805 1626 iudice
1846 1580 1899 1626 et
1939 1573 2187 1627 omnibus
2229 1575 2349 1644 qui-

378 1663 475 1715 bus
517 1664 735 1717 iuvenes
790 1680 855 1716 ne
911 1670 1332 1733 corrumpantur
1390 1663 1625 1714 maxima
1677 1678 1807 1715 cura
1857 1668 1938 1714 est
1989 1662 2199 1715 vincam
2260 1679 2353 1732 pro

374 1752 548 1815 ὂλίγον
585 1756 633 1804 τ’
667 1758 1064 1804 ΕΠΕΝΘΟΤΝ
1106 1752 1133 1813 ἢ
1175 1750 1311 1804 οὐδέν
1350 1748 1619 1803 emendari
1663 1756 1905 1819 oportere
1954 1758 2351 1804 EHENOOTN

379 1840 517 1892 οὐδέν
553 1838 820 1909 scribique
871 1839 1044 1903 ὀλίγον
1093 1841 1142 1891 τ’
1181 1838 1484 1891 ἐπενόουν
1530 1837 1666 1890 οὐδέν
1690 1879 1702 1900 ,
1744 1853 1880 1907 quae
1916 1854 2001 1890 res
2040 1855 2205 1908 quum
2262 1855 2354 1908 per

377 1945 433 1980 se
476 1929 587 1998 ipsa
631 1925 914 1980 manifesta
951 1933 1030 1980 est
1074 1933 1190 1979 tum
1233 1926 1336 1978 alio
1366 1926 1528 1979 etiam
1569 1931 1888 1995 argumento
1928 1925 2197 1995 pervalido
2234 1943 2353 1979 con-

380 2014 642 2068 firmatur.
727 2014 907 2067 Solent
961 2015 1104 2067 enim
1147 2014 1405 2067 Rhetores
1453 2020 1506 2066 et
1556 2011 1833 2081 Sophistae
1874 2030 2039 2083 quum
2092 2014 2193 2084 ipsi
2246 2016 2355 2068 sint

379 2103 547 2156 sterili
602 2110 655 2156 et
700 2104 879 2156 ieiuno
919 2103 1132 2171 ingenio
1173 2103 1468 2155 orationem
1526 2117 1676 2153 suam
1733 2101 1987 2154 Veterum
2041 2100 2170 2154 locis
2222 2110 2354 2155 tam-

377 2207 538 2261 quam
579 2190 876 2243 luminibus
929 2189 1199 2243 illustrare
1236 2196 1330 2242 aut
1368 2189 1596 2258 gemmis
1638 2187 1970 2257 distinguere
2010 2205 2071 2242 ac
2122 2189 2358 2243 flosculis

380 2295 587 2332 ornare.
645 2278 918 2331 Permulta
952 2278 1205 2346 leguntur
1239 2284 1291 2330 et
1329 2276 1468 2346 apud
1504 2283 1740 2329 caeteros
1774 2276 1827 2328 id
1865 2293 2033 2345 genus
2069 2278 2358 2347 scriptores

378 2374 431 2421 et
468 2368 519 2419 in
562 2366 870 2429 Charitone,
911 2382 1045 2435 quae
1086 2371 1179 2417 aut
1213 2364 1551 2418 Demostheni
1594 2362 1827 2416 sublecta
1852 2371 1977 2417 sunt
2013 2366 2144 2417 scite
2183 2372 2235 2417 et
2275 2368 2354 2418 ni-

375 2455 485 2508 tide
519 2461 572 2507 et
607 2453 831 2506 facunde
871 2453 1042 2517 dicta,
1083 2460 1178 2506 aut.
1211 2452 1491 2514 Aeschini,
1530 2458 1622 2505 aut
1660 2451 1894 2511 Platoni,
1929 2459 2021 2504 aut
2060 2452 2354 2516 HerodotO,

377 2551 470 2596 aut
529 2541 861 2613 Thucydidi,
914 2559 977 2594 ne
1018 2541 1082 2594 de
1127 2541 1355 2593 Homero
1401 2540 1573 2594 dicam
1616 2547 1667 2592 et
1718 2540 1902 2609 poetis.
1978 2540 2162 2598 ,Facile
2224 2541 2352 2594 haec

372 2632 581 2690 omnia,
635 2631 680 2683 si
729 2630 850 2700 quis
890 2646 1072 2683 aurem
1116 2628 1274 2681 habet
1315 2629 1565 2681 Veterum
1602 2627 1827 2680 lectione
1868 2626 2143 2681 subactam
2171 2672 2184 2692 ,
2239 2631 2350 2682 ani·

372 2719 816 2777 madvertuntur‚
867 2716 1030 2770 veluti
1073 2719 1128 2771 αἱ
1187 2716 1433 2784 παρῳδίαι
1477 2715 1531 2767 in
1587 2715 1852 2778 ComiciS,
1912 2716 2211 2768 cuiusmodi
2271 2724 2351 2770 est

372 2825 422 2878 p.
465 2811 607 2869 417,
650 2810 737 2859 59.
795 2804 1007 2859 Hirsch.
1068 2806 1259 2871 ἑσπέρα
1302 2805 1396 2869 μὲν
1439 2801 1494 2864 ἧν
1534 2802 1622 2866 ἧκε
1681 2805 1723 2856 δ’
1776 2804 2061 2868 ἀγγέλλων
2112 2825 2190 2865 τις
2241 2807 2348 2858 κτὲ.

372 2894 749 2951 adumbratum
793 2911 821 2946 e
862 2892 1233 2946 Demosthenis
1283 2891 1549 2945 celebrato
1601 2890 1747 2946 loco:
1789 2893 1979 2956 ἑσπέρα
2014 2893 2106 2956 μὲν
2148 2893 2251 2958 γαρ
2294 2890 2349 2952 ἦν

373 2982 461 3046 ἧκε
497 2984 539 3035 δ’
573 2982 854 3046 ἀγγέλλων
886 3002 964 3040 τις
997 2983 1061 3040 ὡς
1092 2980 1345 3033 Ἐλάτεια
1386 2980 1758 3041 κατείληπται.
1839 2978 1917 3031 Ex
1955 2979 2192 3032 eiusdem
2230 2988 2353 3031 noto

373 3069 488 3122 loco
529 3075 765 3121 sumtum
809 3085 857 3138 p.
894 3072 1030 3129 486,
1065 3072 1148 3121 18.
1192 3069 1448 3135 ἐγχειρεῖν
1486 3066 1934 3134 προβαλλομένους
1968 3066 2047 3118 ἀεὶ
2087 3068 2177 3127 τὴν
2210 3069 2348 3131 0270:-

374 3159 458 3218 θὴν
515 3157 736 3215 ἐλπίδα,
792 3162 844 3207 et
893 3173 956 3209 ex
1002 3156 1226 3208 Homero
1278 3173 1328 3225 p.
1366 3159 1511 3217 444,
1556 3159 1656 3206 56:
1707 3154 1878 3206 οὔπω
1935 3157 2064 3207 πᾶν
2123 3155 2349 3222 εἴρητο

371 3247 527 3304 ἔπος
554 3243 654 3302 ,καὶ
696 3244 783 3305 ἤδη
821 3246 976 3306 μεςὸν
1015 3240 1069 3303 ἧν
1109 3245 1167 3296 τὸ
1208 3244 1435 3307 θέατρον,
1473 3250 1525 3294 et
1558 3242 1807 3312 frequens
1850 3240 1979 3292 illud
2021 3241 2150 3294 ἔνθεν
2193 3245 2347 3307 ἑλών,

375 3341 427 3385 et
455 3334 644 3394 ’πήλας
685 3331 737 3384 δὲ
772 3331 949 3395 χερσίν
989 3329 1198 3399 aliaque
1239 3329 1438 3384 inulta.
1480 3337 1531 3381 et
1577 3345 1638 3382 ex
1675 3327 2037 3397 Xenophontis
2072 3328 2349 3401 Symposio

372 3439 421 3492 p.
461 3423 598 3483 465,
645 3423 728 3472 17.
786 3416 950 3481 ὥσπερ
987 3419 1034 3469 ἐν
1077 3415 1215 3469 νυκτὶ
1264 3416 1454 3484 βαθείᾳ
1496 3420 1691 3469 πολλοῦ
1734 3418 1903 3482 φωτὸς
1947 3417 2195 3483 αἰφνίδιον
2235 3425 2348 3486 φα·-

369 3509 531 3566 νέντος
574 3513 624 3559 et
666 3506 766 3559 alia
792 3549 805 3569 ,
847 3522 908 3558 ex
948 3503 1144 3575 quibus
1199 3513 1318 3556 uno
1345 3511 1557 3556 tantum
1613 3510 1734 3555 utar
1774 3504 1838 3555 ad
1886 3504 2058 3557 locum
2110 3505 2344 3558 Charito-

375 3597 460 3649 nis
495 3593 903 3649 emendandum.
983 3592 1202 3661 Legitur
1243 3608 1291 3661 p.
1327 3595 1459 3654 451,
1504 3596 1552 3643 4.
1610 3594 1728 3658 πρὸς
1784 3593 2012 3656 τοῦνομα.
2057 3599 2144 3646 τοῦ
2185 3595 2346 3659 κυρίου
