2436 4068
1300 231 1404 281 464

458 377 765 434 Recurrunt
806 374 1211 446 interpolatores
1251 374 1310 428 V.
1352 390 1420 428 v1.
1469 378 1551 427 11.
1606 377 1647 428 οἱ
1687 377 1780 440 μὲν
1833 376 2127 429 ὑπώπτευον
2168 377 2354 443 φιλίας

378 465 533 534 ,ἕνεκα
573 473 665 528 τῆς
718 465 920 531 Κορύλα
961 463 1135 527 λέγειν
1174 492 1284 525 -‚
1325 463 1367 515 οἱ
1408 461 1459 514 δὲ
1518 461 1602 514 καὶ
1645 465 1708 522 ὡς
1749 462 1878 528 δῶρα
1918 463 2206 529 ληψόμενον
2247 494 2357 525 -,

385 556 427 607 οἱ
464 554 515 607 δὲ
558 550 903 622 [ὑπώπτευον]
949 550 1035 604 καὶ
1078 549 1281 620 [τούτου
1322 547 1471 602 ἕνεκα
1510 549 1708 622 λέγειν]
1736 591 1750 613 ,
1803 551 1865 610 ὡς
1906 551 1979 615 μὴ
2029 550 2159 618 πεζῇ
2199 549 2356 609 ἰόντες

385 643 477 703 τὴν
515 639 779 693 Σινωπέων
819 658 868 692 τι
905 639 1077 706 χώραν
1120 638 1274 692 κακὸν
1321 636 1647 704 ἐργάζοιντο,
1706 638 1887 707 pueris
1937 636 2162 691 sortasse
2212 635 2359 690 aliud

384 726 668 798 agentibus
706 742 767 780 ea
807 732 1033 796 possunt
1072 725 1306 796 aliquam
1353 723 1641 777 utilitatem
1682 723 1911 788 habere,
1950 725 2148 779 caeteri
2188 740 2361 795 neque

385 814 630 885 indigent
672 813 871 868 talibus
911 820 964 869 et
1000 812 1200 867 malent
1235 828 1433 867 carere.
1514 812 1875 866 Durissimum
1929 819 2009 866 est
2058 813 2150 874 τὴν
2203 820 2359 867 Σινω-

385 903 517 957 πέων
558 923 607 956 τι
655 901 829 969 χώραν
881 902 1037 957 κακὸν
1078 901 1404 968 ἐργάζοιντο,
1460 917 1595 970 quae
1647 906 1727 953 est
1768 899 1857 953 illa
1897 898 2127 953 absurda
2178 898 2359 953 verho-

383 1006 507 1044 rum
552 991 798 1044 traiectio
850 997 903 1044 et
954 991 1074 1061 quis
1133 1005 1391 1059 umquam
1446 989 1524 1042 sio
1578 986 1852 1057 loquitur?
1932 986 2163 1040 Retrahe
2210 1008 2261 1040 τι
2303 987 2359 1040 in

383 1095 536 1132 suam
585 1078 763 1133 sedem
818 1078 975 1133 κακόν
1031 1099 1080 1131 τι
1133 1093 1409 1147 reponens,
1488 1075 1548 1128 In
1591 1074 1629 1148 S
1672 1079 1756 1129 12.
1813 1073 2077 1128 articulus
2115 1075 2277 1145 periit
2316 1077 2359 1128 οἱ

385 1164 557 1233 ἄνδρες
608 1166 814 1236 ᾕρηνται
857 1166 1091 1234 πορείαν,
1129 1161 1186 1226 ἣν
1224 1166 1369 1230 ὑμεῖς
1416 1162 1841 1228 ξυμβουλεύετε,
1883 1161 2198 1230 inlelligisse
2249 1164 2360 1224 τὴν

382 1255 588 1321 πορείαν
630 1253 872 1326 requiri?
952 1253 1152 1308 Deinde
1190 1255 1253 1313 ὡς
1294 1251 1556 1317 μηδένα
1597 1250 2009 1304 καταλείπεσθαι
2051 1249 2224 1303 ε’νθοέδε
2277 1266 2360 1303 re-

384 1341 729 1396 scribendum
770 1341 983 1395 videtur
1018 1357 1112 1412 pro
1163 1343 1226 1400 ὡς
1268 1337 1358 1393 ἕνα
1397 1341 1488 1405 μή.
1571 1338 1628 1391 In
1672 1338 1710 1411 S
1750 1341 1838 1391 20.
1894 1337 1980 1391 καὶ
2035 1337 2145 1410 [ὡς]
2190 1337 2359 1392 οἴκαδε

383 1430 707 1489 ἀπελθόντας
749 1430 927 1491 ὀνῆσαί
959 1450 1008 1483 τι
1045 1428 1161 1488 τοὺς
1196 1427 1352 1490 οἴκοι,
1394 1428 1440 1480 Si
1480 1430 1542 1488 ὡς
1596 1426 1918 1497 expunxeris
1959 1425 2109 1479 locus
2150 1425 2362 1496 expedi·

383 1525 474 1572 tus
514 1517 636 1571 erit.
716 1516 1040 1587 Corruplum
1080 1524 1160 1569 est
1191 1516 1243 1568 in
1287 1513 1326 1588 ἕ
1353 1518 1441 1568 21.
1483 1517 1866 1581 προςατεῦσαι,
1905 1520 1959 1568 et
1993 1514 2207 1567 omnino
2246 1533 2362 1580 προ-

383 1605 586 1662 ςατεύω
624 1607 726 1658 non
769 1611 850 1658 est
898 1603 1121 1657 verbum
1164 1602 1456 1667 Graecum,
1497 1602 1589 1656 sed
1626 1601 1767 1673 quod
1814 1600 2161 1673 probabiliter
2213 1618 2361 1673 repo-

385 1710 510 1749 nam
550 1709 655 1746 non
696 1690 881 1745 haheo,
944 1691 1395 1762 Praepositionem
1429 1691 1568 1744 mala
1604 1707 1798 1744 manus
1833 1689 2039 1743 addidit
2076 1688 2137 1743 V.
2168 1707 2235 1743 vi.
2271 1693 2360 1744 24.

348 1822 354 1857 3
384 1781 469 1836 δια
525 1781 582 1835 τὸ
623 1779 1049 1847 ξυνεςρατεῦσθαι
1108 1780 1156 1832 ἐν
1210 1781 1345 1848 αὐτῇ
1393 1779 1527 1852 [σὺν]
1594 1778 1848 1846 Κλεάρχῳ
1893 1777 1979 1831 καὶ
2036 1778 2364 1848 Δερκυλίδα,

385 1870 440 1922 in
496 1868 693 1922 talibus
752 1883 1158 1937 nonnumquam
1208 1866 1351 1932 μετά
1404 1867 1624 1938 ponitur
1679 1872 1738 1919 ut
1788 1866 1846 1919 in
1900 1865 2055 1919 Pluto
2108 1882 2182 1919 vs,
2237 1870 2362 1920 504.

388 1957 531 2024 μετα
571 1961 659 2011 σοῦ
721 1977 779 2012 τε
820 1955 891 2009 τοὶ
951 1961 1147 2012 πλεῖς-α
1199 1954 1415 2009 σύνεισιν
1463 1961 1516 2008 et
1563 1953 1726 2019 alibi,
1775 1953 1868 2008 sed
1922 1969 2219 2024 numquam
2273 1954 2363 2008 σύν

332 2057 334 2059 ’
387 2045 667 2117 repetitur.
2259 2060 2263 2063 ·

462 2133 524 2188 In
566 2131 604 2205 S
648 2135 735 2186 25.
794 2131 1031 2202 speciosa
1070 2129 1359 2184 admodum
1412 2129 1606 2183 Naberi
1646 2129 1879 2200 suspicio
1933 2135 2013 2183 est
2062 2129 2236 2183 locum
2287 2130 2366 2183 sio

388 2237 503 2277 esse
545 2218 931 2291 supplendum:
973 2218 1068 2276 ὥςε
1113 2217 1342 2291 (ἐξεῖναι)
1385 2220 1454 2286 τῷ
1508 2217 1642 2291 (μὲν)
1684 2218 1977 2285 βουλομένῳ
2017 2219 2218 2273 ἐνοικεῖν
2242 2260 2254 2280 ,
2294 2220 2364 2286 τῷ

388 2311 439 2364 δὲ
479 2310 552 2374 μὴ
592 2307 886 2375 βουλομένῳ
924 2307 1131 2360 οὶπιέναι
1169 2306 1357 2359 οἴκαδε.

467 2397 526 2450 In
569 2395 607 2470 ὃ
642 2400 729 2450 27.
785 2396 936 2449 δεινὸν
976 2395 1084 2463 ἰδίαΔ
1118 2395 1212 2458 μὲν
1255 2398 1557 2462 Ξενοφῶντα
1599 2394 1788 2465 πείθειν
1828 2415 1886 2446 τε
1926 2393 2240 2458 καταμένειν
2278 2394 2365 2447 καὶ

392 2484 593 2539 θύεσθαι
650 2485 771 2551 ὑπὲρ
823 2490 915 2545 τῆς
965 2489 1119 2547 μονῆς
1170 2482 1263 2554 [μὴ
1308 2482 1618 2546 κοινούμενον
1671 2490 1734 2550 τῇ
1785 2482 2035 2554 ςρατιᾷ],
2098 2483 2167 2541 εἷς
2219 2481 2367 2535 δὲτὸ

392 2574 547 2627 κοινὸν
601 2573 755 2637 μηδὲν
801 2569 1063 2638 ἀγορεύειν
1118 2570 1228 2637 περὶ
1271 2570 1492 2632 τούτων,
1551 2569 1755 2640 puerile
1809 2575 1890 2622 est
1942 2570 1998 2622 in
2053 2576 2160 2623 tani
2215 2569 2368 2624 lucu·

393 2662 537 2716 lenia
577 2660 906 2731 oppositione
953 2658 1054 2725 ἰδία
1092 2657 1186 2721 μέν
1228 2691 1299 2700 —-
1339 2659 1410 2718 εἷς
1457 2658 1508 2712 δὲ
1540 2660 1598 2711 τὸ
1639 2656 1796 2711 κοινόν
1839 2656 2033 2710 addere
2071 2657 2145 2722 μὴ
2185 2658 2365 2711 κοινού-

391 2769 539 2816 μενον
578 2756 641 2817 τῇ
674 2747 905 2817 ἐρατᾷ,
945 2761 1115 2816 neque
1149 2745 1438 2816 Xenophon
1483 2745 1582 2799 hoo
1625 2746 1781 2799 verho
1816 2746 1919 2799 nisi
1957 2746 2250 2815 composito
2289 2746 2369 2799 uti

389 2838 538 2892 solet.

468 2926 526 2979 In
569 2923 608 2998 ὃ
652 2927 739 2977 29.
801 2921 946 2985 ἔλεξε
988 2923 1038 2976 δὲ
1096 2918 1170 2975 ὅτι
1226 2923 1273 2974 ἐν
1326 2928 1430 2981 τοῖς
1484 2923 1627 2989 ἱεροῖς
1669 2921 1904 2990 φαίνοιτό
1954 2941 2030 2980 τις
2080 2920 2221 2979 δόλος
2279 2920 2367 2973 καὶ

393 3013 643 3078 ἐπιβουλὴ
693 3012 833 3076 ἐμοὶ,
874 3012 938 3069 ὡς
977 3008 1077 3076 ἄρα
1119 3010 1418 3074 γιγνώσκων
1458 3007 1533 3062 ότι
1586 3010 1741 3070 αὐτὸς
1783 3007 2096 3073 ἐπεβούλευε
2144 3007 2367 3072 διαβαλ-·
2424 3010 2426 3013 ’

391 3115 497 3156 λειν
538 3121 605 3166 με
645 3099 763 3166 πρὸς
800 3100 970 3163 ὑμᾶς,
1012 3113 1306 3167 numquam
1349 3096 1595 3167 expedies
1633 3100 1696 3157 ὡς
1738 3095 1837 3164 ἄρα
1878 3097 2193 3160 γιγνώσκων.
2273 3094 2366 3148 Lo·
2421 3134 2431 3143 .,

392 3206 489 3244 eus
542 3194 595 3242 et
648 3192 932 3256 corruptus
981 3192 1032 3238 et
1073 3183 1426 3254 interpolatus
1481 3191 1579 3238 est.
1660 3184 1719 3236 In
1774 3184 1882 3249 ἐμοὶ
1937 3186 1999 3243 ὡς
2043 3181 2174 3236 latet
2229 3183 2364 3242 εἰδώς

393 3285 446 3332 et
498 3278 634 3336 εἰδὼς
689 3273 790 3340 ἄρα
847 3270 921 3326 ὅτι
973 3274 1127 3332 αὐτὸς
1187 3272 1496 3336 ἐπεβούλευε
1570 3271 1776 3324 dixerat
1832 3269 2119 3341 Xenophon
2181 3269 2364 3324 eodem

394 3365 548 3421 modo
589 3369 747 3434 atque
786 3360 1166 3431 Aristophanes
1210 3361 1263 3412 in
1303 3359 1507 3429 Equiti.
1544 3362 1669 3412 652.

694 3451 715 3503 ὃ
755 3449 798 3502 δ’
840 3450 1117 3513 ὑπονοήσας
1159 3450 1179 3501 0‘
1220 3447 1570 3516 Παφλαγὼν,
1610 3447 1778 3505 εἰδὼς
1819 3445 1934 3512 ἄρα

690 3533 759 3596 οἷς
802 3534 927 3597 ἥδεθ’
970 3540 997 3599 ἡ
1037 3538 1199 3603 βουλὴ
1242 3535 1450 3603 μαλιςα
1492 3536 1716 3603 ῥήμασι,

690 3625 895 3691 γνώμην
938 3623 1126 3688 ἔλεξεν.
