2436 4068
988 212 1094 264 505

123 362 184 416 In
228 362 294 413 iis
333 375 469 430 quae
509 356 691 411 statim
743 363 1073 427 sequuntur:
1114 356 1280 423 ὀμνύω
1315 356 1421 424 γὰρ
1457 357 1576 422 ὑμῖν
1631 357 1768 419 θεοὺς
1824 357 2031 415 ἅπαν-

46 469 167 510 τας
218 448 305 502 καὶ
361 447 540 506 πάσας
581 443 975 499 emendandum
1032 452 1115 499 est
1174 445 1434 505 πάντας
1494 444 1581 498 καὶ
1636 445 1854 509 πασας,
1916 450 2030 503 sive

45 553 231 592 aurem
264 534 537 588 *consules
588 533 700 587 sive
737 539 1071 587 constantem
1114 535 1357 588 omnium
1413 549 1571 587 usum
1616 534 1870 605 respicies
1919 537 2032 592 sive

43 626 214 696 ipsius
271 624 351 677 rei
395 629 663 675 naturam.
744 619 924 674 Genus
965 627 1177 675 tantum
1219 638 1322 675 non
1364 620 1591 676 formam
1653 639 1863 694 quoque
1911 642 2029 679 mu-

43 714 149 768 tari
202 716 411 783 oportet
459 715 519 762 ut
571 708 658 761 Dii
710 707 935 778 deaeque
974 725 1149 761 omnes
1189 715 1335 762 recte
1376 709 1576 764 Graece
1616 710 1847 766 dicatur.
1927 712 2027 768 De-

44 799 170 856 inde
205 795 513 870 expellenda
562 794 753 866 copula
790 802 871 848 est
914 795 970 848 in
1010 793 1222 849 verbis:
1278 795 1464 863 πάρες-ι
1521 798 1573 851 δὲ
1640 798 1777 871 [καὶ]
1835 801 2030 867 αὐτός,

44 906 109 945 ex
148 886 357 942 duobus
403 883 557 938 libris
596 882 825 937 calidius
862 889 1094 954 recepta.
1173 882 1352 937 Etiam
1391 885 1443 938 in
1499 886 1696 941 vicinia
1739 896 1769 955 ᾗ
1804 893 1875 944 20
1916 906 2029 944 ma-

43 993 149 1050 gna
189 971 485 1030 auctoritas
521 979 754 1044 quatuor
793 972 1120 1042 optimorum
1167 969 1421 1024 Codicum
1463 971 1640 1028 effecit
1690 983 1751 1029 ut
1799 976 2034 1032 deterior

3 1078 11 1108 2
14 1066 317 1138 scriptura
356 1061 511 1132 longe
549 1061 757 1115 meliori
787 1065 1239 1131 anteponeretur,
1280 1075 1470 1130 nempe
1504 1060 1858 1134 ᾤμην-ὅσῳ
1889 1070 2032 1132 μᾶλ-

6 1166 131 1215 ιλον
167 1151 483 1221 συμφέροιμι
523 1150 686 1217 τούτῳ
723 1151 815 1212 την
852 1148 974 1202 τότε
1021 1148 1200 1202 πενιάν
1241 1148 1462 1216 τοσούτῳ
1501 1153 1710 1214 μᾶλλον
1751 1155 1907 1208 αὐτὸν
1939 1155 2031 1223 φί-

8 1224 132 1318 ἔλον
172 1239 582 1302 ποιήσεσθαι
624 1236 780 1292 ὁπότε
832 1237 1097 1299 δυνασθείη
1121 1277 1136 1300 ,
1176 1235 1269 1290 ubi
1301 1237 1463 1290 etiam
1509 1238 1625 1293 sine
1668 1238 1820 1294 libris
1853 1258 2031 1298 emen-

11 1328 160 1384 2dari
205 1328 465 1400 potuisset
513 1326 670 1380 αὑτὸν
703 1326 859 1394 φίλον
907 1346 1012 1391 μοι
1057 1324 1331 1379 ἔσεσθαι
1392 1323 1547 1379 ὁπότε
1589 1326 1797 1383 δυνασθ
1783 1329 1894 1391 ίη,
1939 1331 2030 1386 sed

15 1408 101 1474 'id
141 1419 320 1489 ipsum
342 1422 424 1469 est
466 1414 519 1467 in
561 1413 714 1467 libris
753 1413 1035 1477 omnibus,
1069 1420 1445 1485 praeterquam
1481 1413 1622 1485 quod
1656 1424 1889 1486 quatuor
1924 1436 2032 1474 me-

43 1505 205 1565 liores
240 1505 395 1573 φίλον
436 1503 733 1565 ποιήσεσθαι
780 1502 972 1556 vitiose
1016 1500 1306 1565 exhibent,
1359 1507 1419 1555 ut
1469 1501 1669 1558 multae
1724 1505 1859 1561 aliae
1900 1508 2032 1562 scri·
2072 1576 2074 1579 v

44 1603 237 1668 pturae
294 1588 580 1646 manifesto
643 1589 930 1644 mendosae
988 1590 1041 1643 in
1106 1589 1291 1645 iisdem
1355 1589 1509 1644 libris
1580 1590 1707 1647 solis
1763 1592 2032 1652 feruntur.

44 1681 300 1736 Additum
362 1677 517 1734 ὁπότε
571 1678 834 1740 δυνασθείη
892 1678 1024 1732 satis
1082 1677 1416 1733 demonstrat
1471 1680 1628 1749 φίλον
1684 1701 1771 1747 μοι
1825 1682 2030 1741 ἔσεσθαι

44 1786 232 1826 verum
282 1785 417 1823 esse.
497 1766 614 1821 Dici
668 1767 870 1838 optime
909 1773 1082 1837 potest
1135 1766 1276 1835 ᾤμην
1332 1769 1488 1822 αὐτὸν
1546 1769 1703 1823 ὁπότε
1760 1771 2027 1837 δυνασθείη

45 1858 201 1927 φίλον
237 1855 446 1921 ἕξειν,
490 1854 584 1909 sed
626 1871 731 1908 non
772 1856 1169 1919 ποιήσεσθαι
1213 1856 1367 1922 φίλον
1409 1855 1562 1911 ὁπότε
1603 1858 1885 1923 δυνασθείη.

124 1945 183 1999 ln
225 1943 266 2018 3
306 1948 395 1999 20.
454 1943 563 1998 Ναὶ
604 1944 686 2007 μοὶ
740 1943 877 2008 Δία,
918 1943 1219 2012 ᾐσχυνόμην
1252 1944 1458 2009 μέντοι,
1503 1945 1611 1999 imo
1652 1963 1777 2001 vero
1811 1950 2031 2019 puderet

45 2051 157 2097 me,
199 2033 499 2101 ᾐσχυνόμην
547 2030 819 2097 μέντᾶν.
898 2031 1101 2103 Duplex
1145 2032 1399 2086 mendum
1431 2033 1604 2088 inficit
1657 2033 1696 2107 3
1741 2039 1830 2091 2⁶2..
1874 2039 2029 2107 ἐπεὶ,

42 2122 157 2189 εἴγε
199 2124 321 2188 πρὸς
373 2122 559 2189 φίλους
611 2121 687 2178 ἐςὶ
729 2122 947 2189 φυλακή
972 2162 995 2183 ,.
1038 2123 1218 2174 πᾶσαν
1272 2116 1385 2174 οἶδα
1433 2123 1573 2188 ὑμᾶς
1626 2124 2032 2191 φυλαξαμένους

43 2213 109 2273 ὥς
146 2212 222 2276 μὴ
277 2216 575 2277 παρασχεῖν
615 2209 775 2276 τούτῳ
831 2206 1092 2277 πρόφασιν
1135 2209 1339 2263 δικαίαν
1378 2212 1452 2275 μη
1501 2213 1795 2268 ἀποδιδόναι
1838 2217 1958 2279 ὑμῖν
1994 2215 2031 2272 ὁὶ

28 2298 327 2367 ·.ὖπε’σχετο.
410 2296 818 2351 Euiendandum
859 2304 941 2350 est
981 2296 1013 2361 ἦ
1048 2317 1114 2362 γε
1155 2298 1276 2365 πρὸς
1331 2299 1516 2366 φίλους
1558 2299 1633 2357 ἐςὶ
1676 2306 1894 2370 φυλακή
1936 2323 2034 2377 pro

45 2385 95 2442 εἴ
126 2405 227 2452 γε,
266 2384 458 2440 deinde
511 2393 778 2457 expuncto
826 2387 891 2446 ὠς
938 2383 1220 2455 legendum
1274 2390 1453 2441 πᾶσαν
1507 2384 1623 2444 οἶδα
1677 2392 1815 2455 ὑμᾶς
1856 2398 2031 2462 φυλα-

34 2471 297 2546 Ιξαμ,ε’νουι;
355 2475 430 2539 μὴ
488 2481 788 2541 παρασχεῖν
853 2473 1016 2541 τούτῳ
1075 2474 1372 2542 πρόφασιν,
1443 2491 1566 2530 nam
1632 2476 1893 2534 Graecum
1951 2490 2033 2538 est

39 2561 390 2634 Φυλαττομαι
438 2564 514 2628 μὴ
564 2568 862 2629 παρασχεῖν
911 2569 964 2616 el.
1021 2565 1201 2617 ποῖσαν
1251 2566 1499 2631 φυλακην
1555 2566 1902 2634 φυλάττομαι
1955 2574 2030 2636 μὴ

86 2657 379 2719 αρασχεῖν,
435 2648 524 2706 ubi
567 2648 831 2720 quomodo
882 2651 948 2711 ὡς
991 2650 1154 2704 inseri
1199 2652 1368 2722 possit
1411 2670 1568 2708 nemo
1617 2655 1844 2712 docebit.
1924 2659 2033 2715 Cur

37 2670 143 2808 ξε
183 2736 530 2794 scribendum
584 2738 655 2791 sit
698 2754 793 2808 pro
832 2737 947 2803 εἴγε
1003 2739 1346 2810 perspicuum
1400 2749 1513 2796 est:
1574 2759 1679 2797 non
1738 2746 2035 2818 ambigitur

43 2829 191 2912 paim
232 2843 401 2899 ecqua
454 2826 525 2880 sit
564 2826 781 2894 φυλακὴ
833 2827 953 2892 πρὸς
992 2827 1215 2894 φίλους,
1275 2827 1366 2882 sed
1421 2828 1551 2885 llaec
1602 2832 1716 2903 ipsa
1756 2850 1871 2890 esse
1910 2838 2032 2905 πρὸς

45 2915 233 2987 φίλους
282 2916 503 2984 φυλακή
563 2914 864 2969 rectissime
905 2912 1108 2969 dicitur
1166 2915 1397 2987 impigre
1451 2917 1625 2975 officio
1673 2919 1823 2993 fungi
1881 2927 2028 2981 etin

49 3002 195 3062 Bulla
237 3020 294 3059 re
330 3002 523 3058 amicis
574 3001 774 3057 deesse.
854 3000 913 3055 ln
971 3000 1080 3075 3ω
1053 3007 1119 3057 ..5
1175 3006 1237 3065 ὡς
1272 3005 1392 3069 μηδ’
1432 3008 1475 3062 εἱ
1522 3008 1769 3074 ἐβούλετο
1821 3012 2031 3070 ἐδύνατο

47 3087 326 3160 {faa-ari»
368 3107 471 3145 non
513 3091 655 3162 cepit
701 3088 864 3143 huius
894 3087 996 3144 loci
1037 3091 1300 3146 rationem
1343 3092 1648 3163 Corrector,
1689 3099 1782 3170 qui
1823 3101 2031 3158 ἐδύνατο

49 3175 123 3236 ὃν
178 3185 405 3236 ταῦτα
464 3177 743 3243 ἐξαπατᾶν
795 3177 1035 3232 restituit
1082 3178 1288 3235 scilicet
1328 3188 1380 3237 et
1419 3182 1665 3240 Codicem
1708 3187 2031 3245 Etonensem

52 3265 409 3339 interpolavit.
473 3266 639 3339 Saepe
679 3264 741 3320 ἄν
783 3264 836 3319 in
882 3263 1078 3320 talibus
1117 3283 1147 3321 a
1188 3267 1465 3324 Graeculis
1504 3271 1668 3327 inseri
1699 3275 1868 3331 solere
1904 3277 2032 3333 alibi

53 3353 404 3410 ostendimus.
482 3355 542 3410 ln
584 3353 623 3428 3
668 3357 736 3408 24
781 3353 1168 3409 inextricabilis
1208 3363 1289 3411 cst
1327 3357 1460 3412 mihi
1495 3358 1785 3416 difficultas
1822 3364 1875 3417 in
1918 3381 2035 3420 ver-

56 3436 140 3496 bi·
175 3444 266 3498 οὐκ
314 3443 386 3502 εἷς
424 3443 519 3508 μὲν
559 3442 788 3511 Πέρινθον
839 3442 1080 3510 προσίητε
1125 3443 1311 3510 πόλιν,
1351 3447 1660 3515 Ἀρίς-αρχος
1702 3450 1745 3503 δ’
1786 3452 1923 3516 ὑμᾶς
1956 3484 2032 3497 -..

54 3529 143 3583 οὐκ
195 3530 280 3584 εῚα
335 3529 577 3595 εἰσιέναι,
630 3547 693 3586 ex
748 3529 847 3586 hac
901 3532 1171 3603 scriptura
1224 3534 1413 3605 optimi
1463 3535 1671 3590 Codicis
1711 3537 1774 3593 H.
1814 3538 2035 3598 eliciant

55 3614 146 3671 alii
190 3617 554 3690 Xenophontis
594 3635 830 3674 manum.
915 3618 1022 3674 Hoc
1081 3620 1253 3676 solum
1297 3620 1447 3677 video
1490 3621 1621 3677 nihil
1664 3641 1780 3681 esse
1817 3630 1933 3683 sani
1976 3631 2032 3686 in
