2436 4068
1325 212 1432 263 436

694 359 796 423 ἐγὼ
837 359 888 411 δὲ
926 358 1155 422 μυςίλοις
1197 376 1263 420 γε
1302 357 1763 421 μεμυςιλημένοος,

393 444 484 499 ubi
536 465 601 510 γε
655 445 813 515 vulgo
863 444 1028 498 deest.
1110 443 1167 497 Si
1204 442 1325 513 quis
1365 442 1505 496 volet
1558 445 1855 515 scripturas
1909 448 2117 503 Codicis
2167 450 2375 505 Raven-

390 533 532 586 natis
571 539 624 586 et
658 531 848 585 Veneti
889 539 1169 595 excutere,
1209 531 1500 601 comperiet
1539 547 1701 601 quam
1731 549 1886 605 saepe
1922 544 2108 590 contra
2156 544 2369 592 senten·

390 621 522 674 tiam
562 627 616 674 et
656 609 842 674 contra
886 626 1118 673 metrum
1159 639 1228 684 γε
1267 636 1332 673 ex
1370 618 1524 672 libris
1564 618 1839 675 exciderit.
1919 622 2061 677 Satis
2113 631 2194 678 est
2235 624 2371 678 indi-

386 724 510 762 care
549 707 755 778 Equitt.
801 724 878 762 VS.
920 711 1063 762 1150
1099 713 1152 761 et
1184 710 1346 761 1167.
1388 706 1632 760 Bekkeri.
1711 708 1912 764 Eadem
1948 712 2118 781 igitur
2154 719 2235 765 est
2269 712 2374 766 loci

387 794 754 866 Xenopliontei
784 795 942 849 rati0.
1023 796 1245 850 Dixerat
1281 793 1441 848 homo
1471 795 1834 865 nequissimus
1867 795 1942 852 ἔτι
1972 801 2227 866 φλυαροίη
2264 798 2370 861 δ’ςις

383 883 528 948 λέγοι
567 885 677 938 κτέ.
757 882 1113 937 Excandescit
1152 882 1218 936 ad
1259 882 1392 936 haec
1434 882 1726 953 Xenophon
1766 891 1820 939 et
1858 885 1935 940 ita
1974 885 2246 941 hominem
2289 888 2370 941 in-

386 971 659 1042 terpellat:
715 973 778 1026 σὺ
834 971 899 1025 δέ
945 992 1023 1036 γε
1077 973 1187 1026 οὐδὲ
1228 971 1344 1037 ὁρῶν
1381 972 1684 1034 γιγνώσκεις
1734 974 1842 1027 κτέ.
1924 974 2087 1029 Recte
2124 974 2365 1029 Dindorf.

386 1058 478 1112 III.
521 1077 556 1113 1.
603 1063 690 1113 55.
741 1051 942 1130 recepit
983 1062 1104 1125 ἡμῖν
1145 1058 1208 1112 δέ
1248 1079 1327 1124 γε
1366 1056 1510 1124 οἶμαι
1551 1059 1731 1114 ποέντοο
1771 1061 2002 1123 ποιητέοι.

456 1145 517 1201 In
573 1150 728 1217 §30.
781 1149 919 1213 μήτε
964 1147 1257 1215 προσίεσθαι
1315 1147 1386 1208 εἷς
1438 1149 1652 1202 τοούτὸ
1707 1151 1827 1214 ἡμῖν
1872 1152 2048 1211 αὐτοῖς
2093 1152 2368 1223 corrigen-

383 1233 511 1288 dum
556 1242 636 1289 est
687 1237 758 1296 εἷς
810 1236 1049 1290 τοιύτὸν
1103 1238 1259 1299 ἡμῖν,
1314 1240 1375 1288 ut
1416 1234 1587 1289 solent
1624 1237 1791 1290 Attici
1830 1237 2066 1292 scribere
2111 1246 2235 1293 ante
2282 1257 2367 1293 vo-

380 1321 568 1376 calem.
649 1323 840 1378 Exime
888 1324 1062 1378 obiter
1114 1323 1308 1376 vitium
1360 1322 1499 1378 idem
1548 1340 1613 1377 ex
1656 1324 1846 1378 Aesch.
1891 1324 2122 1397 Ctesiph.
2177 1330 2368 1399 §2152

382 1409 430 1463 εἴ
471 1430 538 1474 γε
574 1411 648 1474 μη
684 1414 890 1466 τοούτὸ
930 1412 1156 1466 ἐνύπνιον
1195 1411 1298 1474 ἐγὼ
1337 1410 1424 1464 κοοὶ
1462 1412 1787 1477 Δημοσθένης
1827 1412 2058 1478 εἴδομεν,
2099 1415 2208 1468 imo
2241 1431 2369 1468 vero

380 1499 614 1552 τοούτὸν
672 1499 918 1555 ἐνύπνιον.
1014 1498 1213 1554 Eadem
1277 1506 1359 1552 est
1414 1499 1552 1552 ratio
1608 1499 1661 1553 in
1718 1505 1940 1555 τοιοῦτον
1999 1507 2052 1555 et
2108 1507 2364 1557 τοσοῦτον.

382 1585 624 1640 Emenda
669 1587 840 1657 igitur
890 1585 1164 1641 Demosth.
1205 1585 1344 1640 XIX.
1387 1590 1477 1641 98.
1530 1591 1790 1643 τοσοῦτ’
1844 1588 2033 1657 ἀπέχω
2071 1594 2161 1644 τοῦ
2220 1610 2365 1644 συκο-
2432 1615 2436 1651 ,;

381 1679 632 1741 Φοοντεῖν,
674 1674 764 1728 ubi
803 1691 991 1728 verum
1034 1680 1115 1728 est
1155 1677 1394 1727 τοσοῦτον
1427 1675 1637 1742 ἀπέχω.

458 1761 681 1834 Saepius
721 1762 904 1817 eodem
949 1761 1104 1815 modo
1143 1760 1286 1833 apud
1333 1762 1748 1818 Demosthenem
1803 1770 2083 1835 peccatum
2124 1773 2241 1831 est,
2282 1785 2368 1822 vc·
2428 1751 2436 1832 ξ

381 1848 483 1904 luti
525 1851 581 1904 in
619 1851 853 1906 Midiana
896 1855 927 1920 ς’
967 1854 1090 1905 134.
1133 1852 1205 1911 εἷς
1247 1851 1459 1905 τοιύτὸ
1501 1853 1648 1916 ἡμεῖς
1689 1852 1886 1914 τούτοις
1925 1853 2171 1920 διέβημεν
2210 1862 2264 1910 et
2310 1857 2366 1910 in

380 1938 698 1996 Androtion.
756 1943 784 2009 ἓ
826 1943 878 1994 2.
937 1940 1008 1998 εἷς
1062 1941 1275 1994 τοούτὸ
1329 1941 1394 1999 ὡς
1435 1940 1734 2002 πεποιηκότι
1775 1945 1987 2005 wora,
2032 1941 2122 1996 ubi
2158 1943 2368 1998 Codicis

380 2026 433 2080 S.
488 2028 781 2083 auctoritas
836 2026 1131 2082 deserenda
1182 2034 1263 2081 est
1304 2033 1356 2081 et
1412 2027 1604 2082 ταύτόν
1659 2028 2085 2084 rescribendum.
2162 2031 2364 2086 Eodem

378 2115 497 2170 iure
553 2117 612 2170 τὸ
671 2120 973 2170 τοιοῦτον
1034 2115 1288 2181 ἀσέβημα
1343 2117 1554 2186 corrige
1606 2116 1661 2169 in
1719 2117 2035 2172 Androtion.
2093 2123 2212 2191 52.
2265 2137 2363 2191 pro

372 2207 602 2267 τοιοῦτο,
657 2210 711 2258 et
763 2220 962 2276 repone
1014 2208 1341 2260 τοσοῦτον
1397 2204 1594 2272 οὲπέχει
1650 2204 1702 2257 in
1763 2204 1949 2259 eadem
2006 2213 2141 2260 orat.
2201 2212 2360 2278 §75.

372 2297 426 2345 et
466 2291 522 2344 in
565 2292 902 2348 Timocratea
957 2293 985 2359 ἕ
1033 2295 1173 2356 185,
1228 2297 1282 2345 et
1332 2295 1660 2345 τοσοῦτον
1713 2291 2002 2360 ἀπέχουσιν
2043 2293 2099 2347 in
2157 2295 2363 2350 Aristo·
2427 2318 2436 2345 a

363 2386 552 2434 'cratea
602 2382 631 2449 ἕ
677 2385 799 2434 108.
879 2380 956 2435 Ne
1010 2379 1327 2451 scrupulum
1380 2379 1591 2433 iniiciat
1649 2380 1838 2450 optimi
1879 2379 2087 2435 Codicis
2126 2382 2357 2438 nimium

366 2467 639 2522 celebrata
694 2468 824 2523 fides
865 2469 1071 2540 inspice
1113 2468 1481 2522 Timocrateae
1542 2467 1570 2533 ἓ
1613 2471 1664 2521 5.
1723 2466 1813 2520 ubi
1868 2472 2191 2524 τοσοῦτον
2230 2474 2359 2527 οὶπέ-

370 2576 522 2625 χουσι
581 2564 728 2612 recte
781 2557 995 2621 editur,
1055 2572 1382 2628 quamquam
1433 2554 1635 2611 τοο-ἄπ’
1693 2555 1811 2628 (sic)
1874 2556 1928 2610 in
1984 2556 2036 2611 S.
2094 2559 2358 2631 scriptum
2432 2598 2433 2601 =

363 2651 468 2700 est.
549 2646 814 2699 Peccatur
870 2662 1275 2717 nonnumquam
1320 2652 1372 2699 et
1431 2650 1654 2708 contra,
1694 2650 1753 2697 ut
1796 2643 1852 2698 in
1909 2645 2143 2700 Midiana
2200 2646 2362 2713 §65.
2424 2659 2428 2663 ’

365 2732 462 2791 ὤςε
517 2733 829 2788 τοιοῦτόν
888 2755 938 2788 τι
980 2742 1139 2788 ποιεῖν
1179 2751 1276 2805 pro
1313 2731 1510 2787 τοιοῦτό
1548 2752 1617 2786 τι.

439 2823 502 2876 In
554 2825 582 2893 §
620 2825 708 2875 52.
750 2828 872 2882 σῶος
908 2828 1002 2876 aut
1042 2824 1164 2890 σῷος
1189 2865 1203 2886 ,
1244 2827 1303 2876 ut
1353 2819 1541 2874 multis
1591 2819 1711 2873 aliis
1750 2819 1880 2874 locis
1920 2822 2255 2887 Atticorum,
2297 2825 2353 2878 in

364 2910 462 2969 σῶς
507 2909 886 2980 corrigendum
929 2917 1046 2974 est,
1087 2926 1224 2981 quac
1262 2908 1433 2963 forma
1475 2909 1530 2961 in
1576 2908 1643 2961 iis
1691 2908 2078 2980 scriptoribUS,
2124 2927 2354 2981 quorum

364 3003 493 3051 sunt
528 2997 726 3051 vetusti
764 3004 817 3052 et
863 2998 986 3052 honi
1024 2997 1274 3062 CodiceS,
1318 2997 1631 3068 saepissime
1670 3004 1899 3051 aetatem
1947 2996 2105 3061 tulit,
2146 2999 2200 3051 in
2237 3017 2352 3054 cac·
2408 3040 2413 3059 ι,

362 3084 498 3138 <teris
537 3091 596 3138 ut
638 3085 867 3157 quisque
909 3085 1044 3139 liber
1080 3093 1164 3140 est
1205 3086 1507 3148 recentior,
1551 3085 1624 3137 ita
1667 3085 1844 3138 rarius
1879 3091 2168 3155 comparet.
2250 3087 2350 3143 Ve-
2402 3082 2410 3146 ’,ἓ

363 3173 580 3227 rissima
619 3172 684 3227 de
724 3190 785 3227 ea
824 3191 883 3227 re
915 3174 1190 3226 annotavit
1236 3173 1544 3227 Dindorfius
1591 3173 1647 3224 in
1688 3170 1908 3242 praefat.
1952 3189 2069 3243 pag.
2102 3190 2154 3226 ix
2196 3191 2273 3246 sq.

438 3260 500 3315 In
541 3264 571 3332 ᾗ
605 3265 692 3315 54.
750 3264 871 3326 ἡμῖν
909 3293 980 3301 -
1023 3259 1159 3323 ἔδοξε
1200 3261 1286 3314 na}
1341 3263 1517 3320 αὐτοῖς
1562 3261 1818 3313 συνελθεῖν
1868 3260 1954 3313 κοοὶ
1999 3262 2137 3325 ὑμᾶς
2180 3283 2345 3329 ποιροο-

364 3349 618 3414 κοιλέσοιι,
659 3351 860 3404 mirum
910 3350 964 3402 ni
1000 3347 1288 3419 Xenophon
1333 3347 1578 3406 αὐτοὺς
1634 3348 1889 3401 συνελθεῖν
1933 3350 2246 3420 scripserit,
2288 3359 2348 3405 ut

365 3439 416 3494 in
464 3437 558 3491 tali
597 3455 655 3491 re
696 3437 807 3491 sere
845 3436 1013 3491 solent
1069 3436 1235 3489 Attici
1280 3435 1562 3490 infinitivis
1616 3435 1949 3490 accusativos
1990 3436 2200 3494 addere.
2279 3440 2342 3494 In

2429 3370 2436 3523 Ξ,

364 3526 630 3598 Aristoph.
675 3526 878 3598 Equitt.
924 3543 998 3579 vs.
1041 3528 1201 3578 1510.
2424 3531 2436 4068 i
