2436 4068
1029 165 1130 216 551

90 314 333 367 ,ἐπελθεῖν
370 309 646 380 transponi
680 308 837 363 iussit
865 309 1138 374 ἐβούλοντο
1168 308 1378 374 μαλιςα
1413 309 1528 374 μέν.
1571 308 1767 363 Notum
1797 317 1885 372 est,
1906 327 2066 382 quani

88 416 245 471 saepe
282 399 336 451 in
381 396 471 450 tali
514 413 575 450 rc
621 395 834 462 μάλιςα
884 397 981 462 μέν
1017 404 1072 450 et
1109 399 1152 451 εἰ
1193 397 1245 451 δὲ
1282 399 1358 463 μή
1413 398 1556 451 inter
1606 413 1662 452 se
1713 406 2066 470 opponantur.

87 486 411 558 Saepissime
451 485 560 538 vidi
596 484 692 551 μέν
723 485 1012 540 alibrariis
1047 486 1102 538 in
1142 484 1371 540 alienam
1405 484 1585 540 sedem
1621 486 1942 552 traiectum,
1977 487 2069 541 sed

89 575 242 630 facile
291 573 439 627 sraus
490 572 949 644 deprehenditur,
1009 574 1137 644 quia
1190 574 1244 626 in
1285 574 1555 644 plerisque
1595 573 2069 646 omnibus'certus

83 671 137 719 et
181 661 520 716 necessarius
561 660 857 732 particulae
893 660 1043 714 locus
1080 667 1192 725 est,
1229 661 1371 716 unde
1409 663 1525 717 sine
1567 663 1866 717 sentcntiae
1905 661 2067 717 detri-
2149 675 2151 677 ·

79 757 261 805 mento
302 749 504 803 moveri
549 765 654 802 non
687 755 879 830 potest.
959 748 1114 802 Iuvat
1149 749 1266 802 eius
1299 750 1379 804 rei
1419 750 1661 833 exempla
1701 749 2068 822 compluscula

82 854 363 910 apponere.
442 837 577 891 Male
628 835 808 891 editur
844 837 900 889 in
955 836 1157 891 Hellen.
1194 836 1255 890 V.
1297 855 1332 890 1.
1373 842 1464 892 55.
1517 839 1774 904 διέπεμπε
1825 839 1924 893 τῶν
1969 839 2066 904 μὲν

80 927 276 982 ἱππέων
309 958 384 966 —
415 925 673 990 διέπεμπε
712 925 764 980 δὲ
805 923 892 978 καὶ
931 923 1214 990 ξεναγούς,
1267 924 1559 997 Xenophon
1602 927 1928 997 scripserat:
1969 927 2065 982 διέ-

78 1035 261 1081 πεμπε
301 1015 398 1080 μὲν
452 1016 551 1068 τῶν
606 1014 821 1068 ἱππέων.
904 1012 1166 1068 Similiter
1218 1013 1272 1067 in
1327 1013 1557 1067 Hierone
1597 1013 1687 1067 ΙΙΙ.
1731 1018 1782 1068 8.
1838 1015 2064 1083 εὑρήσεις

77 1104 173 1169 μὲν
214 1103 332 1164 τοὺς
372 1103 810 1163 ἰδιώτας-τοὺς
848 1103 901 1158 δὲ
936 1101 1206 1171 τυράννους
1239 1103 1351 1156 κτὲ.
1406 1102 1617 1172 corrige
1652 1103 1770 1163 τοὺς
1807 1103 1903 1168 μὲν
1937 1104 2066 1158 ἰδιώ-

77 1213 211 1255 τας,
261 1198 316 1246 et
373 1192 429 1245 in
479 1190 761 1264 Symposio
794 1190 882 1246 IV.
926 1196 979 1246 5.
1029 1191 1072 1245 εἰ
1123 1191 1220 1256 μὲν
1259 1193 1380 1257 πρὸς
1434 1190 1551 1251 τοὺς
1605 1188 1800 1251 ἄλλους
1846 1190 2063 1246 δύνασαι

78 1281 300 1341 δικαίους
339 1287 530 1341 ποιεῖν,
573 1279 695 1347 πρὸς
717 1279 769 1333 δὲ
790 1281 980 1334 σαυτὸν
1013 1279 1072 1333 οὔ
1094 1321 1109 1345 ,
1146 1285 1370 1350 apparet
1405 1277 1751 1332 scribendum
1792 1295 1909 1334 esse
1945 1279 2066 1347 πρὸς

78 1370 175 1434 μὲν
212 1370 329 1430 τοὺς
368 1366 581 1429 ἄλλους.
660 1367 805 1422 Idem
843 1369 1035 1422 vitium
1078 1374 1160 1422 est
1195 1365 1338 1438 apud
1372 1366 1587 1439 Lysiam
1627 1367 1794 1421 XXV.
1839 1370 1928 1421 27.
1979 1368 2066 1422 διὰ

78 1460 197 1519 τοὺς
234 1459 331 1522 μὲν
369 1457 555 1518 ἀδίκως
609 1456 1029 1522 πολιτευομένους
1065 1487 1141 1498 -
1173 1457 1258 1511 δια
1296 1456 1347 1510 δὲ
1387 1457 1506 1517 τοὺς
1547 1457 1598 1510 ἐν
1635 1464 1700 1525 τῇ
1741 1457 2065 1528 δημοκρατίᾳ

78 1550 567 1614 συκοφαντοῦντας,
621 1561 818 1617 repone
856 1546 941 1600 δια
980 1546 1076 1610 μὲν
1115 1545 1266 1610 τούς,
1320 1553 1373 1599 et
1426 1543 1570 1616 apud
1630 1544 1859 1600 eundem
1917 1543 2065 1601 Orat.

82 1634 198 1690 ΧΙΙ.
248 1639 334 1689 15.
392 1633 626 1700 ἡγούμην
681 1635 777 1699 μὲν
828 1635 871 1688 εἱ
932 1634 1145 1699 Θέογνις
1186 1633 1262 1696 εἴη
1305 1633 1647 1699 πεπεισμένος
1679 1665 1756 1675 -
1788 1636 1831 1689 εἰ
1865 1635 1917 1689 δὲ
1955 1635 2063 1700 μή,

80 1723 228 1778 vides
283 1723 488 1794 requiri
537 1723 579 1776 εἰ
635 1723 733 1787 μὲν
785 1723 998 1787 Θέογνις
1054 1722 1149 1785 εἴη.
1242 1722 1303 1776 In
1351 1721 1634 1777 Aeschinis
1688 1722 2067 1795 Ctesiphontea

80 1811 121 1886 S
160 1816 282 1867 154.
342 1819 589 1884 apertum
630 1819 713 1865 est
762 1828 857 1882 pro
904 1812 986 1865 ἐπὶ
1035 1813 1107 1878 τῷ
1148 1811 1244 1876 μὲν
1284 1812 1464 1879 πρώτῳ
1500 1842 1572 1852 -
1614 1811 1699 1865 ἐπὶ
1741 1812 1792 1865 δὲ
1831 1813 1902 1879 τῷ
1955 1812 2066 1866 δευ-

80 1901 204 1968 τέρῳ
246 1900 522 1972 transponi
556 1907 801 1971 oportere
838 1899 922 1954 ἐπὶ
960 1900 1056 1966 μὲν
1084 1901 1155 1967 τῷ
1192 1902 1386 1966 πρώτῳ.
1468 1898 1634 1971 Saepe
1675 1900 1905 1954 miratus
1943 1916 2065 1959 sum

82 1996 190 2042 tani
245 1989 590 2060 perspicuum
642 1988 835 2042 vitium
880 1987 1088 2042 tamdiu
1144 1986 1345 2058 fugisse
1385 1987 1611 2043 Criticos
1651 1989 1704 2042 in
1754 1987 2063 2060 Ctesiphon·

79 2084 161 2130 tea
206 2075 245 2148 ξ
280 2081 383 2140 55,
442 2076 530 2130 ubi
587 2075 817 2147 legitur:
874 2078 932 2131 τὸ
974 2077 1136 2131 δοκεῖν
1170 2076 1265 2141 μὲν
1301 2077 1467 2139 ἀληθῆ
1505 2077 1683 2142 λέγειν
1724 2081 1932 2147 οὶρχαῒα
1973 2082 2062 2146 δέ,

80 2164 363 2235 legendum
407 2172 490 2219 est
535 2166 595 2219 τὸ
641 2165 801 2219 δοκεῖν
840 2166 1007 2227 ἀληθῆ
1055 2165 1151 2229 μὲν
1200 2163 1381 2229 λέγειν
1419 2166 1628 2232 ἀρχαῖα
1665 2166 1736 2220 δέ.
1816 2168 1924 2224 Nec
1966 2172 2065 2225 mi·

79 2269 181 2308 nus
236 2254 291 2307 in
345 2252 663 2307 Titnarchea
704 2251 743 2326 §
785 2257 908 2307 177.
963 2253 1048 2307 διὰ
1088 2253 1142 2309 τί
1173 2252 1334 2307 οἴεσθε
1372 2254 1491 2314 τοὺς
1532 2254 1712 2320 νόμους
1751 2257 1854 2321 μὲν
1889 2265 2062 2323 καλῶς

76 2343 305 2404 κεῖσθαι,
365 2343 437 2396 τα
490 2342 541 2396 δὲ
576 2342 913 2410 ψηφίσματα
950 2338 1078 2396 εἶναι
1130 2348 1225 2404 τῆς
1270 2341 1469 2403 πόλεως
1510 2343 1901 2412 καταδεέςερα;
1956 2348 2064 2402 imo

75 2447 202 2484 vero
237 2431 355 2491 τοὺς
394 2431 491 2494 μὲν
529 2430 727 2496 νόμους.
809 2430 997 2485 Finem
1039 2429 1232 2484 faciam
1271 2431 1326 2483 in
1368 2429 1577 2485 duobus
1620 2431 1751 2487 locis
1791 2434 2062 2492 Isocratis,

79 2518 275 2573 Editur
311 2516 459 2575 Orat.
491 2518 579 2574 VI.
623 2524 674 2573 ὅ.
716 2519 767 2572 ἐν
797 2514 867 2579 οἷς
903 2519 998 2584 μὲν
1034 2518 1445 2586 κατορθώσαντες
1480 2517 1727 2583 ἅπαντας
1758 2523 1898 2588 ὑμᾶς
1930 2528 2063 2595 ὠφε-

76 2609 334 2671 λήσομεν,
387 2607 758 2674 διαμαρτόντες
798 2607 849 2661 δὲ
900 2614 993 2670 τῆς
1043 2607 1297 2675 ὑμετέρας
1342 2609 1552 2674 γνώμης
1586 2640 1663 2649 -
1697 2612 1754 2665 τὸ
1788 2615 1944 2668 κοινὸν
1983 2618 2062 2671 οὐ·

20 2711 23 2714 ·
77 2696 157 2750 δὲν
190 2696 254 2750 ἂν
295 2695 677 2763 ζημιώσαιμεν,
729 2694 936 2750 scilicet
972 2696 1027 2748 in
1068 2695 1324 2750 Urbinate
1364 2704 1442 2751 est
1482 2698 1578 2762 μὲν
1614 2701 2062 2771 κατορθώσαντες,

79 2782 219 2855 quod
270 2799 599 2855 quamquam
661 2782 952 2837 absurdum
1010 2791 1092 2838 est
1145 2792 1325 2839 tamen
1371 2785 1503 2839 vicit
1563 2784 1687 2840 libri
1749 2793 2060 2848 auctoritas.

81 2870 285 2927 Revoca
321 2873 436 2927 sine
477 2889 625 2926 mora
659 2874 1070 2939 κατορθώσαντες
1109 2874 1235 2938 μέν,
1279 2879 1333 2927 et
1372 2873 1425 2927 in
1469 2871 1614 2929 Orat.
1640 2875 1753 2932 Vll.
1789 2882 1879 2933 44.
1921 2881 2063 2952 quod

77 2958 260 3015 eadem
315 2961 699 3032 superstitione
742 2960 1023 3032 probatum
1066 2968 1147 3015 est
1196 2962 1386 3023 εἰδότες
1432 2963 1532 3024 τὰς
1580 2965 1797 3032 οὶποριάς
1844 2969 1940 3033 μὲν
1974 2965 2059 3024 διὰ

76 3047 175 3109 τὰς
203 3050 394 3116 ἀργίας
442 3049 759 3114 γιγνομένας
784 3090 796 3110 ,
836 3050 935 3110 τοὶς
976 3049 1027 3102 δὲ
1068 3052 1381 3119 κακουργίας
1421 3051 1505 3105 δια
1544 3052 1645 3113 τας
1694 3056 1958 3123 οὶπορίας,“
1982 3060 2061 3112 sic

0 3131 3 3139 '
81 3137 305 3192 restitue
349 3144 407 3191 ut
446 3137 686 3191 omnium
728 3136 988 3191 librorum
1029 3146 1239 3209 praeter
1281 3137 1552 3194 Urbinatis
1585 3143 1912 3214 scripturam
1961 3146 2061 3208 τὰς

77 3225 171 3288 μὲν
209 3226 427 3292 ἀπορίας
466 3232 803 3299 quantocyus
838 3226 951 3280 loco
998 3242 1095 3280 suo
1136 3243 1376 3298 reponas.

158 3311 214 3366 ln
271 3313 470 3368 licllcn.
509 3314 548 3368 1.
594 3330 659 3367 ιν.
709 3317 792 3367 14.
843 3313 908 3368 dc
958 3314 1230 3370 Alcibiade
1279 3314 1409 3371 haec
1455 3316 1746 3372 dicuntur:
1804 3322 2057 3385 ἐθέλοντος

77 3399 127 3451 δὲ
179 3401 298 3453 τότε
354 3404 601 3468 κρίνεσθαι
660 3410 989 3469 παραχρῆμα
1030 3411 1121 3466 τῆς
1172 3405 1347 3465 αι’τίας
1397 3404 1560 3477 [ἄρτι]
1601 3410 1951 3473 γεγενημένης
1992 3414 2057 3472 ὠς

79 3487 390 3551 ἠσεβηκότος
439 3491 510 3550 εἱς
559 3492 629 3544 τοὶ
682 3494 943 3559 μυς-ήρια,
988 3491 1079 3546 scd
1125 3509 1227 3546 non
1272 3501 1499 3563 possunt
1547 3512 1643 3565 per
1686 3498 1762 3549 rei
1806 3505 2055 3554 naturam

78 3581 406 3642 παραχρῆμα
453 3583 505 3630 et
552 3577 664 3646 ἄρτι
712 3580 986 3652 coniungi.
1068 3580 1350 3651 Expuncta
1391 3582 1578 3637 vocula
1617 3582 1900 3653 legendum
1941 3604 2056 3642 esse
