2436 4068
1344 227 1451 276 530

408 368 597 423 tractis
654 368 824 422 sicubi
885 368 936 421 in
998 369 1300 422 Atticorum
1359 370 1577 440 scriptis
1634 378 1946 441 comparent
1999 371 2154 426 facile
2202 382 2282 428 cst
2327 376 2393 430 ad

404 455 814 528 intelligendum
872 471 1046 526 neque
1105 455 1368 510 debebant
1409 457 1656 511 Editores
1689 458 1745 511 in
1785 459 1951 513 Dione
2006 459 2387 533 chrysostomo

406 545 554 600 Orat.
599 544 736 598 XIV.
776 560 828 614 p.
867 547 993 598 458.
1048 543 1304 605 πολλάκις
1344 547 1386 599 οἱ
1428 550 1515 599 τοῦ
1558 549 1816 607 νοσοῦντος
1852 547 2045 601 οἰκέται
2090 551 2236 604 αὐτοὶ
2279 572 2395 605 κοι-

405 635 683 687 meacm
737 633 825 686 τὸν
865 631 1118 694 δεσπότην
1164 649 1585 687 commemorare
1620 633 1891 688 indoctam
1951 636 2161 690 Reiskii
2222 640 2392 710 suspi-

402 721 610 774 cionem
651 719 977 774 καταδέουσι.
1056 721 1241 774 Dicam
1286 738 1430 775 nunc
1469 720 1535 775 de
1574 720 1678 775 alio
1716 722 1947 792 quodam
1991 725 2248 778 vitiorum
2301 741 2390 795 ge-

402 825 530 862 nere
569 807 710 879 quod
751 807 878 862 huic
920 807 1078 862 affine
1131 819 1242 863 est:
1302 825 1493 880 nempe
1534 810 1808 880 sequiores
1848 828 1946 881 per
1993 812 2173 865 omnia
2216 813 2388 867 Xeno-

394 896 617 968 phontis
671 895 873 966 scripta
913 895 1273 950 obscurarunt
1319 896 1520 951 formas
1570 898 1902 968 antiquiores
1954 900 2008 952 in
2061 906 2140 961 -ἤς
2182 907 2235 954 et
2277 917 2389 956 sae-

397 984 619 1055 pissime
678 985 1013 1038 accusativos
1054 985 1109 1037 in
1143 985 1263 1046 -έοις
1317 984 1502 1039 eadem
1553 984 1671 1039 labe
1717 985 2040 1041 affecerunt:
2098 998 2388 1060 utramque

398 1072 542 1125 enim
585 1072 1022 1126 terminationem
1065 1074 1117 1126 in
1160 1080 1258 1133 -εῖς
1301 1073 1474 1127 solent
1513 1089 1886 1145 corrumpere,
1925 1077 2043 1136 τοὺς
2103 1084 2272 1140 γονεῖς
2311 1077 2389 1130 di-

399 1167 583 1215 centes
634 1167 687 1214 et
725 1162 844 1222 τοὺς
881 1167 1086 1226 νομεῖς,
1139 1160 1350 1232 aliaque
1405 1168 1674 1216 sexcenta.
1759 1162 2054 1234 Xenophon
2105 1165 2284 1229 enim,
2325 1172 2387 1219 ut

396 1247 498 1302 hoc
547 1256 700 1313 utar,
760 1266 864 1302 non
923 1250 1141 1320 scripsit
1196 1248 1366 1303 Anah.
1410 1249 1471 1303 V.
1515 1267 1564 1303 V.
1622 1253 1710 1304 15.
1766 1247 1802 1303 ὦ
1852 1249 2030 1318 ἄνδρες
2092 1259 2385 1317 Σινωπεῖς,

395 1336 488 1391 sed
530 1344 802 1402 Σινωπῆς,
843 1337 909 1391 ad
944 1354 1062 1392 eam
1103 1339 1403 1401 rationem,
1444 1354 1607 1408 quam
1649 1339 1703 1391 in
1744 1338 2103 1411 Aristophane
2141 1347 2195 1395 et
2237 1340 2383 1396 Thu-

395 1423 589 1497 cydide
624 1431 677 1479 et
716 1424 1115 1496 antiquioribus
1155 1424 1443 1496 diligenter
1476 1426 1795 1480 servandam
1831 1444 1948 1482 esse
1982 1444 2127 1482 nunc
2166 1428 2383 1500 quidem

396 1513 529 1566 satis
576 1519 787 1567 constat
821 1514 965 1567 inter
1004 1529 1218 1578 omneS,
1258 1513 1351 1568 sed
1391 1515 1447 1568 in
1490 1513 1844 1586 Xenophonte
1890 1532 2103 1588 quoque
2147 1523 2201 1571 et
2255 1515 2384 1572 Ora-

391 1601 601 1655 toribus
652 1599 876 1656 eandem
926 1601 1110 1657 eadem
1165 1603 1469 1656 constantia
1509 1603 1713 1656 servari
1747 1611 1994 1674 oportere
2032 1605 2213 1659 nescio
2254 1622 2381 1676 quo-

392 1689 551 1743 modo
590 1689 772 1744 nullus
816 1690 1100 1746 Editorum
1142 1690 1588 1745 animadvertisse
1635 1689 1868 1745 videtur.
1950 1691 2168 1747 Scilicet
2220 1693 2378 1747 libro-

391 1795 514 1831 rum
570 1779 815 1832 omnium
870 1794 1164 1833 consensus
1220 1778 1538 1851 scrupulum
1579 1779 1787 1833 iniicit:
1848 1779 1941 1834 scd
1995 1770 2195 1852 ubique
2237 1781 2380 1836 vide·

391 1883 513 1921 mus
552 1873 815 1938 quantum
856 1866 959 1921 sibi
1011 1873 1228 1920 sumant
1271 1869 1546 1938 sequiores
1594 1867 1650 1920 in
1692 1868 1799 1931 iis,
1853 1885 1989 1940 quae
2036 1868 2190 1940 lapsu
2242 1876 2379 1924 tem-

391 1956 537 2026 poris
589 1955 816 2010 sormam
871 1961 1236 2009 mutaverunt.
1330 1955 1473 2009 Nihil
1528 1963 1610 2009 est
1663 1955 1719 2008 in
1778 1955 1878 2011 hoc
1935 1974 2130 2028 genere
2190 1957 2380 2012 utilius

389 2060 551 2115 quam
603 2044 901 2114 pervetusti
948 2042 1250 2097 scribarum
1294 2060 1543 2107 erroreS,
1602 2043 1658 2096 in
1696 2043 1894 2115 quibus
1949 2046 2173 2117 antiqua
2221 2046 2379 2101 lectio

391 2139 507 2186 tuto
546 2131 816 2186 delitescit
855 2131 921 2186 ab
962 2133 1108 2186 omni
1148 2148 1284 2185 nova
1324 2131 1631 2202 corruptela
1673 2138 1795 2186 tuta
1829 2132 1996 2188 donec
2033 2135 2244 2188 acutior
2283 2133 2376 2188 ali-

390 2221 512 2290 quis
562 2236 750 2274 verum
802 2219 1079 2274 extundat.
1159 2220 1354 2291 Reperi
1402 2219 1713 2274 huiusmodi
1770 2221 1964 2275 vitium
2024 2222 2079 2275 in
2134 2223 2376 2277 oratione

389 2309 532 2362 κοντοὶ
582 2309 812 2377 Νεοιίροις
873 2325 926 2379 p.
980 2312 1160 2370 1557,
1221 2311 1274 2362 8.
1327 2310 1618 2371 πολυτελὴς
1672 2310 1715 2363 δ’
1766 2307 1858 2372 ἧν,
1910 2311 1953 2362 οἱ
2007 2317 2278 2378 Μεγαρεῖς
2331 2311 2375 2364 δ’

387 2397 699 2464 ἀνελεύθεροι
754 2397 840 2451 καὶ
881 2397 1208 2464 μικρολόγοι,
1269 2396 1359 2450 ubi
1408 2398 1903 2467 praestantissimus
1959 2397 2096 2452 liber
2152 2399 2204 2453 S.
2247 2416 2373 2454 cum
2431 2412 2436 2463 j

386 2484 596 2539 duobus
651 2485 916 2556 perbonae
972 2493 1127 2539 notae
1168 2485 1223 2539 Β.
1260 2485 1319 2551 Q.
1361 2483 1500 2539 hanc
1549 2486 1876 2557 scripturam
1939 2485 2215 2541 exhibent:
2276 2489 2371 2551 μὲν
2415 2467 2436 2563 {-

386 2573 491 2640 γὰρ
533 2572 661 2637 ἦσαν
715 2576 959 2643 ἐλεύθεροι
999 2590 1134 2645 quae
1193 2574 1333 2628 unde
1386 2582 1511 2627 nata
1552 2575 1623 2627 sit
1677 2575 1729 2627 in
1775 2575 1958 2646 aprico
1995 2583 2092 2628 est.
2173 2575 2371 2647 Nempe

383 2652 1238 2722 ΜΕΓΑΡΗΣΑΝΕΛΕΤΘΕΡΟΙ
1279 2665 1334 2719 id
1374 2674 1452 2720 est
1490 2674 1745 2735 Μεγαρῆς
1789 2667 1874 2740 (δ’)
1910 2669 2221 2735 ἀνελεύθεροι
2253 2686 2369 2739 per·

388 2757 542 2811 facile
578 2758 630 2810 in
668 2758 762 2821 μὲν
795 2756 900 2823 γὰρ
943 2752 1071 2816 ἦσαν
1095 2755 1337 2821 ἐλεύθεροι
1379 2754 1528 2808 abire
1561 2756 1764 2825 potuit,
1807 2758 2059 2826 quoniam
2101 2757 2293 2810 lineola
2315 2758 2368 2810 in

382 2838 720 2906 ΜΕΓΑΡΗΣ
763 2866 925 2919 supra
974 2847 1263 2901 secundam
1314 2847 1524 2902 literam
1564 2848 1762 2914 ducta,
1816 2865 1951 2919 quae
2004 2865 2197 2902 nomen
2250 2865 2368 2919 pro·
2411 2845 2414 2851 ’

383 2941 563 3011 prium
621 2955 738 2992 esse
786 2937 1038 3000 denotat,
1094 2935 1288 2990 scribis
1333 2937 1443 2990 visa
1493 2945 1574 2991 est
1633 2938 1713 3011 (ut
1755 2939 1952 3009 passim
2003 2935 2204 2990 sactum
2262 2936 2364 3009 est)
2408 2964 2409 2967 =

382 3029 635 3082 omissam
690 3026 901 3079 literam
955 3047 979 3078 ν
1040 3024 1362 3095 significare.
1442 3025 1721 3080 Neminem
1784 3033 1964 3078 autem
2003 3026 2211 3079 nescire
2253 3026 2366 3096 opi·

289 3128 299 3132 “
384 3133 483 3170 nor
523 3117 577 3168 in
613 3113 897 3176 Codicibus
949 3112 1117 3167 solere
1170 3113 1480 3167 nominibus
1524 3115 1754 3185 propriis
1808 3113 2056 3166 lineolam
2100 3113 2362 3183 superim-

383 3206 545 3278 poni,
601 3202 933 3272 eandemque
984 3202 1038 3254 in
1096 3201 1215 3255 aliis
1264 3202 1453 3255 literae
1503 3223 1527 3254 ν
1578 3204 1806 3256 omissae
1857 3201 2028 3254 vicem
2081 3200 2362 3272 supplere,

383 3295 509 3349 olim
547 3293 604 3346 in
645 3306 898 3345 versuum
951 3290 1097 3343 exitu
1134 3297 1376 3352 tantum,
1419 3289 1611 3343 deinde
1652 3289 1850 3359 ubique
1892 3288 1944 3340 in
1986 3290 2174 3359 quovis
2210 3304 2360 3342 voca-

382 3383 634 3437 bulorum
695 3395 906 3450 genere.
1005 3378 1142 3431 Hinc
1197 3376 1399 3430 sactum
1454 3384 1534 3431 est
1591 3385 1649 3431 ut
1711 3377 1870 3430 toties
1916 3396 1940 3428 ν
1995 3378 2362 3431 necessarium

382 3469 721 3525 interciderit
764 3483 932 3537 quum
979 3465 1185 3520 scribae
1238 3472 1456 3520 tenuem
1498 3465 1744 3521 lineolam
1793 3472 1846 3519 et
1884 3467 1971 3517 vix
2012 3473 2356 3536 apparentem

381 3579 604 3637 prorsus
643 3560 991 3632 negligerent.
1074 3559 1210 3612 Hinc
1252 3560 1347 3624 μέν
1391 3546 1537 3635 (ME)
1583 3560 1635 3612 in
1677 3580 1744 3624 με
1789 3559 1948 3613 toties
1992 3563 2123 3616 abiit
2168 3570 2220 3616 et
2270 3561 2358 3614 alii

382 3669 590 3708 errores
643 3647 1060 3703 innumerabiles
1115 3649 1503 3720 suscipiuntur.
1588 3648 1735 3703 Unde
1779 3649 1923 3701 nasci
1966 3653 2139 3720 potuit
2182 3652 2356 3719 inepta
