2436 4068
1022 219 1129 269 229

90 370 292 439 ἄφθονα
327 364 489 419 ὀθόνια
523 363 610 416 καὶ
644 371 881 419 ςυππεῖα
922 364 1008 416 καὶ
1046 365 1253 432 σχοινία
1288 360 1360 423 οἷς
1388 363 1841 430 κατασκευάζεται
1876 367 2071 433 τριήρης

88 458 185 516 ὤςε
236 453 511 521 πρίασθαι,
565 458 772 505 resecta
827 450 1191 522 ludimagistri
1244 451 1588 506 annotatione
1643 450 1773 505 haec
1827 452 1936 507 sola
1981 471 2074 524 ge-

91 545 256 600 nuina
301 557 416 596 esse
450 539 716 594 arbitror:
756 541 877 606 πρὸς
914 539 967 593 δὲ
1002 541 1197 599 τούτοις
1232 540 1334 593 οὐδ’
1369 541 1421 593 ἐν
1457 541 1528 607 τῷ
1566 548 1798 607 Πειραιεῖ
1829 539 1886 604 ἦν
1916 543 2076 610 οὶφθο-

88 634 172 688 νία
215 629 312 687 ὅτε
351 629 614 695 πρίασθαι.
694 627 978 698 Multiplici
1031 626 1335 697 corruptela
1374 626 1579 682 laborat
1625 627 1773 683 locus
1818 646 1869 700 p.
1913 633 2074 684 1581.

89 723 264 776 οὐκοῦν
302 720 457 773 δεινὸν
497 716 619 783 πρὸς
660 716 755 780 μὲν
809 716 926 774 τοὺς
975 715 1317 779 ἆςυγείτονας
1350 713 1478 769 οὕτω
1517 720 1687 777 καλῶς
1724 717 1812 771 καὶ
1852 718 2075 786 ἀκριβῶς

90 808 397 876 διορίσασθαι
450 804 563 870 περὶ
613 802 830 866 ἕκατον,
882 805 975 865 τήν
1015 802 1068 857 δὲ
1115 808 1408 870 περιφανῶς
1469 806 1874 871 πεπορνευμένην
1919 804 2077 867 οὕτως

0 919 13 937 -’
92 899 317 963 αἰσχρῶς
351 894 438 948 καὶ
487 894 740 958 ὀλιγώρως
776 889 960 945 εἀσετε
996 921 1056 930 -—
1097 891 1433 957 ἀτιμώρητον.
1513 893 1690 948 Arena
1743 895 1857 948 sine
1896 894 2075 949 calce:

91 983 184 1039 sed
224 985 279 1036 in
317 979 600 1036 manifesto
635 980 767 1032 vitio
800 986 964 1033 tenue
1004 977 1266 1032 indicium
1310 993 1488 1032 veram
1532 978 1814 1035 lectionem
1856 983 2078 1053 aperiet.

90 1072 335 1128 Eximius
380 1069 554 1124 Codex
604 1068 655 1123 S.
713 1067 991 1121 Parisinus
1046 1073 1224 1122 servat
1270 1066 1630 1134 διωρίσασθαι,
1688 1068 1742 1121 in
1790 1086 1894 1139 quo
1948 1070 2079 1125 latet

91 1161 340 1227 διωρίσθαι
414 1158 499 1231 (ut
557 1157 758 1229 passim
791 1186 810 1200 ·
841 1157 958 1210 σθαι
1018 1162 1072 1209 et
1099 1185 1120 1196 -
1150 1156 1340 1210 σασθαι
1402 1155 1842 1229 permiscentur).
1941 1159 2079 1214 Hinc

91 1248 320 1319 emergit
360 1246 518 1302 lectio
558 1244 720 1318 proba
754 1250 808 1299 et
844 1244 1055 1298 sincera
1090 1242 1254 1298 haec:
1295 1242 1470 1296 οὔκουν
1513 1242 1639 1316 (non
1686 1245 1882 1318 οὐκοῦν)
1924 1248 2080 1302 δεινὸν

91 1339 215 1405 πρὸς
242 1336 338 1403 μὲν
375 1337 493 1396 τοὺς
529 1333 873 1399 οὶςυγείτονας
906 1330 1034 1387 οὕτω
1068 1337 1240 1393 καλῶς
1270 1331 1357 1386 καὶ
1397 1332 1623 1399 ἀκριβῶς
1655 1333 1944 1401 διωρίσθαι,
1987 1336 2080 1397 τὴν

91 1426 522 1492 δὲ-ἆτιμώρητον
561 1419 690 1476 εἶναι
731 1420 904 1475 deleto
935 1420 1154 1485 ἐάσετε,
1194 1419 1336 1491 quod
1372 1436 1517 1474 nunc
1562 1419 1709 1477 nullo
1746 1421 1901 1477 modo
1937 1431 2079 1495 pote-

0 1541 3 1585 ς
92 1514 168 1568 rit
219 1513 459 1567 retineri.
540 1509 716 1566 Simili
769 1509 1036 1563 medicina
1086 1508 1347 1563 utendum
1409 1509 1464 1562 in
1506 1508 1787 1564 Aeschinis
1840 1513 2082 1568 oratione

12 1631 18 1642 .
93 1599 159 1657 tle
189 1601 249 1656 F.
286 1600 345 1656 L.
388 1603 530 1672 512.
569 1600 731 1653 ἐδεῖτο
767 1599 906 1664 ὑμῶν
946 1599 1270 1665 πρεσβευτήν
1311 1597 1476 1665 ἑαυτῷ
1517 1597 1640 1663 πρὸς
1680 1599 1936 1655 Φίλιππον
1973 1603 2081 1656 ἕλε’·

0 1708 2 1728 ⁵
94 1693 209 1746 σθαι
247 1684 309 1745 ἵν’
342 1690 394 1743 εἴ
421 1709 528 1750 πως
568 1688 770 1743 δύναιτο
805 1685 1071 1752 ,ἀπολάβοι
1111 1686 1184 1740 τα
1223 1685 1420 1752 λύτρα,
1461 1686 1791 1758 quicumque
1830 1691 2081 1746 meminit

0 1793 4 1841 ς’
95 1777 357 1852 quomodo
394 1777 746 1832 Athenienses
788 1783 1014 1830 utantur
1053 1773 1257 1829 voculis
1295 1773 1450 1835 εἴπως
1497 1773 1697 1829 videbit
1733 1775 1793 1830 ἵν’
1833 1794 1949 1834 esse
1988 1779 2083 1835 de·

0 1852 13 1922 ἷς
93 1867 313 1923 lendum
367 1863 823 1936 scribendumque
871 1864 1027 1925 εἴπως
1076 1864 1278 1918 δύναιτο
1330 1865 1646 1930 ἀπολαβεῖν.
1707 1872 1762 1919 et
1821 1866 1875 1919 in
1917 1867 2081 1922 Ctesi-

96 1955 326 2029 phonlea
366 1962 395 2028 ς’
433 1957 555 2008 146.
596 1954 759 2007 πλείω
798 1952 906 2020 γὰρ
947 1953 1084 2018 ὑμᾶς
1124 1952 1308 2017 οὶγαθα
1348 1954 1441 2021 ὑφ’
1477 1954 1662 2007 ἑαυτοῦ
1711 1952 1812 2021 ἔφη
1845 1955 1951 2009 ἀπὸ
1990 1961 2082 2011 τοῦ

94 2046 338 2111 βήματος
377 2042 679 2097 πεπονθέναι
716 2042 746 2104 ἢ
787 2043 886 2097 ὑπὸ
934 2046 1032 2095 τῶν
1078 2046 1353 2107 ςρατήγῶν
1391 2041 1451 2094 ἐκ
1490 2045 1580 2094 τοῦ
1619 2043 1962 2108 ςρατήγείου,
2003 2046 2082 2098 in-

0 2167 2 2195 ;
93 2132 372 2205 cptissime
412 2129 512 2184 hoc
553 2129 758 2183 dictum
801 2136 912 2184 est:
954 2133 1299 2200 opponuntur
1331 2128 1477 2182 enim
1522 2129 1664 2182 inter
1703 2146 1760 2183 se
1800 2130 2084 2187 manifesto

0 2222 2 2242 ²
95 2221 202 2275 ἀπὸ
239 2222 329 2274 τοῦ
366 2220 610 2285 βήματος
646 2223 702 2271 et
753 2218 809 2270 ἐκ
856 2221 946 2271 τοῦ
995 2217 1339 2284 ςρατήγείου,
1379 2217 1535 2287 quasi
1582 2233 1707 2270 vero
1745 2220 1789 2271 οἱ
1827 2222 2080 2287 ςρατηγοὶ

93 2309 146 2364 ἓν
196 2310 268 2376 τῷ
326 2306 619 2375 ςρατηγείῳ
680 2306 773 2366 τὴν
831 2305 981 2360 πόλιν
1041 2309 1263 2375 ὠφελεῖν
1318 2312 1571 2377 possent,
1627 2307 2080 2377 quemadmodum

22 2419 29 2471 2
95 2395 287 2454 Orator
321 2395 407 2450 ἐπὶ
445 2399 535 2450 τοῦ
588 2395 849 2460 βήματος.
930 2394 1220 2449 Aeschines
1258 2394 1542 2447 inimicum
1595 2409 1754 2448 suum
1799 2396 2085 2454 induxerat

23 2509 32 2556 i
95 2483 272 2540 odiose
313 2483 602 2538 admodum
643 2490 696 2538 et
731 2482 988 2538 invidiose
1038 2483 1114 2537 ita
1154 2482 1422 2537 dicentem
1446 2503 1461 2534 ε
1517 2483 1679 2537 πλείω
1717 2485 1857 2549 ὑμᾶς
1897 2487 2084 2551 ἀγαθοὶ

94 2575 188 2644 ὑφ’
226 2574 412 2627 ἑαυτοῦ
455 2573 563 2626 ἀπὸ
610 2576 700 2626 τοῦ
738 2572 984 2638 βήματος
1038 2572 1337 2625 πεπονθέναι
1387 2573 1416 2635 ἢ
1457 2572 1556 2626 ὑπὸ
1610 2571 1816 2627 πάντων
1874 2577 1970 2628 τῶν
2021 2577 2082 2630 ἐκ

94 2665 184 2717 τοῦ
224 2661 534 2730 ςρατήγείου
556 2702 569 2724 ,
622 2659 764 2731 quod
816 2660 1056 2715 animose
1093 2659 1302 2714 dictum
1343 2666 1425 2714 est
1463 2676 1560 2731 pro
1598 2661 1697 2716 ὑπὸ
1735 2659 1945 2716 πάντων
1983 2666 2082 2717 τῶν

95 2748 560 2818 ςρανιηγήσαντων,
600 2755 655 2803 et
693 2748 773 2803 sic
813 2747 1029 2803 demum
1067 2755 1213 2802 recte
1252 2747 1523 2802 videbitur
1561 2748 1944 2806 Demosthenes
1975 2752 2083 2806 δια·

95 2838 333 2894 &mlxv
370 2836 581 2905 γράψαι
619 2837 690 2904 τῷ
722 2837 932 2904 βήματι
971 2837 1094 2904 πρὸς
1127 2838 1187 2892 τὸ
1218 2843 1555 2905 ςρατήγεῖον,
1595 2835 1737 2908 quod
1768 2837 1926 2909 paulo
1959 2846 2084 2895 ante

96 2925 316 2983 dicitur.
398 2924 511 2979 Non
564 2933 647 2980 est
695 2924 898 2980 Graeco
942 2941 1090 2979 more
1137 2925 1431 2997 composite
1482 2926 1654 2980 oratio
1707 2925 1833 2980 ibid.
1888 2927 2081 2994 §mlh

96 3015 185 3070 καὶ
222 3014 370 3082 παρὰ
401 3014 472 3082 τῷ
513 3012 654 3081 αὐτῷ
690 3013 742 3066 ἐν
771 3014 943 3081 Ὠρεῷ
975 3014 1210 3078 κατήγου
1250 3014 1336 3068 καὶ
1366 3014 1471 3068 ἀπὸ
1499 3020 1594 3078 τῆς
1629 3015 1795 3078 αὐτῆς
1822 3016 2082 3084 τραπέζης

97 3102 301 3172 ἔφαγες
341 3102 429 3157 κα)
483 3101 623 3164 ἔπιες
671 3101 759 3155 καὶ
815 3100 1061 3162 ἔσπεισας
1116 3101 1205 3156 καὶ
1257 3104 1351 3166 τὴν
1402 3101 1574 3167 δεξιὰν
1627 3102 1877 3169 ἐνέβαλες
1924 3102 2084 3172 ἄνδρα

97 3192 251 3260 Φίλον
299 3190 386 3246 καὶ
426 3189 565 3254 ξένον
605 3190 897 3255 ποιούμενος
949 3190 1036 3245 καὶ
1084 3194 1261 3245 τοῦτον
1312 3190 1641 3253 ἀπέκτεινας.
1722 3191 1902 3246 Attico
1953 3192 2084 3246 scri·

37 3343 41 3347 ,
101 3286 250 3350 ptore
285 3278 446 3350 digne
486 3278 617 3334 haec
654 3285 736 3334 est
775 3279 1117 3350 compositio:
1172 3279 1259 3334 καὶ
1297 3284 1422 3348 παρ’
1460 3276 1588 3348 ᾧρὲν
1630 3281 1801 3348 Ὠρεῷ
1843 3278 2084 3344 κατήγα-

101 3385 197 3431 γον
236 3366 362 3440 (non
402 3367 658 3439 κατήγου)
700 3398 774 3407 ——
813 3367 1136 3433 ποιούμενος,
1176 3371 1355 3423 τοῦτον
1381 3370 1714 3430 ἀπέκτεινας.
1799 3366 2083 3422 simillima

103 3454 218 3507 vitii
259 3455 407 3526 origo
444 3463 526 3510 eet
566 3456 618 3510 in
659 3454 950 3529 Cyropaed.
985 3456 1099 3512 Vll.
1141 3473 1194 3512 ν.
1240 3461 1327 3511 40.
1398 3456 1568 3524 Ἆρα,
1609 3457 1712 3526 ἔφη
1741 3498 1754 3517 .
1797 3454 1831 3509 ὦ
1872 3454 2084 3522 ἄνδρες,

7 3565 10 3576 ·
103 3548 188 3598 νῦν
226 3543 321 3606 μὶν
360 3545 528 3610 καιρὸς
566 3544 902 3608 διαλυθῆναις
946 3546 1112 3612 αὔριον
1151 3546 1203 3600 δὲ
1247 3544 1380 3614 πρωῒ
1414 3545 1608 3600 ἔλθετε.
1691 3546 1860 3611 Quam
1906 3545 2084 3617 inepta

103 3632 174 3686 sit
215 3629 428 3700 vulgata
468 3629 625 3685 lectio
664 3634 861 3703 optime
899 3633 1172 3705 apparebit
1212 3636 1255 3688 si
1301 3650 1478 3689 veram
1521 3648 1846 3704 apposuero:
1893 3633 2081 3701 ”Ωρα,
