<?xml version="1.0" encoding="UTF-8"?>
<!DOCTYPE html PUBLIC "-//W3C//DTD XHTML 1.0 Transitional//EN"
    "http://www.w3.org/TR/xhtml1/DTD/xhtml1-transitional.dtd">
<html xmlns="http://www.w3.org/1999/xhtml" xml:lang="en" lang="en">
 <head>
  <title>
</title>
<meta http-equiv="Content-Type" content="text/html;charset=utf-8" />
  <meta name='ocr-system' content='tesseract 3.04.00' />
  <meta name='ocr-capabilities' content='ocr_page ocr_carea ocr_par ocr_line ocrx_word'/>
</head>
<body>
  <div class='ocr_page' id='page_1' title='image "./novaelectionesqu00cobeuoft/novaelectionesqu00cobeuoft_0714.png"; bbox 0 0 2436 4068; ppageno 0'>
   <div class='ocr_carea' id='block_1_1' title="bbox 1289 199 1395 248">
    <p class='ocr_par' dir='ltr' id='par_1_1' title="bbox 1289 199 1395 248">
     <span class='ocr_line' id='line_1_1' title="bbox 1289 199 1395 248; baseline 0.009 -1"><span class='ocrx_word' id='word_1_1' title='bbox 1289 199 1395 248; x_wconf 79' lang='lat'><strong>680</strong></span> 
     </span>
    </p>
   </div>
   <div class='ocr_carea' id='block_1_2' title="bbox 358 341 2432 940">
    <p class='ocr_par' dir='ltr' id='par_1_2' title="bbox 358 341 2432 940">
     <span class='ocr_line' id='line_1_2' title="bbox 363 341 2332 413; baseline 0.001 -16"><span class='ocrx_word' id='word_1_2' title='bbox 363 343 472 410; x_wconf 74' lang='grc' dir='ltr'><em>περὶ</em></span> <span class='ocrx_word' id='word_1_3' title='bbox 517 343 699 412; x_wconf 89' lang='grc' dir='ltr'><em>φθόνου</em></span> <span class='ocrx_word' id='word_1_4' title='bbox 754 341 838 396; x_wconf 77' lang='grc' dir='ltr'><em>καὶ</em></span> <span class='ocrx_word' id='word_1_5' title='bbox 895 342 1074 406; x_wconf 84' lang='grc' dir='ltr'><em>μίσους</em></span> <span class='ocrx_word' id='word_1_6' title='bbox 1130 355 1182 410; x_wconf 89' lang='lat' dir='ltr'><strong>p.</strong></span> <span class='ocrx_word' id='word_1_7' title='bbox 1223 345 1349 396; x_wconf 76' lang='lat'><strong>558.</strong></span> <span class='ocrx_word' id='word_1_8' title='bbox 1394 343 1453 395; x_wconf 87' lang='lat' dir='ltr'><strong>A.</strong></span> <span class='ocrx_word' id='word_1_9' title='bbox 1509 343 1623 403; x_wconf 87' lang='grc' dir='ltr'><em>τοὺς</em></span> <span class='ocrx_word' id='word_1_10' title='bbox 1681 342 1955 411; x_wconf 88' lang='grc' dir='ltr'><em>Σωκράτην</em></span> <span class='ocrx_word' id='word_1_11' title='bbox 2011 347 2332 413; x_wconf 77' lang='grc' dir='ltr'><em>συκοφαντή·</em></span> 
     </span>
     <span class='ocr_line' id='line_1_3' title="bbox 364 427 2333 499; baseline 0 -14"><span class='ocrx_word' id='word_1_12' title='bbox 364 452 596 495; x_wconf 86' lang='grc' dir='ltr'><em>σαντας,</em></span> <span class='ocrx_word' id='word_1_13' title='bbox 656 430 868 499; x_wconf 84' lang='lat' dir='ltr'><strong>inquit,</strong></span> <span class='ocrx_word' id='word_1_14' title='bbox 923 431 986 489; x_wconf 78' lang='grc' dir='ltr'><em>ὡς</em></span> <span class='ocrx_word' id='word_1_15' title='bbox 1043 429 1114 487; x_wconf 83' lang='grc' dir='ltr'><em>εἷς</em></span> <span class='ocrx_word' id='word_1_16' title='bbox 1171 427 1398 495; x_wconf 76' lang='grc' dir='ltr'><em>ἔσχατον</em></span> <span class='ocrx_word' id='word_1_17' title='bbox 1454 429 1692 496; x_wconf 92' lang='grc' dir='ltr'><em>πονηρίας</em></span> <span class='ocrx_word' id='word_1_18' title='bbox 1756 431 2121 496; x_wconf 71' lang='grc' dir='ltr'><em>ἐληλακότας,</em></span> <span class='ocrx_word' id='word_1_19' title='bbox 2179 430 2333 492; x_wconf 76' lang='grc' dir='ltr'><em>οὕτως</em></span> 
     </span>
     <span class='ocr_line' id='line_1_4' title="bbox 361 516 2331 586; baseline 0 -13"><span class='ocrx_word' id='word_1_20' title='bbox 361 521 614 586; x_wconf 77' lang='grc' dir='ltr'><em>ἐμίσησαν</em></span> <span class='ocrx_word' id='word_1_21' title='bbox 655 519 697 571; x_wconf 85' lang='grc' dir='ltr'><strong>οἱ</strong></span> <span class='ocrx_word' id='word_1_22' title='bbox 749 524 960 571; x_wconf 87' lang='grc' dir='ltr'><em>πολῖται</em></span> <span class='ocrx_word' id='word_1_23' title='bbox 1006 516 1092 570; x_wconf 76' lang='grc' dir='ltr'><strong>καὶ</strong></span> <span class='ocrx_word' id='word_1_24' title='bbox 1148 517 1534 586; x_wconf 78' lang='grc' dir='ltr'><em>άπεςράφησαν</em></span> <span class='ocrx_word' id='word_1_25' title='bbox 1588 520 1652 579; x_wconf 78' lang='grc' dir='ltr'><em>ὡς</em></span> <span class='ocrx_word' id='word_1_26' title='bbox 1693 518 1829 583; x_wconf 77' lang='grc' dir='ltr'><em>μήτε</em></span> <span class='ocrx_word' id='word_1_27' title='bbox 1883 523 1981 586; x_wconf 79' lang='grc' dir='ltr'><em>πῦρ</em></span> <span class='ocrx_word' id='word_1_28' title='bbox 2023 518 2164 574; x_wconf 79' lang='grc' dir='ltr'><em>αὔειν</em></span> <span class='ocrx_word' id='word_1_29' title='bbox 2203 520 2331 585; x_wconf 78' lang='grc' dir='ltr'><em>μήτ’</em></span> 
     </span>
     <span class='ocr_line' id='line_1_5' title="bbox 360 604 2333 674; baseline -0.001 -12"><span class='ocrx_word' id='word_1_30' title='bbox 360 606 714 674; x_wconf 84' lang='grc' dir='ltr'><em>α’ποκρίνεσθαι</em></span> <span class='ocrx_word' id='word_1_31' title='bbox 755 605 1177 669; x_wconf 77' lang='grc' dir='ltr'><em>πυνθανομένοις,</em></span> <span class='ocrx_word' id='word_1_32' title='bbox 1217 604 1291 668; x_wconf 79' lang='grc' dir='ltr'><em>μη</em></span> <span class='ocrx_word' id='word_1_33' title='bbox 1340 604 1625 670; x_wconf 77' lang='grc' dir='ltr'><em>λουομένοις</em></span> <span class='ocrx_word' id='word_1_34' title='bbox 1661 612 1904 659; x_wconf 86' lang='grc' dir='ltr'><em>κοινωνεῖν</em></span> <span class='ocrx_word' id='word_1_35' title='bbox 1944 604 2164 670; x_wconf 75' lang='grc' dir='ltr'><em>ὕδατος,</em></span> <span class='ocrx_word' id='word_1_36' title='bbox 2206 608 2333 661; x_wconf 68' lang='grc' dir='ltr'><em>ἀλλ’</em></span> 
     </span>
     <span class='ocr_line' id='line_1_6' title="bbox 359 692 2415 764; baseline -0.001 -14"><span class='ocrx_word' id='word_1_37' title='bbox 359 693 676 760; x_wconf 69' lang='grc' dir='ltr'><em>άναγκάζειν</em></span> <span class='ocrx_word' id='word_1_38' title='bbox 707 693 882 759; x_wconf 81' lang='grc' dir='ltr'><em>ἐκχεῖν</em></span> <span class='ocrx_word' id='word_1_39' title='bbox 919 693 1075 746; x_wconf 86' lang='grc' dir='ltr'><em>ἐκεῖνο</em></span> <span class='ocrx_word' id='word_1_40' title='bbox 1110 692 1226 751; x_wconf 85' lang='grc' dir='ltr'><em>τοὺς</em></span> <span class='ocrx_word' id='word_1_41' title='bbox 1261 694 1580 760; x_wconf 75' lang='grc' dir='ltr'><em>παραχύτας</em></span> <span class='ocrx_word' id='word_1_42' title='bbox 1619 696 1684 754; x_wconf 76' lang='grc' dir='ltr'><em>ὡς</em></span> <span class='ocrx_word' id='word_1_43' title='bbox 1711 695 2083 759; x_wconf 79' lang='grc' dir='ltr'><em>μεμιασμένον.</em></span> <span class='ocrx_word' id='word_1_44' title='bbox 2163 695 2335 762; x_wconf 83' lang='lat' dir='ltr'><strong>Quam</strong></span> <span class='ocrx_word' id='word_1_45' title='bbox 2410 750 2415 764; x_wconf 28' lang='grc' dir='ltr'><strong><em>ἦ</em></strong></span> 
     </span>
     <span class='ocr_line' id='line_1_7' title="bbox 359 780 2430 854; baseline -0 -18"><span class='ocrx_word' id='word_1_46' title='bbox 359 782 564 854; x_wconf 85' lang='lat' dir='ltr'>gaudeo</span> <span class='ocrx_word' id='word_1_47' title='bbox 600 780 1007 835; x_wconf 74' lang='lat' dir='ltr'><strong>Atheniensium</strong></span> <span class='ocrx_word' id='word_1_48' title='bbox 1051 780 1344 835; x_wconf 88' lang='lat' dir='ltr'><strong>multorum</strong></span> <span class='ocrx_word' id='word_1_49' title='bbox 1383 781 1781 848; x_wconf 86' lang='grc' dir='ltr'><em>φιλοπονηρίαν,</em></span> <span class='ocrx_word' id='word_1_50' title='bbox 1825 781 1890 835; x_wconf 90' lang='lat' dir='ltr'><strong>de</strong></span> <span class='ocrx_word' id='word_1_51' title='bbox 1928 799 2032 852; x_wconf 91' lang='lat' dir='ltr'><strong>qua</strong></span> <span class='ocrx_word' id='word_1_52' title='bbox 2071 781 2228 835; x_wconf 92' lang='lat' dir='ltr'><strong>multi</strong></span> <span class='ocrx_word' id='word_1_53' title='bbox 2265 783 2337 836; x_wconf 89' lang='lat' dir='ltr'><strong>ci·</strong></span> <span class='ocrx_word' id='word_1_54' title='bbox 2413 826 2430 844; x_wconf 63' lang='grc'><strong>,,,</strong></span> 
     </span>
     <span class='ocr_line' id='line_1_8' title="bbox 358 867 2432 940; baseline 0 -18"><span class='ocrx_word' id='word_1_55' title='bbox 358 887 451 924; x_wconf 87' lang='lat' dir='ltr'><strong>ves</strong></span> <span class='ocrx_word' id='word_1_56' title='bbox 488 869 654 923; x_wconf 88' lang='lat' dir='ltr'><strong>Attici</strong></span> <span class='ocrx_word' id='word_1_57' title='bbox 692 868 882 923; x_wconf 81' lang='lat' dir='ltr'><strong>acerbe</strong></span> <span class='ocrx_word' id='word_1_58' title='bbox 922 877 1256 940; x_wconf 89' lang='lat' dir='ltr'><strong>queruntur,</strong></span> <span class='ocrx_word' id='word_1_59' title='bbox 1298 870 1352 921; x_wconf 84' lang='lat' dir='ltr'><strong>in</strong></span> <span class='ocrx_word' id='word_1_60' title='bbox 1391 868 1489 922; x_wconf 88' lang='lat' dir='ltr'><strong>hac</strong></span> <span class='ocrx_word' id='word_1_61' title='bbox 1533 867 1766 922; x_wconf 89' lang='lat' dir='ltr'><strong>Socratis</strong></span> <span class='ocrx_word' id='word_1_62' title='bbox 1803 886 1962 923; x_wconf 88' lang='lat' dir='ltr'><strong>causa</strong></span> <span class='ocrx_word' id='word_1_63' title='bbox 2003 871 2059 923; x_wconf 91' lang='lat' dir='ltr'><strong>in</strong></span> <span class='ocrx_word' id='word_1_64' title='bbox 2098 877 2209 923; x_wconf 88' lang='lat' dir='ltr'><strong>tam</strong></span> <span class='ocrx_word' id='word_1_65' title='bbox 2246 869 2335 924; x_wconf 91' lang='lat' dir='ltr'><strong>ad·</strong></span> <span class='ocrx_word' id='word_1_66' title='bbox 2408 899 2432 938; x_wconf 73' lang='lat'><strong>333</strong></span> 
     </span>
    </p>
   </div>
   <div class='ocr_carea' id='block_1_3' title="bbox 358 956 2436 1207">
    <p class='ocr_par' dir='ltr' id='par_1_3' title="bbox 358 950 2436 1207">
     <span class='ocr_line' id='line_1_9' title="bbox 358 956 2334 1028; baseline -0 -16"><span class='ocrx_word' id='word_1_67' title='bbox 358 956 660 1012; x_wconf 88' lang='lat' dir='ltr'><strong>mirabilem</strong></span> <span class='ocrx_word' id='word_1_68' title='bbox 696 957 1055 1024; x_wconf 85' lang='grc' dir='ltr'><em>μισοπονηρίαν</em></span> <span class='ocrx_word' id='word_1_69' title='bbox 1088 973 1203 1011; x_wconf 85' lang='lat' dir='ltr'><strong>esse</strong></span> <span class='ocrx_word' id='word_1_70' title='bbox 1239 973 1568 1010; x_wconf 81' lang='lat' dir='ltr'><strong>conversam.</strong></span> <span class='ocrx_word' id='word_1_71' title='bbox 1632 957 1773 1011; x_wconf 89' lang='lat' dir='ltr'><strong>Haec</strong></span> <span class='ocrx_word' id='word_1_72' title='bbox 1814 958 1929 1028; x_wconf 90' lang='lat' dir='ltr'><strong>ipsa</strong></span> <span class='ocrx_word' id='word_1_73' title='bbox 1966 958 2179 1013; x_wconf 87' lang='lat' dir='ltr'><strong>videtur</strong></span> <span class='ocrx_word' id='word_1_74' title='bbox 2212 974 2334 1013; x_wconf 89' lang='lat' dir='ltr'><strong>cau·</strong></span> 
     </span>
     <span class='ocr_line' id='line_1_10' title="bbox 360 1043 2340 1118; baseline -0.001 -17"><span class='ocrx_word' id='word_1_75' title='bbox 360 1064 418 1101; x_wconf 89' lang='lat' dir='ltr'><strong>sa</strong></span> <span class='ocrx_word' id='word_1_76' title='bbox 457 1045 658 1108; x_wconf 82' lang='lat' dir='ltr'><strong>fuisse,</strong></span> <span class='ocrx_word' id='word_1_77' title='bbox 713 1061 813 1098; x_wconf 88' lang='lat' dir='ltr'><strong>cur</strong></span> <span class='ocrx_word' id='word_1_78' title='bbox 853 1045 1100 1118; x_wconf 84' lang='lat' dir='ltr'><strong>AnytuS,</strong></span> <span class='ocrx_word' id='word_1_79' title='bbox 1141 1045 1234 1116; x_wconf 89' lang='lat' dir='ltr'><strong>qui</strong></span> <span class='ocrx_word' id='word_1_80' title='bbox 1272 1043 1415 1097; x_wconf 91' lang='lat' dir='ltr'><strong>domi</strong></span> <span class='ocrx_word' id='word_1_81' title='bbox 1461 1061 1591 1099; x_wconf 90' lang='lat' dir='ltr'><strong>suae</strong></span> <span class='ocrx_word' id='word_1_82' title='bbox 1637 1045 1822 1099; x_wconf 88' lang='lat' dir='ltr'><strong>balneo</strong></span> <span class='ocrx_word' id='word_1_83' title='bbox 1874 1047 1954 1099; x_wconf 90' lang='lat' dir='ltr'><strong>uti</strong></span> <span class='ocrx_word' id='word_1_84' title='bbox 1998 1053 2246 1118; x_wconf 85' lang='lat' dir='ltr'><strong>potuerat</strong></span> <span class='ocrx_word' id='word_1_85' title='bbox 2286 1053 2340 1100; x_wconf 88' lang='lat' dir='ltr'><strong>et</strong></span> 
     </span>
     <span class='ocr_line' id='line_1_11' title="bbox 358 1131 2436 1207; baseline -0 -18"><span class='ocrx_word' id='word_1_86' title='bbox 358 1136 436 1190; x_wconf 90' lang='lat' dir='ltr'><strong>sic</strong></span> <span class='ocrx_word' id='word_1_87' title='bbox 491 1141 699 1206; x_wconf 89' lang='lat' dir='ltr'><strong>partem</strong></span> <span class='ocrx_word' id='word_1_88' title='bbox 753 1132 1119 1187; x_wconf 79' lang='lat' dir='ltr'><strong>molestiarum</strong></span> <span class='ocrx_word' id='word_1_89' title='bbox 1173 1131 1672 1203; x_wconf 80' lang='lat' dir='ltr'><strong>compendifacere,</strong></span> <span class='ocrx_word' id='word_1_90' title='bbox 1727 1133 1981 1188; x_wconf 88' lang='lat' dir='ltr'><strong>maluerit</strong></span> <span class='ocrx_word' id='word_1_91' title='bbox 2034 1152 2157 1189; x_wconf 90' lang='lat' dir='ltr'><strong>cum</strong></span> <span class='ocrx_word' id='word_1_92' title='bbox 2219 1151 2337 1190; x_wconf 89' lang='lat' dir='ltr'><strong>cae·</strong></span> <span class='ocrx_word' id='word_1_93' title='bbox 2417 1141 2436 1207; x_wconf 40' lang='lat' dir='ltr'><strong>j·</strong></span> 
     </span>
    </p>
   </div>
   <div class='ocr_carea' id='block_1_4' title="bbox 359 1220 2336 1295">
    <p class='ocr_par' dir='ltr' id='par_1_4' title="bbox 359 1190 2436 1298">
     <span class='ocr_line' id='line_1_12' title="bbox 359 1220 2336 1295; baseline -0 -18"><span class='ocrx_word' id='word_1_94' title='bbox 359 1224 492 1278; x_wconf 83' lang='lat' dir='ltr'><strong>teris</strong></span> <span class='ocrx_word' id='word_1_95' title='bbox 544 1222 726 1291; x_wconf 77' lang='lat' dir='ltr'><strong>gulam</strong></span> <span class='ocrx_word' id='word_1_96' title='bbox 786 1220 888 1274; x_wconf 92' lang='lat' dir='ltr'><strong>sibi</strong></span> <span class='ocrx_word' id='word_1_97' title='bbox 930 1220 1118 1292; x_wconf 87' lang='lat' dir='ltr'><strong>laqueo</strong></span> <span class='ocrx_word' id='word_1_98' title='bbox 1175 1220 1422 1291; x_wconf 82' lang='lat' dir='ltr'><strong>frangere</strong></span> <span class='ocrx_word' id='word_1_99' title='bbox 1475 1237 1635 1291; x_wconf 88' lang='lat' dir='ltr'><strong>quam</strong></span> <span class='ocrx_word' id='word_1_100' title='bbox 1697 1223 1801 1276; x_wconf 88' lang='lat' dir='ltr'><strong>ista</strong></span> <span class='ocrx_word' id='word_1_101' title='bbox 1855 1221 2062 1277; x_wconf 87' lang='lat' dir='ltr'><strong>diutius</strong></span> <span class='ocrx_word' id='word_1_102' title='bbox 2114 1224 2336 1295; x_wconf 82' lang='lat' dir='ltr'><strong>perpeti.</strong></span> 
     </span>
    </p>
   </div>
   <div class='ocr_carea' id='block_1_5' title="bbox 359 1299 2436 1469">
    <p class='ocr_par' dir='ltr' id='par_1_5' title="bbox 359 1299 2436 1469">
     <span class='ocr_line' id='line_1_13' title="bbox 359 1299 2436 1382; baseline -0.001 -17"><span class='ocrx_word' id='word_1_103' title='bbox 359 1313 571 1366; x_wconf 87' lang='lat' dir='ltr'><strong>Diserta</strong></span> <span class='ocrx_word' id='word_1_104' title='bbox 611 1307 885 1363; x_wconf 81' lang='lat' dir='ltr'><strong>Plutarchi</strong></span> <span class='ocrx_word' id='word_1_105' title='bbox 925 1308 1088 1362; x_wconf 88' lang='lat' dir='ltr'><strong>verba</strong></span> <span class='ocrx_word' id='word_1_106' title='bbox 1130 1315 1290 1363; x_wconf 87' lang='lat' dir='ltr'><strong>sunt:</strong></span> <span class='ocrx_word' id='word_1_107' title='bbox 1344 1306 1434 1369; x_wconf 78' lang='grc' dir='ltr'><em>ἕως</em></span> <span class='ocrx_word' id='word_1_108' title='bbox 1479 1307 1825 1374; x_wconf 68' lang='grc' dir='ltr'><em>ἀπήγξαντο,</em></span> <span class='ocrx_word' id='word_1_109' title='bbox 1868 1311 2081 1381; x_wconf 87' lang='lat' dir='ltr'><strong>inquit,</strong></span> <span class='ocrx_word' id='word_1_110' title='bbox 2134 1313 2208 1377; x_wconf 69' lang='grc' dir='ltr'><em>μὴ</em></span> <span class='ocrx_word' id='word_1_111' title='bbox 2244 1313 2338 1382; x_wconf 80' lang='grc' dir='ltr'><strong>φέ-</strong></span> <span class='ocrx_word' id='word_1_112' title='bbox 2414 1299 2436 1363; x_wconf 69' lang='lat'><strong>53¹</strong></span> 
     </span>
     <span class='ocr_line' id='line_1_14' title="bbox 361 1396 2436 1469; baseline 0 -15"><span class='ocrx_word' id='word_1_113' title='bbox 361 1420 525 1468; x_wconf 88' lang='grc' dir='ltr'><em>ροντες</em></span> <span class='ocrx_word' id='word_1_114' title='bbox 566 1399 623 1452; x_wconf 83' lang='grc' dir='ltr'><em>τὸ</em></span> <span class='ocrx_word' id='word_1_115' title='bbox 677 1405 844 1463; x_wconf 83' lang='grc' dir='ltr'><em>μῖσος.</em></span> <span class='ocrx_word' id='word_1_116' title='bbox 925 1396 1002 1450; x_wconf 88' lang='lat' dir='ltr'><strong>Ea</strong></span> <span class='ocrx_word' id='word_1_117' title='bbox 1056 1397 1234 1450; x_wconf 90' lang='lat' dir='ltr'><strong>omnia</strong></span> <span class='ocrx_word' id='word_1_118' title='bbox 1282 1396 1461 1450; x_wconf 87' lang='lat' dir='ltr'><strong>nescio</strong></span> <span class='ocrx_word' id='word_1_119' title='bbox 1497 1397 1762 1467; x_wconf 88' lang='lat' dir='ltr'><strong>quomodo</strong></span> <span class='ocrx_word' id='word_1_120' title='bbox 1812 1397 2214 1469; x_wconf 88' lang='lat' dir='ltr'><strong>Xenophontem</strong></span> <span class='ocrx_word' id='word_1_121' title='bbox 2258 1399 2339 1455; x_wconf 85' lang='lat' dir='ltr'><strong>su·</strong></span> <span class='ocrx_word' id='word_1_122' title='bbox 2423 1396 2436 1427; x_wconf 79' lang='grc'><strong>’·</strong></span> 
     </span>
    </p>
   </div>
   <div class='ocr_carea' id='block_1_6' title="bbox 362 1464 2436 1559">
    <p class='ocr_par' dir='ltr' id='par_1_6' title="bbox 362 1464 2436 1559">
     <span class='ocr_line' id='line_1_15' title="bbox 362 1464 2436 1559; baseline 0 -18"><span class='ocrx_word' id='word_1_123' title='bbox 362 1489 504 1559; x_wconf 83' lang='lat' dir='ltr'><strong>gisse</strong></span> <span class='ocrx_word' id='word_1_124' title='bbox 564 1484 850 1548; x_wconf 84' lang='lat' dir='ltr'><strong>videntur,</strong></span> <span class='ocrx_word' id='word_1_125' title='bbox 911 1499 1083 1554; x_wconf 86' lang='lat' dir='ltr'><strong>neque</strong></span> <span class='ocrx_word' id='word_1_126' title='bbox 1143 1491 1389 1555; x_wconf 87' lang='lat' dir='ltr'><strong>poterant</strong></span> <span class='ocrx_word' id='word_1_127' title='bbox 1442 1500 1564 1538; x_wconf 88' lang='lat' dir='ltr'><strong>eum</strong></span> <span class='ocrx_word' id='word_1_128' title='bbox 1626 1486 1909 1539; x_wconf 89' lang='lat' dir='ltr'><strong>certiorem</strong></span> <span class='ocrx_word' id='word_1_129' title='bbox 1974 1485 2150 1541; x_wconf 83' lang='lat' dir='ltr'><strong>facere</strong></span> <span class='ocrx_word' id='word_1_130' title='bbox 2208 1487 2339 1552; x_wconf 89' lang='lat' dir='ltr'><strong>filii,</strong></span> <span class='ocrx_word' id='word_1_131' title='bbox 2413 1464 2436 1499; x_wconf 49' lang='lat'><strong>⁴⁸</strong></span> 
     </span>
    </p>
   </div>
   <div class='ocr_carea' id='block_1_7' title="bbox 361 1571 2425 1821">
    <p class='ocr_par' dir='ltr' id='par_1_7' title="bbox 361 1571 2425 1821">
     <span class='ocr_line' id='line_1_16' title="bbox 365 1571 2425 1647; baseline 0 -19"><span class='ocrx_word' id='word_1_132' title='bbox 365 1575 616 1647; x_wconf 85' lang='lat' dir='ltr'><strong>quoniam</strong></span> <span class='ocrx_word' id='word_1_133' title='bbox 664 1573 777 1626; x_wconf 90' lang='lat' dir='ltr'><strong>nati</strong></span> <span class='ocrx_word' id='word_1_134' title='bbox 819 1571 1056 1625; x_wconf 90' lang='lat' dir='ltr'><strong>nondum</strong></span> <span class='ocrx_word' id='word_1_135' title='bbox 1098 1579 1271 1626; x_wconf 86' lang='lat' dir='ltr'><strong>erant.</strong></span> <span class='ocrx_word' id='word_1_136' title='bbox 1355 1571 1456 1626; x_wconf 87' lang='lat' dir='ltr'><strong>Sed</strong></span> <span class='ocrx_word' id='word_1_137' title='bbox 1498 1572 1740 1644; x_wconf 85' lang='lat' dir='ltr'><strong>Anytus,</strong></span> <span class='ocrx_word' id='word_1_138' title='bbox 1785 1580 1841 1627; x_wconf 90' lang='lat' dir='ltr'><strong>ut</strong></span> <span class='ocrx_word' id='word_1_139' title='bbox 1879 1573 2208 1628; x_wconf 87' lang='lat' dir='ltr'><strong>Themistius</strong></span> <span class='ocrx_word' id='word_1_140' title='bbox 2249 1592 2340 1629; x_wconf 87' lang='lat' dir='ltr'><strong>au·</strong></span> <span class='ocrx_word' id='word_1_141' title='bbox 2418 1616 2425 1638; x_wconf 29' lang='lat' dir='ltr'><strong>,v</strong></span> 
     </span>
     <span class='ocr_line' id='line_1_17' title="bbox 365 1656 2421 1727; baseline -0 -8"><span class='ocrx_word' id='word_1_142' title='bbox 365 1671 484 1719; x_wconf 87' lang='lat' dir='ltr'><strong>ctor</strong></span> <span class='ocrx_word' id='word_1_143' title='bbox 522 1669 637 1727; x_wconf 92' lang='lat' dir='ltr'><strong>est,</strong></span> <span class='ocrx_word' id='word_1_144' title='bbox 699 1677 803 1714; x_wconf 90' lang='lat' dir='ltr'><strong>non</strong></span> <span class='ocrx_word' id='word_1_145' title='bbox 858 1677 1052 1714; x_wconf 88' lang='lat' dir='ltr'><strong>manus</strong></span> <span class='ocrx_word' id='word_1_146' title='bbox 1105 1659 1206 1713; x_wconf 87' lang='lat' dir='ltr'><strong>sibi</strong></span> <span class='ocrx_word' id='word_1_147' title='bbox 1257 1660 1553 1724; x_wconf 87' lang='lat' dir='ltr'><strong>conscivit,</strong></span> <span class='ocrx_word' id='word_1_148' title='bbox 1615 1659 1704 1714; x_wconf 85' lang='lat' dir='ltr'><strong>sed</strong></span> <span class='ocrx_word' id='word_1_149' title='bbox 1754 1661 1808 1714; x_wconf 91' lang='lat' dir='ltr'><strong>in</strong></span> <span class='ocrx_word' id='word_1_150' title='bbox 1861 1661 2082 1716; x_wconf 85' lang='lat' dir='ltr'><strong>exilium</strong></span> <span class='ocrx_word' id='word_1_151' title='bbox 2138 1664 2341 1718; x_wconf 84' lang='lat' dir='ltr'><strong>eiectus</strong></span> <span class='ocrx_word' id='word_1_152' title='bbox 2420 1656 2421 1661; x_wconf 33' lang='lat'>¹</span> 
     </span>
     <span class='ocr_line' id='line_1_18' title="bbox 361 1747 2423 1821; baseline -0 -14"><span class='ocrx_word' id='word_1_153' title='bbox 361 1759 443 1807; x_wconf 89' lang='lat' dir='ltr'><strong>est</strong></span> <span class='ocrx_word' id='word_1_154' title='bbox 498 1758 549 1805; x_wconf 87' lang='lat' dir='ltr'><strong>et</strong></span> <span class='ocrx_word' id='word_1_155' title='bbox 602 1750 667 1804; x_wconf 89' lang='lat' dir='ltr'><strong>ab</strong></span> <span class='ocrx_word' id='word_1_156' title='bbox 727 1748 1170 1803; x_wconf 86' lang='lat' dir='ltr'><strong>Heracleensihus</strong></span> <span class='ocrx_word' id='word_1_157' title='bbox 1224 1749 1278 1801; x_wconf 91' lang='lat' dir='ltr'><strong>in</strong></span> <span class='ocrx_word' id='word_1_158' title='bbox 1331 1749 1497 1802; x_wconf 85' lang='lat' dir='ltr'><strong>Ponto</strong></span> <span class='ocrx_word' id='word_1_159' title='bbox 1555 1747 1822 1819; x_wconf 87' lang='lat' dir='ltr'><strong>lapidibus</strong></span> <span class='ocrx_word' id='word_1_160' title='bbox 1880 1749 2105 1804; x_wconf 86' lang='lat' dir='ltr'><strong>obrutus</strong></span> <span class='ocrx_word' id='word_1_161' title='bbox 2146 1752 2338 1821; x_wconf 91' lang='lat' dir='ltr'><strong>periit:</strong></span> <span class='ocrx_word' id='word_1_162' title='bbox 2420 1803 2423 1820; x_wconf 67' lang='lat'><em>‚</em></span> 
     </span>
    </p>
   </div>
   <div class='ocr_carea' id='block_1_8' title="bbox 357 1836 2340 1908">
    <p class='ocr_par' dir='ltr' id='par_1_8' title="bbox 357 1836 2340 1908">
     <span class='ocr_line' id='line_1_19' title="bbox 357 1836 2340 1908; baseline -0.001 -13"><span class='ocrx_word' id='word_1_163' title='bbox 357 1844 577 1901; x_wconf 82' lang='grc' dir='ltr'><em>’Άνυτος</em></span> <span class='ocrx_word' id='word_1_164' title='bbox 620 1838 815 1908; x_wconf 74' lang='grc' dir='ltr'><em>ἔφυγεν</em></span> <span class='ocrx_word' id='word_1_165' title='bbox 856 1839 913 1891; x_wconf 88' lang='grc' dir='ltr'><strong>ἐκ</strong></span> <span class='ocrx_word' id='word_1_166' title='bbox 951 1842 1039 1891; x_wconf 78' lang='grc' dir='ltr'><strong>τοῦ</strong></span> <span class='ocrx_word' id='word_1_167' title='bbox 1081 1836 1231 1898; x_wconf 80' lang='grc' dir='ltr'><em>άςεος</em></span> <span class='ocrx_word' id='word_1_168' title='bbox 1255 1879 1268 1900; x_wconf 93' lang='grc'><em>,</em></span> <span class='ocrx_word' id='word_1_169' title='bbox 1311 1837 1484 1907; x_wconf 82' lang='lat' dir='ltr'><strong>inquit</strong></span> <span class='ocrx_word' id='word_1_170' title='bbox 1508 1879 1522 1901; x_wconf 97' lang='lat'><strong>,</strong></span> <span class='ocrx_word' id='word_1_171' title='bbox 1562 1837 1649 1890; x_wconf 77' lang='grc' dir='ltr'><strong>καὶ</strong></span> <span class='ocrx_word' id='word_1_172' title='bbox 1690 1838 1847 1892; x_wconf 81' lang='grc' dir='ltr'><em>αὐτὸν</em></span> <span class='ocrx_word' id='word_1_173' title='bbox 1890 1837 2214 1892; x_wconf 85' lang='grc' dir='ltr'><em>κατέλευσαν</em></span> <span class='ocrx_word' id='word_1_174' title='bbox 2253 1841 2340 1894; x_wconf 74' lang='grc' dir='ltr'><em>δια</em></span> 
     </span>
    </p>
   </div>
   <div class='ocr_carea' id='block_1_9' title="bbox 365 1924 2341 2084">
    <p class='ocr_par' dir='ltr' id='par_1_9' title="bbox 365 1924 2429 2084">
     <span class='ocr_line' id='line_1_20' title="bbox 365 1924 2341 1998; baseline -0 -15"><span class='ocrx_word' id='word_1_175' title='bbox 365 1929 644 1996; x_wconf 87' lang='grc' dir='ltr'><em>Σωκράτην</em></span> <span class='ocrx_word' id='word_1_176' title='bbox 683 1929 726 1981; x_wconf 83' lang='grc' dir='ltr'><strong>οἱ</strong></span> <span class='ocrx_word' id='word_1_177' title='bbox 765 1931 1117 1994; x_wconf 77' lang='grc' dir='ltr'><em>Ἡρακλεῶται</em></span> <span class='ocrx_word' id='word_1_178' title='bbox 1158 1927 1200 1980; x_wconf 82' lang='grc' dir='ltr'><strong>οἱ</strong></span> <span class='ocrx_word' id='word_1_179' title='bbox 1243 1926 1291 1978; x_wconf 86' lang='grc' dir='ltr'><strong>ἐν</strong></span> <span class='ocrx_word' id='word_1_180' title='bbox 1331 1926 1400 1992; x_wconf 79' lang='grc' dir='ltr'><em>τῷ</em></span> <span class='ocrx_word' id='word_1_181' title='bbox 1442 1924 1644 1993; x_wconf 81' lang='grc' dir='ltr'><em>Πόντῳ,</em></span> <span class='ocrx_word' id='word_1_182' title='bbox 1686 1933 1736 1980; x_wconf 87' lang='lat' dir='ltr'><strong>et</strong></span> <span class='ocrx_word' id='word_1_183' title='bbox 1780 1943 1846 1980; x_wconf 88' lang='lat' dir='ltr'><strong>ne</strong></span> <span class='ocrx_word' id='word_1_184' title='bbox 1885 1925 2131 1981; x_wconf 86' lang='lat' dir='ltr'><strong>dubitare</strong></span> <span class='ocrx_word' id='word_1_185' title='bbox 2168 1929 2341 1998; x_wconf 85' lang='lat' dir='ltr'><strong>possis</strong></span> 
     </span>
     <span class='ocr_line' id='line_1_21' title="bbox 365 2013 2339 2084; baseline -0.003 -12"><span class='ocrx_word' id='word_1_186' title='bbox 365 2016 597 2072; x_wconf 83' lang='lat' dir='ltr'><strong>addidit:</strong></span> <span class='ocrx_word' id='word_1_187' title='bbox 651 2014 738 2069; x_wconf 76' lang='grc' dir='ltr'><em>καὶ</em></span> <span class='ocrx_word' id='word_1_188' title='bbox 791 2019 874 2068; x_wconf 81' lang='grc' dir='ltr'><strong>νῦν</strong></span> <span class='ocrx_word' id='word_1_189' title='bbox 913 2014 1168 2068; x_wconf 75' lang='grc' dir='ltr'><em>δείκνυται</em></span> <span class='ocrx_word' id='word_1_190' title='bbox 1230 2013 1444 2066; x_wconf 82' lang='grc' dir='ltr'><em>Ἀνύτου</em></span> <span class='ocrx_word' id='word_1_191' title='bbox 1484 2013 1658 2067; x_wconf 79' lang='grc' dir='ltr'><em>αὐτόθι</em></span> <span class='ocrx_word' id='word_1_192' title='bbox 1702 2021 1848 2079; x_wconf 83' lang='grc' dir='ltr'><em>σῆμα</em></span> <span class='ocrx_word' id='word_1_193' title='bbox 1891 2015 1940 2067; x_wconf 85' lang='grc' dir='ltr'><strong>ἐν</strong></span> <span class='ocrx_word' id='word_1_194' title='bbox 1977 2016 2046 2082; x_wconf 79' lang='grc' dir='ltr'><em>τῷ</em></span> <span class='ocrx_word' id='word_1_195' title='bbox 2089 2017 2339 2084; x_wconf 79' lang='grc' dir='ltr'><em>προαςείῳ</em></span> 
     </span>
    </p>
   </div>
   <div class='ocr_carea' id='block_1_10' title="bbox 363 2100 2341 2173">
    <p class='ocr_par' dir='ltr' id='par_1_10' title="bbox 363 2089 2425 2173">
     <span class='ocr_line' id='line_1_22' title="bbox 363 2100 2341 2173; baseline -0.002 -13"><span class='ocrx_word' id='word_1_196' title='bbox 363 2109 418 2160; x_wconf 79' lang='grc' dir='ltr'><strong>οὐ</strong></span> <span class='ocrx_word' id='word_1_197' title='bbox 454 2103 658 2171; x_wconf 69' lang='grc' dir='ltr'><em>μακράν</em></span> <span class='ocrx_word' id='word_1_198' title='bbox 700 2101 985 2164; x_wconf 80' lang='grc' dir='ltr'><em>θαλάττης.</em></span> <span class='ocrx_word' id='word_1_199' title='bbox 1065 2102 1141 2155; x_wconf 91' lang='lat' dir='ltr'><strong>Ne</strong></span> <span class='ocrx_word' id='word_1_200' title='bbox 1197 2100 1294 2154; x_wconf 92' lang='lat' dir='ltr'><strong>hoc</strong></span> <span class='ocrx_word' id='word_1_201' title='bbox 1337 2100 1552 2171; x_wconf 88' lang='lat' dir='ltr'><strong>quidem</strong></span> <span class='ocrx_word' id='word_1_202' title='bbox 1607 2101 1897 2173; x_wconf 90' lang='lat' dir='ltr'><strong>Xenophon</strong></span> <span class='ocrx_word' id='word_1_203' title='bbox 1953 2118 2212 2173; x_wconf 89' lang='lat' dir='ltr'><strong>umquam</strong></span> <span class='ocrx_word' id='word_1_204' title='bbox 2260 2120 2341 2158; x_wconf 90' lang='lat' dir='ltr'><strong>re·</strong></span> 
     </span>
    </p>
   </div>
   <div class='ocr_carea' id='block_1_11' title="bbox 367 2189 2426 2261">
    <p class='ocr_par' dir='ltr' id='par_1_11' title="bbox 367 2189 2426 2261">
     <span class='ocr_line' id='line_1_23' title="bbox 367 2189 2426 2261; baseline -0.001 -15"><span class='ocrx_word' id='word_1_205' title='bbox 367 2194 588 2248; x_wconf 93' lang='lat' dir='ltr'><strong>scivisse</strong></span> <span class='ocrx_word' id='word_1_206' title='bbox 628 2191 856 2244; x_wconf 82' lang='lat' dir='ltr'><strong>videtur.</strong></span> <span class='ocrx_word' id='word_1_207' title='bbox 917 2189 1143 2243; x_wconf 86' lang='lat' dir='ltr'><strong>Multum</strong></span> <span class='ocrx_word' id='word_1_208' title='bbox 1187 2190 1348 2242; x_wconf 86' lang='lat' dir='ltr'><strong>etiam</strong></span> <span class='ocrx_word' id='word_1_209' title='bbox 1392 2196 1596 2254; x_wconf 69' lang='lat' dir='ltr'><strong>metm,</strong></span> <span class='ocrx_word' id='word_1_210' title='bbox 1638 2195 1698 2243; x_wconf 89' lang='lat' dir='ltr'><strong>ut</strong></span> <span class='ocrx_word' id='word_1_211' title='bbox 1740 2190 2342 2260; x_wconf 85' lang='lat' dir='ltr'><strong>umquamAeschineS,</strong></span> <span class='ocrx_word' id='word_1_212' title='bbox 2411 2193 2426 2261; x_wconf 55' lang='grc' dir='ltr'>ᾗ</span> 
     </span>
    </p>
   </div>
   <div class='ocr_carea' id='block_1_12' title="bbox 364 2263 2429 2354">
    <p class='ocr_par' dir='ltr' id='par_1_12' title="bbox 364 2263 2429 2354">
     <span class='ocr_line' id='line_1_24' title="bbox 364 2263 2429 2354; baseline 0 -21"><span class='ocrx_word' id='word_1_213' title='bbox 364 2282 457 2335; x_wconf 86' lang='lat' dir='ltr'><strong>cui</strong></span> <span class='ocrx_word' id='word_1_214' title='bbox 515 2280 760 2334; x_wconf 81' lang='lat' dir='ltr'><strong>Socrates</strong></span> <span class='ocrx_word' id='word_1_215' title='bbox 802 2279 920 2332; x_wconf 88' lang='lat' dir='ltr'><strong>iure</strong></span> <span class='ocrx_word' id='word_1_216' title='bbox 961 2278 1245 2331; x_wconf 87' lang='lat' dir='ltr'><strong>damnatus</strong></span> <span class='ocrx_word' id='word_1_217' title='bbox 1301 2294 1415 2332; x_wconf 88' lang='lat' dir='ltr'><strong>esse</strong></span> <span class='ocrx_word' id='word_1_218' title='bbox 1467 2277 1713 2340; x_wconf 86' lang='lat' dir='ltr'><strong>videtur,</strong></span> <span class='ocrx_word' id='word_1_219' title='bbox 1772 2277 1941 2331; x_wconf 92' lang='lat' dir='ltr'><strong>oculis</strong></span> <span class='ocrx_word' id='word_1_220' title='bbox 1995 2280 2108 2332; x_wconf 87' lang='lat' dir='ltr'><strong>suis</strong></span> <span class='ocrx_word' id='word_1_221' title='bbox 2148 2278 2343 2333; x_wconf 85' lang='lat' dir='ltr'><strong>viderit</strong></span> <span class='ocrx_word' id='word_1_222' title='bbox 2413 2263 2429 2354; x_wconf 60' lang='lat'><strong>³2</strong></span> 
     </span>
    </p>
   </div>
   <div class='ocr_carea' id='block_1_13' title="bbox 364 2359 2427 2702">
    <p class='ocr_par' dir='ltr' id='par_1_13' title="bbox 364 2359 2433 2702">
     <span class='ocr_line' id='line_1_25' title="bbox 365 2359 2427 2436; baseline -0.001 -12"><span class='ocrx_word' id='word_1_223' title='bbox 365 2376 599 2424; x_wconf 87' lang='lat' dir='ltr'><strong>statuam</strong></span> <span class='ocrx_word' id='word_1_224' title='bbox 641 2385 703 2422; x_wconf 89' lang='lat' dir='ltr'><strong>ex</strong></span> <span class='ocrx_word' id='word_1_225' title='bbox 758 2383 880 2420; x_wconf 89' lang='lat' dir='ltr'><strong>aere</strong></span> <span class='ocrx_word' id='word_1_226' title='bbox 935 2365 1141 2419; x_wconf 84' lang='lat' dir='ltr'><strong>Socrati</strong></span> <span class='ocrx_word' id='word_1_227' title='bbox 1183 2381 1212 2418; x_wconf 89' lang='lat' dir='ltr'><strong>a</strong></span> <span class='ocrx_word' id='word_1_228' title='bbox 1253 2366 1423 2436; x_wconf 84' lang='lat' dir='ltr'><strong>gratis</strong></span> <span class='ocrx_word' id='word_1_229' title='bbox 1473 2365 1680 2419; x_wconf 88' lang='lat' dir='ltr'><strong>civibus</strong></span> <span class='ocrx_word' id='word_1_230' title='bbox 1725 2365 1987 2436; x_wconf 88' lang='lat' dir='ltr'><strong>positam,</strong></span> <span class='ocrx_word' id='word_1_231' title='bbox 2048 2368 2153 2420; x_wconf 88' lang='lat' dir='ltr'><strong>nisi</strong></span> <span class='ocrx_word' id='word_1_232' title='bbox 2205 2366 2342 2422; x_wconf 88' lang='lat' dir='ltr'><strong>sorte</strong></span> <span class='ocrx_word' id='word_1_233' title='bbox 2416 2359 2427 2410; x_wconf 59' lang='grc' dir='ltr'><strong>’ἶ</strong></span> 
     </span>
     <span class='ocr_line' id='line_1_26' title="bbox 367 2452 2427 2530; baseline -0.001 -19"><span class='ocrx_word' id='word_1_234' title='bbox 367 2473 587 2512; x_wconf 82' lang='lat' dir='ltr'><strong>auream</strong></span> <span class='ocrx_word' id='word_1_235' title='bbox 635 2455 799 2509; x_wconf 87' lang='lat' dir='ltr'><strong>fuisse</strong></span> <span class='ocrx_word' id='word_1_236' title='bbox 850 2453 1214 2516; x_wconf 80' lang='lat' dir='ltr'><strong>Tertulliano,</strong></span> <span class='ocrx_word' id='word_1_237' title='bbox 1274 2453 1527 2524; x_wconf 84' lang='lat' dir='ltr'><strong>locupleti</strong></span> <span class='ocrx_word' id='word_1_238' title='bbox 1569 2454 1730 2515; x_wconf 88' lang='lat' dir='ltr'><strong>testi,</strong></span> <span class='ocrx_word' id='word_1_239' title='bbox 1772 2452 1991 2508; x_wconf 84' lang='lat' dir='ltr'><strong>credere</strong></span> <span class='ocrx_word' id='word_1_240' title='bbox 2032 2454 2337 2510; x_wconf 86' lang='lat' dir='ltr'><strong>malumus:</strong></span> <span class='ocrx_word' id='word_1_241' title='bbox 2414 2452 2427 2530; x_wconf 41' lang='lat' dir='ltr'><strong>f}</strong></span> 
     </span>
     <span class='ocr_line' id='line_1_27' title="bbox 364 2540 2426 2615; baseline 0 -18"><span class='ocrx_word' id='word_1_242' title='bbox 364 2546 486 2600; x_wconf 83' lang='lat' dir='ltr'><strong>vide</strong></span> <span class='ocrx_word' id='word_1_243' title='bbox 526 2546 673 2615; x_wconf 75' lang='lat' dir='ltr'><strong>Diog.</strong></span> <span class='ocrx_word' id='word_1_244' title='bbox 715 2544 890 2597; x_wconf 77' lang='lat' dir='ltr'><strong>Laert.</strong></span> <span class='ocrx_word' id='word_1_245' title='bbox 931 2542 997 2596; x_wconf 88' lang='lat'><strong>11.</strong></span> <span class='ocrx_word' id='word_1_246' title='bbox 1040 2546 1130 2595; x_wconf 83' lang='lat'><strong>43.</strong></span> <span class='ocrx_word' id='word_1_247' title='bbox 1173 2549 1223 2596; x_wconf 91' lang='lat' dir='ltr'><strong>et</strong></span> <span class='ocrx_word' id='word_1_248' title='bbox 1265 2541 1638 2595; x_wconf 88' lang='lat' dir='ltr'><strong>annotationes</strong></span> <span class='ocrx_word' id='word_1_249' title='bbox 1677 2540 1942 2611; x_wconf 85' lang='lat' dir='ltr'><strong>Menagii,</strong></span> <span class='ocrx_word' id='word_1_250' title='bbox 1999 2543 2086 2596; x_wconf 92' lang='lat' dir='ltr'><strong>cui</strong></span> <span class='ocrx_word' id='word_1_251' title='bbox 2126 2561 2340 2597; x_wconf 84' lang='lat' dir='ltr'><strong>auream</strong></span> <span class='ocrx_word' id='word_1_252' title='bbox 2423 2587 2426 2597; x_wconf 83' lang='lat'><em>.</em></span> 
     </span>
     <span class='ocr_line' id='line_1_28' title="bbox 366 2630 2342 2702; baseline -0.001 -14"><span class='ocrx_word' id='word_1_253' title='bbox 366 2634 532 2688; x_wconf 83' lang='lat' dir='ltr'><strong>fuisse</strong></span> <span class='ocrx_word' id='word_1_254' title='bbox 594 2650 695 2686; x_wconf 90' lang='lat' dir='ltr'><strong>non</strong></span> <span class='ocrx_word' id='word_1_255' title='bbox 750 2631 1030 2685; x_wconf 86' lang='lat' dir='ltr'><strong>videbatur</strong></span> <span class='ocrx_word' id='word_1_256' title='bbox 1078 2630 1426 2695; x_wconf 86' lang='lat' dir='ltr'><strong>incredibile,</strong></span> <span class='ocrx_word' id='word_1_257' title='bbox 1485 2647 1716 2702; x_wconf 87' lang='lat' dir='ltr'><strong>namque</strong></span> <span class='ocrx_word' id='word_1_258' title='bbox 1771 2647 1875 2684; x_wconf 89' lang='lat' dir='ltr'><strong>non</strong></span> <span class='ocrx_word' id='word_1_259' title='bbox 1907 2639 2046 2686; x_wconf 77' lang='lat' dir='ltr'><strong>erat</strong></span> <span class='ocrx_word' id='word_1_260' title='bbox 2109 2633 2342 2686; x_wconf 76' lang='lat' dir='ltr'><strong>»nescius</strong></span> 
     </span>
    </p>
   </div>
   <div class='ocr_carea' id='block_1_14' title="bbox 365 2719 2339 2796">
    <p class='ocr_par' dir='ltr' id='par_1_14' title="bbox 365 2719 2339 2796">
     <span class='ocr_line' id='line_1_29' title="bbox 365 2719 2339 2796; baseline -0.002 -19"><span class='ocrx_word' id='word_1_261' title='bbox 365 2724 542 2796; x_wconf 73' lang='lat' dir='ltr'><strong>plures</strong></span> <span class='ocrx_word' id='word_1_262' title='bbox 593 2723 646 2775; x_wconf 78' lang='lat' dir='ltr'><strong>ia</strong></span> <span class='ocrx_word' id='word_1_263' title='bbox 710 2721 922 2775; x_wconf 77' lang='lat' dir='ltr'><strong>Graecia</strong></span> <span class='ocrx_word' id='word_1_264' title='bbox 971 2728 1093 2773; x_wconf 77' lang='lat' dir='ltr'><strong>tane</strong></span> <span class='ocrx_word' id='word_1_265' title='bbox 1145 2719 1388 2791; x_wconf 76' lang='lat' dir='ltr'><strong>{emporis</strong></span> <span class='ocrx_word' id='word_1_266' title='bbox 1444 2719 1615 2773; x_wconf 74' lang='lat' dir='ltr'><strong>aureis</strong></span> <span class='ocrx_word' id='word_1_267' title='bbox 1663 2719 1846 2772; x_wconf 76' lang='lat' dir='ltr'><strong>statuis</strong></span> <span class='ocrx_word' id='word_1_268' title='bbox 1885 2721 2052 2790; x_wconf 81' lang='lat' dir='ltr'><strong>fuisse</strong></span> <span class='ocrx_word' id='word_1_269' title='bbox 2091 2720 2339 2785; x_wconf 68' lang='lat' dir='ltr'><strong>donatos’,</strong></span> 
     </span>
    </p>
   </div>
   <div class='ocr_carea' id='block_1_15' title="bbox 371 2806 2340 2882">
    <p class='ocr_par' dir='ltr' id='par_1_15' title="bbox 371 2799 2431 2882">
     <span class='ocr_line' id='line_1_30' title="bbox 371 2806 2340 2882; baseline -0.002 -16"><span class='ocrx_word' id='word_1_270' title='bbox 371 2813 526 2866; x_wconf 77' lang='lat' dir='ltr'><strong>eliam</strong></span> <span class='ocrx_word' id='word_1_271' title='bbox 573 2829 638 2864; x_wconf 77' lang='lat' dir='ltr'><strong>ex</strong></span> <span class='ocrx_word' id='word_1_272' title='bbox 689 2809 938 2882; x_wconf 55' lang='lat' dir='ltr'><strong>privatae,</strong></span> <span class='ocrx_word' id='word_1_273' title='bbox 1005 2808 1247 2879; x_wconf 69' lang='lat' dir='ltr'><strong>Gorqiam</strong></span> <span class='ocrx_word' id='word_1_274' title='bbox 1304 2807 1647 2871; x_wconf 77' lang='lat' dir='ltr'><strong>Leontinum,</strong></span> <span class='ocrx_word' id='word_1_275' title='bbox 1707 2806 1957 2878; x_wconf 76' lang='lat' dir='ltr'><strong>Phrynen</strong></span> <span class='ocrx_word' id='word_1_276' title='bbox 2017 2809 2340 2862; x_wconf 76' lang='lat' dir='ltr'><strong>meretricem</strong></span> 
     </span>
    </p>
   </div>
   <div class='ocr_carea' id='block_1_16' title="bbox 370 2895 2341 3050">
    <p class='ocr_par' dir='ltr' id='par_1_16' title="bbox 370 2883 2436 3053">
     <span class='ocr_line' id='line_1_31' title="bbox 370 2895 2341 2959; baseline -0.003 -5"><span class='ocrx_word' id='word_1_277' title='bbox 370 2901 506 2955; x_wconf 83' lang='lat' dir='ltr'><strong>elc.’&#39;</strong></span> <span class='ocrx_word' id='word_1_278' title='bbox 585 2899 760 2951; x_wconf 86' lang='lat' dir='ltr'><strong>Minus</strong></span> <span class='ocrx_word' id='word_1_279' title='bbox 803 2897 962 2951; x_wconf 87' lang='lat' dir='ltr'><strong>etiam</strong></span> <span class='ocrx_word' id='word_1_280' title='bbox 1021 2913 1080 2950; x_wconf 89' lang='lat' dir='ltr'><strong>ea</strong></span> <span class='ocrx_word' id='word_1_281' title='bbox 1131 2913 1215 2949; x_wconf 88' lang='lat' dir='ltr'><strong>res</strong></span> <span class='ocrx_word' id='word_1_282' title='bbox 1263 2895 1362 2949; x_wconf 79' lang='lat' dir='ltr'><strong>tibi</strong></span> <span class='ocrx_word' id='word_1_283' title='bbox 1416 2895 1677 2949; x_wconf 88' lang='lat' dir='ltr'><strong>mirabilis</strong></span> <span class='ocrx_word' id='word_1_284' title='bbox 1721 2913 1835 2950; x_wconf 91' lang='lat' dir='ltr'><strong>esse</strong></span> <span class='ocrx_word' id='word_1_285' title='bbox 1885 2896 2190 2959; x_wconf 84' lang='lat' dir='ltr'><strong>videbitur,</strong></span> <span class='ocrx_word' id='word_1_286' title='bbox 2248 2896 2341 2950; x_wconf 88' lang='lat' dir='ltr'><strong>ubi</strong></span> 
     </span>
     <span class='ocr_line' id='line_1_32' title="bbox 372 2982 2340 3050; baseline -0.008 -11"><span class='ocrx_word' id='word_1_287' title='bbox 372 2986 624 3041; x_wconf 84' lang='lat' dir='ltr'><strong>didiceris</strong></span> <span class='ocrx_word' id='word_1_288' title='bbox 677 2985 744 3038; x_wconf 87' lang='lat' dir='ltr'><strong>ab</strong></span> <span class='ocrx_word' id='word_1_289' title='bbox 783 2986 986 3038; x_wconf 88' lang='lat' dir='ltr'><strong>incerto</strong></span> <span class='ocrx_word' id='word_1_290' title='bbox 1036 2991 1253 3037; x_wconf 87' lang='lat' dir='ltr'><strong>auctore</strong></span> <span class='ocrx_word' id='word_1_291' title='bbox 1301 2991 1392 3046; x_wconf 78' lang='grc' dir='ltr'><em>τῆς</em></span> <span class='ocrx_word' id='word_1_292' title='bbox 1442 2984 1717 3045; x_wconf 78' lang='grc' dir='ltr'><em>ὑποθέσεως</em></span> <span class='ocrx_word' id='word_1_293' title='bbox 1768 2986 1838 3044; x_wconf 84' lang='grc' dir='ltr'><em>εἷς</em></span> <span class='ocrx_word' id='word_1_294' title='bbox 1891 2985 1976 3038; x_wconf 83' lang='grc' dir='ltr'><em>τὸν</em></span> <span class='ocrx_word' id='word_1_295' title='bbox 2024 2982 2340 3050; x_wconf 76' lang='grc' dir='ltr'><em>Ἰσοκράτους</em></span> 
     </span>
    </p>
   </div>
   <div class='ocr_carea' id='block_1_17' title="bbox 371 3072 2343 3141">
    <p class='ocr_par' dir='ltr' id='par_1_17' title="bbox 371 3070 2431 3141">
     <span class='ocr_line' id='line_1_33' title="bbox 371 3072 2343 3141; baseline -0.002 -11"><span class='ocrx_word' id='word_1_296' title='bbox 371 3076 592 3141; x_wconf 82' lang='grc' dir='ltr'><em>Βούσιριν</em></span> <span class='ocrx_word' id='word_1_297' title='bbox 642 3072 993 3126; x_wconf 85' lang='lat' dir='ltr'><strong>Athenienses</strong></span> <span class='ocrx_word' id='word_1_298' title='bbox 1045 3074 1438 3140; x_wconf 77' lang='grc' dir='ltr'><em>σωφρονισθῆναι</em></span> <span class='ocrx_word' id='word_1_299' title='bbox 1484 3073 1567 3126; x_wconf 77' lang='grc' dir='ltr'><strong>δια</strong></span> <span class='ocrx_word' id='word_1_300' title='bbox 1608 3077 1696 3126; x_wconf 77' lang='grc' dir='ltr'><strong>τοῦ</strong></span> <span class='ocrx_word' id='word_1_301' title='bbox 1745 3077 1923 3137; x_wconf 80' lang='grc' dir='ltr'><em>λοιμοῦ</em></span> <span class='ocrx_word' id='word_1_302' title='bbox 1976 3076 2064 3124; x_wconf 79' lang='grc' dir='ltr'><strong>τοῦ</strong></span> <span class='ocrx_word' id='word_1_303' title='bbox 2109 3072 2343 3134; x_wconf 68' lang='grc' dir='ltr'><em>ἔγκατα·</em></span> 
     </span>
    </p>
   </div>
   <div class='ocr_carea' id='block_1_18' title="bbox 376 3157 2338 3231">
    <p class='ocr_par' dir='ltr' id='par_1_18' title="bbox 376 3152 2429 3231">
     <span class='ocr_line' id='line_1_34' title="bbox 376 3157 2338 3231; baseline -0.002 -13"><span class='ocrx_word' id='word_1_304' title='bbox 376 3166 672 3231; x_wconf 76' lang='grc' dir='ltr'><em>σκήψαντος</em></span> <span class='ocrx_word' id='word_1_305' title='bbox 714 3164 888 3220; x_wconf 81' lang='grc' dir='ltr'><em>αὐτοῖς</em></span> <span class='ocrx_word' id='word_1_306' title='bbox 930 3161 1030 3214; x_wconf 76' lang='grc' dir='ltr'><strong>δια</strong></span> <span class='ocrx_word' id='word_1_307' title='bbox 1072 3162 1183 3213; x_wconf 79' lang='grc' dir='ltr'><em>τὸν</em></span> <span class='ocrx_word' id='word_1_308' title='bbox 1243 3161 1627 3227; x_wconf 85' lang='grc' dir='ltr'><em>Σωκράτους</em></span> <span class='ocrx_word' id='word_1_309' title='bbox 1669 3160 1950 3214; x_wconf 91' lang='grc' dir='ltr'><em>θάνατον.</em></span> <span class='ocrx_word' id='word_1_310' title='bbox 2029 3157 2172 3212; x_wconf 84' lang='lat' dir='ltr'><strong>Idem</strong></span> <span class='ocrx_word' id='word_1_311' title='bbox 2222 3177 2338 3230; x_wconf 81' lang='lat' dir='ltr'><strong>pse·</strong></span> 
     </span>
    </p>
   </div>
   <div class='ocr_carea' id='block_1_19' title="bbox 302 3247 2430 3502">
    <p class='ocr_par' dir='ltr' id='par_1_19' title="bbox 302 3247 2430 3502">
     <span class='ocr_line' id='line_1_35' title="bbox 374 3247 2342 3323; baseline -0.003 -18"><span class='ocrx_word' id='word_1_312' title='bbox 374 3252 587 3323; x_wconf 88' lang='lat' dir='ltr'><strong>phisma</strong></span> <span class='ocrx_word' id='word_1_313' title='bbox 636 3248 1043 3303; x_wconf 88' lang='lat' dir='ltr'><strong>Atheniensium</strong></span> <span class='ocrx_word' id='word_1_314' title='bbox 1087 3247 1229 3300; x_wconf 91' lang='lat' dir='ltr'><strong>solus</strong></span> <span class='ocrx_word' id='word_1_315' title='bbox 1283 3249 1462 3302; x_wconf 88' lang='lat' dir='ltr'><strong>nescio</strong></span> <span class='ocrx_word' id='word_1_316' title='bbox 1505 3247 1643 3301; x_wconf 89' lang='lat' dir='ltr'><strong>unde</strong></span> <span class='ocrx_word' id='word_1_317' title='bbox 1699 3247 1972 3317; x_wconf 84' lang='lat' dir='ltr'><strong>indagavit</strong></span> <span class='ocrx_word' id='word_1_318' title='bbox 2034 3248 2156 3319; x_wconf 89' lang='lat' dir='ltr'><strong>(non</strong></span> <span class='ocrx_word' id='word_1_319' title='bbox 2200 3248 2342 3301; x_wconf 89' lang='lat' dir='ltr'><strong>enim</strong></span> 
     </span>
     <span class='ocr_line' id='line_1_36' title="bbox 374 3334 2425 3406; baseline -0.002 -14"><span class='ocrx_word' id='word_1_320' title='bbox 374 3342 431 3393; x_wconf 86' lang='grc' dir='ltr'><strong>ἐκ</strong></span> <span class='ocrx_word' id='word_1_321' title='bbox 470 3345 567 3392; x_wconf 79' lang='grc' dir='ltr'><em>τῶν</em></span> <span class='ocrx_word' id='word_1_322' title='bbox 607 3337 858 3405; x_wconf 74' lang='grc' dir='ltr'><em>Κρατέρου</em></span> <span class='ocrx_word' id='word_1_323' title='bbox 894 3335 1254 3402; x_wconf 80' lang='grc' dir='ltr'><em>ψηφισμάτων</em></span> <span class='ocrx_word' id='word_1_324' title='bbox 1297 3342 1532 3388; x_wconf 85' lang='lat' dir='ltr'><strong>sumtum</strong></span> <span class='ocrx_word' id='word_1_325' title='bbox 1590 3352 1702 3388; x_wconf 85' lang='lat' dir='ltr'><strong>esse</strong></span> <span class='ocrx_word' id='word_1_326' title='bbox 1739 3334 1982 3406; x_wconf 78' lang='lat' dir='ltr'><strong>opinor):</strong></span> <span class='ocrx_word' id='word_1_327' title='bbox 2024 3334 2219 3398; x_wconf 78' lang='grc' dir='ltr'><em>μηδένα</em></span> <span class='ocrx_word' id='word_1_328' title='bbox 2260 3337 2342 3397; x_wconf 76' lang='grc' dir='ltr'><strong>δη·</strong></span> <span class='ocrx_word' id='word_1_329' title='bbox 2423 3363 2425 3365; x_wconf 93' lang='grc'><em>·</em></span> 
     </span>
     <span class='ocr_line' id='line_1_37' title="bbox 302 3422 2430 3502; baseline -0.002 -21"><span class='ocrx_word' id='word_1_330' title='bbox 302 3452 304 3455; x_wconf 95' lang='grc'><strong><em>·</em></strong></span> <span class='ocrx_word' id='word_1_331' title='bbox 351 3428 530 3502; x_wconf 76' lang='grc' dir='ltr'><strong>Ιμοσία</strong></span> <span class='ocrx_word' id='word_1_332' title='bbox 570 3427 743 3490; x_wconf 74' lang='grc' dir='ltr'><em>λέγειν</em></span> <span class='ocrx_word' id='word_1_333' title='bbox 781 3424 892 3492; x_wconf 78' lang='grc' dir='ltr'><em>περὶ</em></span> <span class='ocrx_word' id='word_1_334' title='bbox 950 3422 1278 3490; x_wconf 84' lang='grc' dir='ltr'><em>Σωκράτους,</em></span> <span class='ocrx_word' id='word_1_335' title='bbox 1339 3422 1478 3493; x_wconf 90' lang='lat' dir='ltr'><strong>quod</strong></span> <span class='ocrx_word' id='word_1_336' title='bbox 1533 3423 2016 3494; x_wconf 82' lang='lat' dir='ltr'><strong>prudentissimum</strong></span> <span class='ocrx_word' id='word_1_337' title='bbox 2067 3422 2340 3477; x_wconf 88' lang='lat' dir='ltr'><strong>decretum</strong></span> <span class='ocrx_word' id='word_1_338' title='bbox 2420 3426 2430 3439; x_wconf 64' lang='lat'>⁵</span> 
     </span>
    </p>
   </div>
   <div class='ocr_carea' id='block_1_20' title="bbox 373 3509 2342 3669">
    <p class='ocr_par' dir='ltr' id='par_1_20' title="bbox 373 3509 2342 3669">
     <span class='ocr_line' id='line_1_38' title="bbox 373 3509 2342 3577; baseline -0.002 -8"><span class='ocrx_word' id='word_1_339' title='bbox 373 3521 488 3577; x_wconf 86' lang='lat' dir='ltr'><strong>est,</strong></span> <span class='ocrx_word' id='word_1_340' title='bbox 531 3521 590 3567; x_wconf 90' lang='lat' dir='ltr'><strong>ut</strong></span> <span class='ocrx_word' id='word_1_341' title='bbox 648 3512 808 3567; x_wconf 79' lang='lat' dir='ltr'><strong>vides,</strong></span> <span class='ocrx_word' id='word_1_342' title='bbox 889 3512 966 3566; x_wconf 84' lang='lat' dir='ltr'><strong>Ex</strong></span> <span class='ocrx_word' id='word_1_343' title='bbox 1025 3511 1205 3566; x_wconf 85' lang='lat' dir='ltr'><strong>eodem</strong></span> <span class='ocrx_word' id='word_1_344' title='bbox 1254 3517 1386 3565; x_wconf 85' lang='lat' dir='ltr'><strong>teste</strong></span> <span class='ocrx_word' id='word_1_345' title='bbox 1440 3509 1547 3563; x_wconf 92' lang='lat' dir='ltr'><strong>solo</strong></span> <span class='ocrx_word' id='word_1_346' title='bbox 1589 3517 1798 3565; x_wconf 85' lang='lat' dir='ltr'><strong>constat</strong></span> <span class='ocrx_word' id='word_1_347' title='bbox 1859 3510 2131 3565; x_wconf 89' lang='lat' dir='ltr'><strong>Socratem</strong></span> <span class='ocrx_word' id='word_1_348' title='bbox 2184 3527 2342 3565; x_wconf 89' lang='lat' dir='ltr'><strong>accu-</strong></span> 
     </span>
     <span class='ocr_line' id='line_1_39' title="bbox 374 3598 2341 3669; baseline -0.003 -12"><span class='ocrx_word' id='word_1_349' title='bbox 374 3610 548 3657; x_wconf 76' lang='lat' dir='ltr'><strong>satum</strong></span> <span class='ocrx_word' id='word_1_350' title='bbox 610 3619 723 3657; x_wconf 79' lang='lat' dir='ltr'><strong>csso</strong></span> <span class='ocrx_word' id='word_1_351' title='bbox 783 3599 856 3654; x_wconf 75' lang='grc' dir='ltr'><em>ἔτι</em></span> <span class='ocrx_word' id='word_1_352' title='bbox 900 3600 1053 3655; x_wconf 70' lang='grc' dir='ltr'><em>καινοὶ</em></span> <span class='ocrx_word' id='word_1_353' title='bbox 1111 3599 1348 3667; x_wconf 78' lang='grc' dir='ltr'><em>δαιμόνια</em></span> <span class='ocrx_word' id='word_1_354' title='bbox 1404 3598 1625 3669; x_wconf 81' lang='grc' dir='ltr'><em>εἰσφέρει</em></span> <span class='ocrx_word' id='word_1_355' title='bbox 1684 3607 1785 3662; x_wconf 81' lang='grc' dir='ltr'><em>τοῖς</em></span> <span class='ocrx_word' id='word_1_356' title='bbox 1842 3599 2121 3661; x_wconf 86' lang='grc' dir='ltr'><em>Ἀθηναίοις</em></span> <span class='ocrx_word' id='word_1_357' title='bbox 2176 3599 2341 3665; x_wconf 76' lang='grc' dir='ltr'><em>λέγων</em></span> 
     </span>
    </p>
   </div>
  </div>
 </body>
</html>
