2436 4068
1011 202 1117 253 673

70 349 196 404 dicii
232 356 285 403 et
324 347 627 418 largitionis
676 343 997 400 Plutarchus
1038 346 1285 399 meminit
1332 346 1386 399 in
1434 344 1710 402 Coriolano
1749 364 1863 418 cap.
1902 347 2036 400 XIV.

67 440 304 500 Ἀθήνησι
361 437 413 490 δὲ
467 434 685 500 λέγεται
739 439 931 501 πρῶτος
984 434 1217 502 ἀργύριον
1273 435 1441 489 δοῦναι
1489 435 1726 497 δικαςαῖς
1760 438 1979 496 ”Ανυτος
2020 437 2043 489 ὃ

65 526 392 589 Ἀνθεμίωνος
434 522 697 590 προδοσίας
741 523 852 588 περὶ
909 522 1083 577 Πύλου
1142 523 1423 589 κρινόμενος
1469 524 1521 578 ἐν
1567 531 1673 584 τοῖς
1728 533 2044 586 Πελοποννη-

64 620 260 673 σιακοῖς
302 614 391 675 ἤδη
447 615 772 665 τελευτῶσιν.
853 611 1243 664 Gravissimum
1298 611 1538 666 eiusdem
1599 611 1807 667 fraudis
1862 619 2044 667 aucto·

62 717 179 756 rem
221 699 480 754 habemus
518 697 861 752 Aristotelem
898 698 1041 769 apud
1084 699 1343 770 Harpocr.
1385 717 1438 757 v.
1483 700 1756 769 Δεκάζωνε
1813 733 1873 742 -
1911 707 2044 768 Ἀρι-

63 787 278 850 ςοτέλης
316 788 359 841 δ’
400 789 451 840 ε’ν
488 787 767 849 Ἀθηναίων
808 787 1050 855 πολιτεία
1084 787 1304 841 ’Ἄνυτόν
1345 794 1475 856 φησι
1513 788 1822 854 καταδεῖξαι
1863 790 1921 844 τὸ
1967 790 2045 844 δε·

62 876 237 944 κάζειν
275 876 347 930 τὰ
380 876 668 942 amm-qm.
749 873 1063 928 Aristoteles
1097 873 1316 928 demum
1357 875 1492 930 bene
1533 877 1732 933 Graece
1771 885 1822 932 et
1866 878 2045 932 Attice

62 964 232 1020 dixit:
266 968 486 1024 ’Ἄνυτος
526 961 891 1026 κατέδειξε
932 965 990 1017 τὸ
1041 962 1379 1030 δεκάζειν,
1421 965 1696 1034 sequiores
1734 982 1905 1036 neque
1939 987 2036 1020 κα-

61 1051 298 1116 ταδεῖξαι
354 1058 642 1106 servarunt
692 1067 865 1122 neque
902 1050 1149 1118 δεκάζειν.
1232 1051 1284 1104 Is
1327 1051 1494 1122 igitur
1536 1069 1602 1106 ne
1644 1054 1895 1108 iuventus
1950 1055 2042 1108 At-

63 1142 173 1196 tica
219 1147 659 1211 corrumperetur
717 1140 982 1194 acerrime
1021 1137 1275 1204 cavebat,
1330 1140 1422 1211 qui
1483 1142 1669 1212 paucis
1722 1149 1848 1197 ante
1888 1144 2046 1196 annis

63 1230 213 1301 turpi
246 1228 531 1300 largitione
570 1228 780 1300 primus
826 1228 1069 1281 omnium
1124 1229 1356 1298 pessimo
1390 1229 1634 1301 exemplo
1671 1229 1876 1284 iudices
1930 1247 2044 1284 cor-

61 1325 304 1390 ruperat.
382 1317 596 1391 Anytus
652 1315 843 1388 opibus
882 1322 936 1370 et
984 1314 1277 1370 honoribus
1331 1323 1518 1387 potens
1559 1317 1852 1373 Alcibiadis
1900 1335 2044 1373 ama-

61 1413 148 1461 tor
185 1405 397 1468 fuerat,
437 1412 490 1459 et
515 1421 672 1476 quem
714 1404 962 1458 Socrates
1001 1403 1068 1458 ad
1109 1406 1366 1459 virtutem
1417 1406 1763 1473 instituebat,
1811 1406 2042 1462 eundem

62 1495 276 1566 Anytus
330 1492 563 1548 officiose
604 1492 926 1548 demerendo
980 1500 1032 1547 et
1088 1492 1407 1548 blandiendo
1448 1502 1501 1549 et
1541 1495 1807 1549 adulando
1849 1495 2038 1567 depra-

60 1582 236 1638 vabat.
315 1582 490 1637 Huius
530 1583 608 1637 rei
648 1583 755 1636 tria
794 1581 1069 1636 luculenta
1123 1583 1432 1637 testimonia
1487 1590 1716 1639 aetatem
1759 1583 2043 1650 tulerunt,

63 1671 244 1745 Satyri
297 1670 439 1743 apud
491 1670 684 1725 Athen.
726 1670 842 1725 ΧΠ.
902 1687 951 1741 p.
986 1675 1131 1732 554,
1189 1670 1464 1724 Plutarchi
1502 1673 1558 1725 in
1601 1672 1872 1728 Alcibiade
1923 1690 2038 1745 cap.

61 1759 169 1823 IV,
210 1767 262 1814 et
299 1760 496 1814 iterum
542 1759 595 1812 in
638 1759 904 1813 Amatoria
955 1776 1003 1831 p.
1050 1762 1174 1813 762.
1217 1759 1276 1813 D.
1332 1758 1411 1816 ἴςε
1451 1761 1556 1828 γαρ
1590 1761 1748 1824 δήπου
1788 1764 1851 1822 ὡς
1891 1763 2042 1817 Ἀνύ-

61 1869 133 1916 τῳ
176 1848 265 1922 (τῷ
319 1846 645 1919 addendum)
702 1848 1033 1913 Ἀνθεμίωνος
1087 1848 1256 1914 ἐρῶντι
1296 1847 1392 1912 μὲν
1443 1848 1813 1915 Ἀλκιβιάδου,
1871 1849 2040 1913 ξένους

58 1937 111 1991 δὲ
149 1938 342 1994 ἱςιῶντι
363 1938 653 2004 φιλοτίμως
676 1935 762 1989 καὶ
803 1940 1056 2002 λαμπρῶς
1079 1977 1094 1999 ,
1134 1935 1470 2001 ἐπεκώμασεν
1507 1938 1529 1990 ὁ
1571 1937 1912 2003 Ἀλκιβιάδης
1950 1940 2038 1993 καὶ

56 2026 237 2091 λαβὼν
283 2026 388 2078 άπὸ
443 2032 537 2087 τῆς
592 2023 849 2091 τραπέζης
909 2025 978 2084 εἷς
1033 2023 1188 2088 ἥμισυ
1247 2029 1345 2077 τῶν
1399 2025 1721 2090 ἐκπωμάτων
1786 2028 2036 2090 ἀπῆλθεν.

57 2113 385 2181 ’Λχθομένων
425 2113 478 2167 δὲ
517 2117 615 2166 τῶν
650 2110 800 2174 ξένων
840 2113 926 2166 καὶ
983 2111 1241 2176 λεγόντων
1265 2129 1278 2142 ·
1332 2113 1602 2180 ὑβριςικῶς
1652 2133 1725 2167 σοι
1786 2114 2037 2182 κέχρηται

55 2203 144 2256 καὶ
198 2200 536 2268 ὑπερηφάνως
591 2202 648 2254 τὸ
701 2198 977 2267 μειράκιον.
1018 2197 1387 2267 φιλανθρώπως
1429 2202 1523 2266 μὲν
1580 2198 1699 2266 οὖν,
1754 2205 1778 2255 o‘
1816 2204 2035 2265 ’Ἄνυτος

52 2286 202 2354 εἷπε,
240 2288 420 2342 πάντα
460 2288 566 2355 γάρ
605 2289 717 2350 ἐνῆν
754 2289 895 2355 αὐτῷ
933 2289 1123 2354 λαβεῖν
1147 2331 1161 2352 ,
1215 2289 1236 2342 ὂ
1278 2289 1330 2342 δὲ
1370 2289 1527 2354 κάμοι
1575 2295 1809 2345 τοσαῦτα
1869 2313 2035 2347 κατα-

52 2378 327 2441 λέλοιπεν,
367 2393 505 2448 quae
544 2377 668 2448 quis
707 2375 1009 2430 admiratus
1065 2375 1360 2431 exclamat:
1403 2375 1439 2431 ὦ
1480 2377 1789 2446 Ἡράκλεις,
1829 2382 1893 2441 ὡς
1935 2383 2039 2436 ὀλί-

53 2485 150 2533 γου
202 2467 477 2521 διελύσατο
531 2466 651 2532 πρὸς
684 2466 906 2519 ’Ἄνυτον
947 2466 1039 2527 τὴν
1092 2466 1197 2519 άπὸ
1240 2464 1544 2532 Σωκράτους
1585 2467 1672 2521 καὶ
1715 2471 2033 2539 φιλοσοφίας

51 2556 306 2622 πατρικὴν
359 2554 583 2622 ἐχθρὰν,
637 2554 680 2607 εἱ
730 2559 888 2623 πρᾷος
938 2552 993 2617 ἦν
1034 2551 1190 2614 οὕτως
1250 2554 1359 2621 περὶ
1418 2554 1579 2621 ἔρωτα
1635 2557 1721 2610 καὶ
1780 2566 2032 2623 γενναῖος.

53 2641 264 2699 Similia
317 2641 402 2695 bis
455 2641 782 2696 Plutarchus
835 2643 888 2696 in
931 2642 1204 2697 Alcibiade
1245 2650 1298 2696 et
1355 2642 1583 2715 Satyrus
1646 2653 1830 2700 narrat
1889 2648 2030 2719 apud

50 2730 387 2787 Athenaeum
429 2747 492 2785 ex
532 2730 711 2802 aliquo
751 2737 932 2785 vetere
991 2732 1253 2802 scriptore
1294 2737 1342 2784 et
1400 2730 1506 2784 illis
1557 2733 1891 2805 temporibus
1949 2752 2032 2790 ae-

49 2818 194 2893 quali
246 2826 445 2874 sumta.
528 2817 734 2890 Ecquid
776 2817 990 2873 videtur
1044 2819 1254 2892 Anytus
1300 2818 1574 2874 Socratem
1618 2822 1898 2877 criminari
1943 2842 2031 2895 po-

51 2909 219 2964 tuisse
257 2907 392 2979 quod
431 2907 752 2961 Alcibiadem
798 2909 1083 2980 corruperit
1106 2909 1132 2962 ,9
1215 2907 1315 2962 Sed
1369 2906 1540 2962 multo
1580 2912 1827 2980 graviora
1867 2913 2028 2968 etiam

46 3003 366 3068 argumenta
420 3002 583 3059 sunt,
625 3011 724 3049 cur
779 2994 830 3049 id
888 3012 993 3050 non
1057 3003 1266 3051 tantum
1308 2995 1877 3068 impudentissimum,
1937 3001 2029 3055 sed

49 3084 212 3140 etiam
254 3083 579 3148 absurdum,
619 3083 867 3137 omnihus
911 3082 1098 3139 debeat
1140 3084 1327 3139 videri.
1391 3084 1493 3152 Qui
1534 3084 1863 3142 Alcibiadem
1904 3089 2028 3143 ado-

47 3169 402 3227 lescentulum
457 3179 563 3226 tam
626 3171 831 3243 perdite
870 3180 1142 3227 amaverat
1183 3173 1396 3229 easdem
1448 3181 1609 3245 atque
1665 3174 1752 3229 ille
1805 3176 1858 3229 in
1915 3194 2024 3249 rep.

46 3266 226 3332 partes
265 3266 481 3314 secutus
533 3258 754 3314 eandem
798 3258 1067 3315 fortunam
1111 3269 1365 3333 expertus
1425 3270 1506 3317 est
1561 3280 1725 3334 quum
1782 3265 2026 3335 Triginta

50 3346 289 3420 Tyranni
347 3348 398 3401 in
454 3347 596 3402 viros
653 3347 931 3419 populares
987 3350 1192 3405 saevire
1234 3358 1544 3422 coeperunt.
1630 3352 1729 3405 Per
1784 3352 1889 3406 vim
1936 3370 2023 3424 op-

47 3450 229 3506 pressa
271 3451 379 3506 rep.
421 3442 474 3489 et
513 3433 678 3500 alioS,
735 3435 875 3491 unde
916 3437 1015 3491 sibi
1075 3438 1375 3503 timebant,
1432 3455 1494 3493 ex
1547 3439 1766 3494 civitate
1814 3439 2024 3511 expule-

49 3528 208 3584 runt,
249 3528 301 3575 et
343 3529 451 3577 tres
491 3523 762 3596 principes
803 3523 1200 3599 Thrasybulum
1225 3570 1238 3591 ‚
1298 3530 1537 3600 Anytum
1580 3533 1633 3580 ct
1674 3526 2021 3582 Alcibiadem.

53 3607 159 3664 Hoc
211 3627 264 3663 se
318 3609 526 3666 nolonte
581 3619 631 3666 et
682 3610 1024 3670 dissuadente
1080 3614 1280 3670 sactum
1332 3632 1444 3671 esse
1487 3631 1514 3670 a
1557 3616 1782 3670 caeteris
1838 3615 2025 3687 trigin—

1616 3708 1658 3738 63
