2436 4068
988 220 1088 268 551

58 387 191 435 χειν.
271 364 467 419 Deesse
502 361 705 433 aliquid
747 363 848 416 viri
888 361 1034 416 docti
1081 370 1402 427 senserunt,
1443 363 1537 418 sed
1582 363 1723 435 quod
1772 364 1838 420 de
1877 364 2035 420 Hein-

59 453 212 509 dorfii
253 452 566 515 coniectura
604 448 687 506 οὖν
722 451 1068 505 inseruerunt
1107 469 1211 506 non
1248 459 1328 507 est
1367 450 1422 506 id
1457 451 1596 524 quod
1635 453 1899 524 perierat,
1941 453 2033 508 sed

57 542 195 609 ἄρα,
234 539 686 610 seribendumque
732 539 1093 594 κινδυνεύουσιν
1145 539 1283 608 ἄρα,
1343 539 1445 610 ἔφη
1486 543 1509 595 o‘
1549 542 1851 608 Σιμωνίδης.
1936 541 2037 596 Est

60 632 115 684 iu
152 627 434 684 (lodicibus
479 627 875 698 antiquioribus
913 627 1047 698 sigla
1085 628 1347 699 quaedam
1392 646 1486 701 pro
1525 629 1629 698 ἄρα
1674 631 1798 702 poni
1845 629 2033 692 solita,

58 735 195 790 quae
249 733 406 788 saepe
466 733 573 771 non
638 715 909 770 intellecta
970 732 1180 770 errores
1231 718 1457 788 peperit.
1555 719 1616 772 In
1678 718 1906 773 Scholiis
1964 717 2033 772 ad

63 805 253 862 Aesch.
307 803 543 875 ctesiph.
589 807 712 859 127.
777 821 828 876 p.
865 808 953 858 91.
1009 803 1168 859 Dind.
1223 807 1266 859 εἰ
1322 807 1396 869 μὴ
1452 809 1574 874 πρὸς
1629 807 1721 869 τὴν
1773 805 2033 870 αντίλεξιν

0 915 2 917 ’
55 897 297 960 νοήσομεν
338 895 397 948 τὸ
448 898 606 947 κῶλον
653 893 929 947 annotavit
979 891 1217 947 Dindorf.
1281 893 1448 947 »inter
1486 898 1561 959 μὴ
1603 904 1651 948 et
1702 897 1822 963 πρὸς
1870 896 1925 948 in
1965 895 2031 949 F.

58 982 365 1038 vocabulum
403 981 595 1052 leyitur
633 981 931 1052 compendio
970 998 1276 1052 expressum
1293 981 1327 1004 ”
1371 989 1425 1036 et
1473 982 1680 1036 addidit
1731 983 2035 1056 compendii

58 1071 304 1126 formam.
383 1069 480 1123 Est
518 1076 700 1123 autem
750 1068 889 1138 ἄρα,
940 1071 984 1124 εἰ
1025 1071 1099 1136 μὴ
1155 1067 1256 1137 ἄρα
1295 1071 1418 1138 πρὸς
1470 1071 1563 1132 τὴν
1621 1072 1879 1136 οὶντίλεξιν
1918 1075 2033 1129 mk.

58 1159 118 1214 In
165 1160 233 1213 iis
276 1173 412 1229 quae
460 1158 716 1211 continuo
760 1163 1088 1229 sequuntur:
1147 1159 1227 1212 ναὶ
1265 1158 1349 1223 μοὶ
1382 1159 1489 1213 Δία
1521 1190 1596 1199 —
1632 1161 1794 1226 ὀλίγα
1832 1182 1892 1215 τε
1937 1167 2035 1217 τῶν

57 1249 262 1303 πολλῶν
298 1245 644 1301 manifestum
674 1253 756 1300 est
789 1247 948 1311 ὀλίγα
984 1266 1050 1311 γε
1087 1247 1319 1317 requiri,
1360 1246 1522 1318 idque
1558 1247 1717 1303 hahet
1758 1248 2035 1305 StohaeuS.

58 1336 192 1392 Nota
244 1342 327 1390 est
373 1335 621 1389 omnibus
679 1336 899 1389 Porsoni
948 1334 1012 1389 de
1070 1334 1264 1389 talibus
1313 1337 1588 1390 annotatio
1638 1338 1692 1390 in
1749 1337 2033 1393 Adversar-

59 1442 110 1497 p.
134 1411 220 1479 ‘55
261 1440 376 1495 sqq.
421 1423 560 1478 unde
607 1430 662 1478 et
697 1423 786 1477 alii
828 1422 930 1478 loci
971 1423 1129 1477 multi
1178 1424 1483 1494 corrigendi
1523 1434 1814 1497 supersunt
1846 1433 1900 1480 et
1939 1427 2033 1481 De-

58 1511 356 1568 mosthenis
406 1513 461 1565 in
514 1509 659 1566 Orat.
703 1511 844 1566 XIII.
892 1515 978 1566 16.
1031 1513 1118 1566 καὶ
1178 1514 1234 1574 νη
1292 1513 1398 1566 Δία
1452 1533 1519 1578 γε
1557 1545 1633 1554 --
1672 1513 1828 1583 ἕτεροι
1887 1516 2032 1581 λόγοι

57 1603 433 1669 παρερρυήκασι
475 1601 597 1668 πρὸς
642 1603 779 1666 ὑμᾶς
824 1603 1066 1668 ψευδεῖς,
1120 1602 1210 1655 ubi
1254 1601 1442 1656 vocula
1484 1604 1809 1674 transposita
1859 1591 2062 1676 legen-¹

56 1689 187 1745 dum
220 1691 282 1751 ’νὴ
319 1690 426 1743 Δία
462 1719 539 1731 -
574 1687 732 1758 ἕτεροί
768 1710 835 1755 γε
870 1690 1035 1756 λόγοι.

131 1778 316 1850 Inepta
354 1779 697 1848 exaggeratio
732 1779 873 1833 inest
905 1779 962 1832 in
998 1796 1113 1850 sqq.
1156 1781 1184 1841 ἢ
1217 1776 1315 1833 ὅσα
1354 1781 1404 1833 ἐν
1445 1780 1603 1834 παντὶ
1643 1782 1714 1848 τῷ
1753 1782 1852 1849 βίῳ
1890 1781 2037 1848 παρὰ

58 1866 268 1922 πάντων
323 1872 422 1920 τῶν
479 1865 654 1920 ἄλλων
706 1867 971 1934 ἀνθρώπων
1020 1873 1260 1922 κτῶνται.
1342 1867 1400 1921 In
1451 1870 1480 1938 §
1528 1871 1613 1922 14.
1668 1871 1793 1923 αλλ’
1835 1872 1877 1924 εἰ
1928 1877 2034 1930 τοῖς

59 1955 285 2021 θεάμασι
342 1963 688 2019 μειονεκτεῖτε
749 1954 1007 2010 Stohaeus
1060 1956 1292 2010 servavit
1347 1958 1707 2011 necessariam
1768 1960 2036 2030 praeposi·

60 2044 257 2097 tionem
298 2044 341 2097 εἰ
371 2045 423 2097 ἐν
463 2051 570 2104 τοῖς
607 2042 854 2109 θεάμασι.
935 2044 1137 2098 Deinde
1181 2043 1446 2098 notandus
1483 2044 1742 2100 librorum
1780 2047 2035 2102 solemnis

8 2148 19 2165 ⁴
58 2147 213 2186 error
268 2133 320 2185 in
380 2130 478 2187 ὅσα
531 2132 642 2186 ἐὰν
696 2133 891 2197 λέγητε
945 2132 1033 2187 καὶ
1086 2129 1182 2185 ὅσα
1244 2132 1357 2186 ἐὰν
1405 2136 1684 2196 mnia-nra:
1741 2151 1933 2206 nempe
1979 2136 2034 2189 in

10 2225 23 2278 .·'
57 2219 218 2275 Codd.
259 2221 653 2292 antiquissimis
705 2221 1002 2275 sexcenties
1043 2222 1096 2273 in
1150 2220 1352 2275 talibus
1394 2228 1542 2275 EAN
1585 2239 1680 2293 pro
1718 2231 1820 2277 AN
1873 2224 2038 2278 scribi

15 2342 17 2346 -
57 2306 192 2363 nolet
228 2310 604 2363 vitiosissime:
645 2306 696 2370 ὃς
739 2310 829 2364 ἐὰν
867 2327 965 2381 pro
1005 2306 1056 2370 ὃς
1096 2307 1160 2363 ἄν
1201 2316 1255 2363 et
1295 2310 1449 2375 sim.‚
1489 2326 1627 2382 quae
1677 2313 1839 2366 nimis
1880 2330 2037 2386 saepe

15 2395 127 2476 :ab
176 2395 489 2451 Editoribus
548 2399 869 2453 retinentur.
966 2396 1334 2469 Xenophontis
1387 2406 1469 2453 est
1523 2396 1598 2453 5²0⁹
1653 2398 1716 2453 ἄν
1770 2400 2036 2468 scribere,

57 2482 263 2539 librarii
302 2485 400 2540 ὅσα
431 2485 494 2540 ἄν
529 2494 584 2541 et
621 2483 718 2541 ὅσα
757 2486 847 2541 εὀὶν
881 2486 1008 2541 darc
1049 2485 1238 2541 solent.
2070 2484 2078 2493 '

137 2572 269 2640 Quis
306 2591 408 2628 non
449 2573 830 2629 animadvertit
867 2591 1105 2630 errorem
1155 2575 1208 2628 in
1254 2592 1369 2647 sqq.
1410 2577 1655 2643 λοιδορίας
1694 2578 1898 2642 ἀνήκοοί
1931 2581 2035 2637 ἐςε.

57 2662 219 2723 οὐδεὶς
255 2664 360 2730 γὰρ
394 2663 552 2718 ἕδόλει
591 2662 831 2730 τυράννου
876 2665 997 2717 κατ’
1038 2664 1341 2732 ὀφθαλμοὺς
1382 2664 1723 2731 κατηγορεῖνῖ
1802 2666 1916 2720 Νοη
1955 2674 2037 2724 est

35 2748 162 2810 dioc
197 2759 343 2805 reete
381 2752 716 2823 cogitatum,
765 2768 886 2806 nam
929 2752 1160 2806 muitum
1209 2751 1411 2806 distant
1447 2753 1668 2820 λοιδορία
1711 2759 1765 2809 et
1810 2775 2037 2822 κατηγο·

29 2838 180 2908 «plaz
241 2838 359 2894 vide
410 2839 783 2895 Demosthenis
834 2839 1011 2894 locum
1061 2839 1174 2907 περὶ
1225 2845 1315 2899 τοῦ
1360 2841 1590 2911 ςεφανου
1648 2845 1677 2914 §
1720 2846 1841 2898 125.
1924 2844 2039 2901 Una

30 2925 221 2990 ‚ditera
262 2935 466 2982 mutata
501 2935 805 2996 κακηγορεῖν
840 2927 1186 2983 scribendum
1223 2935 1303 2982 est
1342 2929 1644 2998 τύραννον
1684 2934 1806 2986 κατ’
1841 2935 2037 3003 ὀφθαλ-

35 3017 189 3082 .μοὺς
244 3024 688 3084 κακηγορεῖν,
738 3033 875 3088 quae
919 3016 1087 3071 forma
1143 3034 1237 3088 pro
1289 3025 1458 3080 κακῶς
1513 3019 1689 3085 λέγειν
1731 3021 1843 3075 sive
1880 3024 2036 3077 λοιδο-

40 3112 162 3172 ρεῖν
204 3121 605 3176 nonnumquam
649 3111 943 3176 usurpatur
982 3105 1048 3159 ab
1086 3107 1186 3170 iis,
1226 3107 1320 3178 qui
1358 3108 1679 3179 exquisitius
1722 3108 2035 3180 loquuntur.

64 3190 215 3247 Plato
263 3192 318 3246 in
370 3193 565 3265 Gorgia
618 3211 669 3266 p.
711 3196 819 3248 52⁵2.
861 3193 916 3247 B.
973 3194 1063 3248 ἐάν
1122 3195 1202 3256 τίς
1258 3216 1328 3261 με
1378 3202 1457 3265 φῇ
1499 3197 1616 3257 τοὺς
1661 3198 2035 3267 πρεσβυτέρους

65 3290 503 3348 κακηγορεῖν,
559 3281 649 3336 ubi
687 3281 822 3337 bona
863 3299 986 3354 pars
1032 3282 1286 3339 Codicum
1338 3291 1644 3352 κατηγορεῖν
1686 3285 1934 3350 exhibet,
1975 3293 2039 3342 ut

66 3365 188 3421 aliis
226 3369 364 3438 apud
406 3369 676 3425 Platonem
718 3370 866 3425 lociS.

147 3453 207 3507 ln
251 3456 280 3523 §
323 3460 407 3510 15.
461 3459 504 3511 οἱ
551 3465 838 3522 σιωπῶντες
896 3457 1029 3514 οὗτοι
1082 3460 1277 3523 πάντες
1330 3462 1505 3516 κακοὶ
1561 3466 1779 3516 νοοῦσι
1837 3465 1908 3532 τῷ
1951 3484 2040 3519 τυ·

68 3542 261 3610 ροέννῳ,
315 3543 573 3602 Stobaeus
612 3548 787 3604 πάντα
842 3565 936 3620 pro
976 3549 1169 3611 πάντες
1221 3548 1378 3604 habet
1426 3549 1647 3604 soiemni
1696 3550 2038 3609 confusione:
