2436 4068
1041 198 1147 248 381

116 342 548 411 Κολοφωνίων
606 339 830 405 λιμένα,
882 341 979 393 τῶν
1037 339 1329 407 Τορωναίων
1370 338 1645 409 ἀπέχοντα
1704 345 1758 396 οὐ
1814 345 1946 399 πολὺ
1999 351 2092 406 τῆς

115 436 347 495 πόλεως,
390 431 443 483 in
485 429 567 483 bis
601 438 655 482 et
694 428 796 481 alia
838 428 1091 499 impedita
1124 435 1251 481 sunt
1280 436 1333 481 et
1368 429 1685 499 praesertim
1720 431 2093 501 ὂΚολοφωνίων

114 522 271 586 λιμήν
294 561 309 581 ,
347 534 507 590 quem
540 533 761 578 omnm,
803 523 887 570 sat
927 516 1067 577 scio,
1107 532 1224 570 esse
1266 516 1317 569 in
1341 533 1403 570 ea
1444 517 1640 570 vicinia
1674 519 1926 574 miraturi
1949 529 2092 575 sunt.

115 606 332 679 Repetit
381 607 552 677 ipsam
589 602 921 676 Thucydidis
954 619 1173 656 manum
1208 609 1319 657 tam
1354 602 1495 658 felici
1530 621 1690 676 quam
1728 614 1877 662 certa
1916 625 2095 663 emen-

115 694 328 750 datione
360 692 738 765 PluygersiuS‚
782 707 974 761 nempe
1008 690 1141 743 vidit
1175 691 1261 744 τὸν
1294 693 1529 759 Κωφὸν
1567 694 1756 759 λιμένα
1784 712 1900 750 esse
1933 698 2098 750 corri-

115 782 379 854 gendum,
419 779 603 835 eodem
639 779 854 832 nomine
889 784 972 842 et,
1012 777 1201 843 credo,
1242 778 1426 832 eadem
1466 779 1531 834 de
1571 797 1733 836 causa
1772 783 2096 855 appellatum

115 879 277 944 atque
313 887 474 934 eum,
514 868 607 941 qui
647 872 1101 921 commemoratur
1141 866 1197 919 in
1240 865 1443 921 Hellen.
1486 867 1551 920 ΙΙ.
1595 887 1666 926 iv.
1711 874 1798 925 25.
1840 875 2098 940 παρῆλθεν

115 962 199 1015 ἐπὶ
256 960 342 1014 τὸν
393 958 627 1024 Κωφὸν
679 955 886 1020 λιμένα.
979 954 1054 1008 Ne
1109 952 1217 1007 nlla
1275 956 1445 1024 possit
1499 972 1777 1027 superesse
1833 959 2098 1015 dubitatio

117 1049 275 1104 faciet
325 1044 667 1120 proverbium
717 1042 858 1115 apud
911 1041 1324 1097 Proverbiorum
1375 1041 1694 1098 Coliectores
1735 1055 1788 1099 et
1843 1047 2094 1104 Pbotiuin

115 1144 170 1192 et
209 1135 428 1191 Suidam
470 1140 778 1188 servatum:
837 1132 1137 1200 Κωφότερος
1179 1133 1269 1183 τοῦ
1317 1131 1610 1198 Τορωναίων
1658 1134 1894 1199 λιμένος,
1935 1153 2097 1207 quem

117 1225 337 1280 Pbotins
387 1223 463 1276 ita
516 1222 909 1291 interpretatur
959 1226 1017 1273 ut
1070 1217 1247 1272 dicat:
1302 1218 1414 1285 περὶ
1467 1220 1694 1285 Τορώνην
1747 1228 1840 1284 τῆς
1892 1226 2097 1294 Θρᾴκης

118 1312 362 1368 καλεῖταί
398 1331 478 1371 τις
513 1311 698 1377 Κωφὸς
737 1310 892 1374 λιμὴν
915 1350 929 1371 ,
970 1305 1110 1378 quod
1154 1313 1278 1359 noto
1317 1305 1642 1362 Graecorum
1686 1326 1787 1363 usu
1831 1311 2101 1381 significat

118 1402 193 1459 ἕςι
245 1421 326 1460 τις
379 1399 537 1464 λιμὴν
594 1399 825 1464 Κωφὸς
879 1396 1091 1460 λιμὴν
1147 1393 1481 1459 καλούμενος.
1577 1395 1786 1452 Similia
1844 1398 2101 1470 leguntur

119 1487 259 1560 apud
300 1485 588 1542 Zenobium
623 1485 712 1539 lv.
755 1488 846 1539 68.
888 1491 942 1538 et
973 1483 1364 1553 Diogenianum
1398 1482 1459 1536 V.
1494 1488 1583 1538 45.
1618 1492 1671 1539 et
1711 1484 1860 1540 aiios,
1940 1488 2118 1544 Eius-,

118 1575 238 1630 dem
277 1582 424 1629 certa
469 1574 728 1629 memoria
768 1579 943 1628 exstat
993 1570 1134 1643 apud
1178 1569 1493 1626 Strabonem
1542 1573 1597 1626 in
1648 1573 1929 1645 Excerptis
1973 1576 2099 1631 libri

115 1663 230 1718 Vll.
274 1661 465 1733 fragm.
502 1665 591 1717 52.
633 1660 724 1716 ubi
758 1661 971 1727 ἀντικρὺ
1011 1659 1306 1726 Κανοὶςρου,
1349 1660 1562 1731 inquit,
1610 1659 1764 1729 ἄκρου
1806 1670 1900 1725 τῆς
1948 1673 2095 1719 Παλ.

116 1753 270 1814 mium
309 1753 338 1814 ἦ
378 1750 552 1817 Δέρρις
593 1749 698 1807 ε’ςὶν
739 1748 873 1817 ἄκρα
927 1749 1144 1811 πλησίον
1199 1753 1436 1817 Κωφοῦ
1489 1750 1766 1814 λιμένος
1805 1752 1890 1806 καὶ
1933 1753 1957 1806 ὅ
1996 1762 2095 1808 To-

115 1847 318 1906 ρωναῖος
358 1839 548 1899 κόλπος
589 1839 685 1893 ὑπὸ
732 1838 924 1892 τούτων
965 1835 1287 1904 ἀφορίζεται.
1367 1836 1554 1907 Itaque
1608 1853 1674 1890 ne
1721 1839 1929 1911 Pyrrho
1978 1844 2094 1913 qui-

113 1927 234 1982 dem
272 1925 600 1982 dubitaverit
638 1926 768 1997 quin
805 1943 836 1979 a
877 1923 1190 1997 Thucydide
1232 1925 1304 1978 sit
1339 1925 1605 1996 scriptum
1645 1928 2000 1984 κατέπλευσεν
2041 1932 2094 1993 ἐς

110 2018 197 2070 τὸν
249 2016 481 2082 ΚωΦὸν
538 2014 728 2079 λιμένα
780 2020 878 2068 τῶν
924 2014 1254 2079 Τορωναίων,
1313 2013 1590 2079 ἀπέχοντα
1644 2022 1736 2077 τῆς
1790 2018 1986 2079 πόλεως
2038 2021 2094 2074 οὐ

112 2105 264 2158 πολύ.
349 2102 586 2158 Habebat
629 2102 836 2155 Torona
877 2100 1011 2154 duos
1053 2107 1276 2171 portus,
1321 2100 1551 2154 alterum
1593 2102 1691 2172 ipsi
1744 2104 1863 2157 urbi
1919 2106 2092 2162 adiec-

115 2199 261 2255 tum,
299 2190 530 2245 aiterum
563 2191 649 2244 τὸν
689 2191 873 2258 Κωφὸν
906 2189 1128 2255 λιμένα,
1168 2192 1223 2243 οὐ
1261 2190 1394 2243 πολὺ
1431 2197 1524 2252 τῆς
1565 2191 1761 2252 πόλεως
1794 2193 2093 2261 ἀπέχοντα.

112 2279 407 2335 Dirimebat
451 2285 742 2349 utrumque
784 2278 1208 2349 promontorium
1259 2278 1311 2330 in
1356 2294 1505 2331 mare
1546 2277 1699 2348 longe
1740 2296 2095 2350 procurrenS‚

112 2366 457 2439 quamobrem
496 2368 519 2420 ὁ
553 2367 738 2435 Κωφὸς
777 2368 935 2432 λιμὴν
959 2409 973 2431 ,
1013 2366 1165 2427 ςενας
1203 2364 1338 2433 ἔχων
1373 2366 1473 2425 τοὶς
1509 2365 1807 2432 εἰσ-βάσεις,
1851 2370 2090 2442 (Diogen.

113 2455 148 2510 1.
182 2454 239 2525 Ι.)
280 2462 333 2510 et
372 2455 680 2509 interiorem
721 2471 991 2509 recessum
1035 2452 1236 2508 habens
1269 2461 1385 2509 erat
1425 2452 1648 2515 ἄκλυςος
1672 2497 1684 2518 ,
1725 2454 1821 2514 ciis-s
1861 2460 1935 2523 μὴ
1976 2459 2092 2524 ἑξα-

112 2543 345 2597 κούεσθαι
377 2550 483 2603 τοῖς
516 2544 566 2596 ἐν
599 2544 739 2610 αὐτῷ
773 2544 859 2597 τὸν
891 2548 985 2603 τῆς
1021 2541 1287 2604 θαλάττης
1323 2539 1449 2609 ἦχον
1494 2541 1705 2616 (Zenob.
1748 2543 1781 2597 Ι.
1818 2544 1906 2618 l.):
1951 2549 2093 2603 unde

110 2631 160 2684 ei
203 2646 392 2685 nomen
435 2630 685 2685 inditum.
765 2629 920 2684 Cleon
967 2631 1135 2701 igitur
1173 2638 1237 2697 τῇ
1272 2630 1367 2695 μὲν
1408 2638 1595 2701 ςρατιᾷ
1637 2640 1701 2701 τῇ
1740 2633 1871 2702 πεζῇ
1911 2638 2091 2706 ἐχώρει

111 2721 164 2780 ές
194 2720 287 2781 τὴν
326 2718 508 2782 πόλιν,
548 2724 672 2779 ναῦς
718 2718 770 2772 δὲ
805 2718 1131 2785 περιέπεμψε
1167 2718 1292 2772 δέκα
1332 2719 1382 2779 ἐς
1422 2720 1509 2773 τὸν
1547 2720 1737 2785 λιμένα
1793 2734 2092 2791 περιπλεῖν,

111 2822 246 2878 quae
295 2823 457 2861 naves
505 2808 563 2860 ἐκ
600 2810 691 2860 τοῦ
740 2811 927 2874 Κωφοῦ
981 2807 1184 2872 λιμένος
1223 2808 1317 2869 τὴν
1366 2805 1529 2874 ἄκραν
1562 2806 1851 2876 καμφασαι
1893 2815 1964 2875 εἷς
2005 2817 2091 2871 τὸν

111 2897 401 2962 Τορωναίων
439 2896 629 2959 λιμένα
662 2894 1021 2948 εἰσέπλευσαν.
1105 2893 1288 2949 Obiter
1323 2895 1501 2949 insere
1551 2897 1841 2953 articulum
1887 2900 1940 2955 in
1979 2919 2090 2957 ver-

116 2981 223 3046 bis,
275 2999 411 3054 qnae
468 2983 533 3038 de
580 2982 764 3038 eadem
806 2999 862 3036 re
918 2981 1174 3053 leguntur
1217 2984 1269 3036 in
1312 3000 1426 3055 cap.
1465 2988 1514 3038 5.
1570 2985 1656 3038 καὶ
1711 2988 1767 3041 αἱ
1808 2996 1920 3051 νῆες
1970 2989 2088 3055 ἅμα

112 3070 408 3138 περιέπλεον
442 3073 494 3133 ἐς
533 3074 619 3127 τὸν
659 3072 846 3136 λιμένα
896 3072 1338 3141 περιπεμφθεῖσαι
1366 3114 1379 3136 ,
1422 3071 1510 3126 ubi
1554 3074 1852 3144 requiritur
1896 3078 1994 3150 (αἱ)
2037 3081 2088 3139 ἐς

111 3159 197 3214 τὸν
241 3161 428 3226 λιμένα
468 3162 927 3228 περιπεμφθεῖσαι.
1009 3158 1277 3214 Tenemus
1320 3160 1488 3230 igitur
1540 3159 1782 3216 fraudem
1842 3166 2088 3221 manibus

113 3253 167 3300 et
204 3256 424 3319 apparet
461 3265 627 3321 quum
669 3247 794 3301 oiim
851 3255 1556 3305 ΤΟΝΚΩΦΟΝΛΙΜΕΝΛ
1612 3250 1663 3303 in
1710 3249 1861 3304 libris
1900 3251 2089 3309 suisset

114 3333 255 3389 aliud
293 3343 510 3405 agentes
544 3335 747 3391 scribas
785 3338 871 3391 τὸν
908 3336 1210 3404 κολοφώνιον
1247 3338 1466 3402 λιμένα,
1514 3336 1706 3392 deinde
1745 3341 1829 3392 τὸν
1861 3347 2087 3411 κολοφω-

113 3424 224 3475 νίων
262 3424 448 3486 λιμένα
497 3423 870 3486 substituisse,
918 3431 971 3478 et
1019 3441 1134 3478 eam
1191 3423 1429 3479 fraudem
1474 3442 1617 3480 nunc
1661 3426 1990 3499 Thucydidis
2030 3431 2086 3485 li·

120 3508 241 3562 bros
281 3509 401 3564 flas.
442 3528 658 3577 omnes,
700 3515 789 3584 qui
834 3513 1028 3584 ubique
1069 3520 1194 3566 sunt
1219 3556 1232 3575 ‚
1280 3514 1511 3567 iniicere.

198 3594 359 3651 Lubet
401 3598 582 3655 eadem
630 3617 787 3672 opera
831 3618 932 3655 non
988 3602 1166 3656 minus
1220 3599 1589 3654 admirabilem
1635 3609 1686 3655 et
1739 3609 1940 3659 certam
1990 3605 2089 3661 inci
