2436 4068
1034 182 1140 234 575

110 338 281 400 πηγὴν
320 333 496 396 α’φῆκε
550 327 773 393 δακρύων
826 325 968 379 κάτω
1024 326 1247 392 κύψασα
1308 326 1402 393 ὀψὲ
1456 322 2084 389 καταμανθάνουσα

107 426 200 485 τὴν
235 418 543 483 ἐλευθερίαν,
584 416 662 468 sic
684 413 1026 482 Hirschigius
1062 413 1266 476 edidit,
1308 430 1410 467 non
1451 411 1723 476 facturuS,
1767 419 1826 464 ut
1859 410 2079 481 opinor,

106 511 151 564 si
190 506 525 562 meminisset
557 502 658 555 loci
698 500 839 572 apud
880 500 1200 554 Aeschinem
1234 502 1287 554 in
1329 500 1655 572 ctesiphont.
1698 499 1725 569 §T
1767 503 1890 552 157.
1929 518 2080 564 πρεσ-

105 598 278 663 βύτας
323 593 610 659 ἀνθρώπους
631 632 647 653 ,
701 589 1052 656 πρεσβύτιδας
1099 597 1355 652 γυναῖκας
1376 631 1392 651 ,
1451 590 1545 656 ὀψὲ
1583 586 2080 653 μεταμανθάνοντας

102 687 195 747 τὴν
233 680 547 746 ἐλευθερίαν,
587 678 680 748 qui
722 676 995 730 Charitoni
1052 676 1249 729 iterum
1290 676 1674 730 obversabatur
1718 692 1767 746 p.
1803 678 1946 737 454,
1989 677 2077 727 28.
2148 675 2150 677 ’

102 773 190 827 καὶ
230 767 363 824 οὗτοι
403 768 499 832 μὲν
539 764 668 829 ἦσαν
708 766 758 817 ἐν
796 764 1063 822 τοιαύταις
1103 770 1396 831 συμφοραῖς
1449 766 1543 831 ὀψὲ
1592 762 2079 829 μεταμανθάνοντες

101 861 194 922 τὴν
247 855 547 921 ἐλευθερίαν.
625 851 826 907 Eodem
876 851 1046 921 igitur
1096 851 1252 904 modo
1299 867 1466 922 quum
1510 851 1772 905 scriberet
1816 850 1991 914 ὀλίγον
2030 850 2079 902 τ’

103 947 332 1002 ἐπενόουν
382 942 522 997 οὐδέν
573 938 908 995 describebat
961 937 1294 1011 Thucydidis
1340 938 1517 993 locum
1559 938 1626 992 11.
1668 942 1721 992 8.
1800 937 2079 1000 Ὀλίγον

102 1037 152 1090 τ’
206 1031 514 1087 ἐπενόουν
567 1029 756 1084 οὐδὲν
806 1026 1094 1096 άμφότεροι
1150 1029 1276 1081 ἀλλ’
1316 1025 1519 1094 ἔρρωντο
1570 1027 1623 1086 ἐς
1674 1026 1759 1079 τὸν
1816 1023 2081 1090 πόλεμον,

104 1122 395 1177 multorum
438 1117 740 1172 imitatione
793 1114 1143 1170 celebratum.
1225 1113 1344 1169 Alia
1385 1112 1720 1186 Thucydidei
1762 1111 1865 1165 loci
1905 1112 2079 1164 imita-

104 1212 180 1266 tio
231 1207 383 1263 l'acile
429 1204 850 1277 deprehenditur
903 1220 952 1274 p.
996 1206 1141 1267 498,
1184 1206 1273 1256 45.
1326 1203 1506 1267 δίδωμί
1557 1221 1630 1255 σοι
1672 1199 1847 1261 πάσης
1887 1199 2079 1258 Ἰωνίας

104 1298 284 1367 ἄρχειν
340 1294 426 1349 καὶ
486 1299 678 1361 πρῶτος
738 1291 1010 1358 εὐεργέτης
1065 1291 1136 1350 εἰς
1193 1287 1321 1344 οἷκον
1374 1290 1636 1356 βασιλέως
1688 1289 2081 1355 άναγραφήση.

105 1385 421 1441 adumbrata
461 1381 592 1435 haec
640 1388 768 1434 sunt
806 1397 871 1434 ex
920 1379 1234 1433 Artaxerxis
1284 1378 1352 1432 ad
1405 1378 1726 1432 Pausaniam
1778 1374 2002 1447 epistola
2040 1374 2081 1428 Ι.

111 1477 237 1528 129.
279 1472 382 1526 uisi
422 1469 562 1541 quod
601 1471 795 1535 πρῶτος
836 1466 902 1521 de
942 1484 1040 1521 suo
1078 1465 1285 1520 addidit
1327 1465 1575 1538 sophista
1631 1482 1737 1520 non
1790 1463 2079 1518 admodum

103 1568 295 1622 acute,
338 1566 397 1613 ut
436 1557 599 1612 vides.

181 1648 340 1703 Plane
379 1646 522 1700 idem
574 1645 803 1710 vitium,
858 1643 999 1716 quod
1039 1661 1070 1698 e
1108 1642 1393 1698 Charitoue
1440 1641 1798 1706 sustulimuS,
1850 1641 1975 1695 olim
2017 1657 2083 1694 ex

102 1737 342 1809 Appiano
396 1735 735 1805 Musgravius
793 1733 1021 1787 feliciter
1094 1731 1335 1786 sustulit.
1434 1730 1708 1785 Edebatur
1778 1728 1920 1801 apud
1980 1730 2081 1799 Ap-

104 1827 246 1897 pian.
286 1823 353 1878 de
392 1822 518 1876 Bell.
558 1821 708 1876 civil.
737 1821 828 1875 Ill.
871 1824 960 1875 52.
1014 1820 1281 1889 ἐφιέμενος
1322 1817 1386 1873 ὧν
1424 1819 1617 1873 ἐπένθει
1658 1826 1898 1886 Καῖσαρ,
1939 1816 2082 1888 quod

104 1915 158 1967 in
199 1918 515 1967 ΕΠΕΝΘΕΙ
570 1909 769 1964 latebat
806 1916 1125 1963 ΕΠΕΝΟΕΙ
1167 1908 1368 1979 reperit
1406 1907 1746 1977 Musgravius
1785 1905 1848 1960 ὧν
1889 1905 2080 1960 ἐπενόει

100 2008 342 2067 Καῖσαρ,
403 1997 544 2071 quod
593 1998 832 2053 omnium
882 1996 1075 2068 plausu
1127 2003 1423 2067 receptum.
1502 1996 1656 2050 Nunc
1696 1995 1763 2050 ad
1810 1994 2081 2049 Hellenica

103 2088 278 2144 redeo.

178 2177 239 2231 ln
294 2175 429 2230 libro
466 2175 577 2230 Vll.
619 2193 654 2230 1.
710 2178 763 2229 6.
818 2174 907 2229 ὑπ’
953 2174 1158 2234 ἐκείνοις
1210 2179 1479 2234 παντελῶς
1530 2172 1805 2238 ἐγένεσθε,
1864 2171 2080 2226 demon-

103 2266 268 2321 stravi
306 2265 412 2318 iam
453 2263 580 2317 alibi
621 2279 721 2318 cur
758 2262 845 2316 ἐπ’
884 2262 1088 2323 ἐκείνοις
1124 2263 1196 2316 sit
1233 2259 1634 2333 corrigendum.
1711 2259 1843 2315 Ibid.
1888 2259 2002 2314 Vll.
2046 2277 2082 2314 1.

106 2359 191 2409 17.
243 2352 466 2413 σπονδὰς
515 2351 857 2417 ποιησάμενος
910 2353 1030 2418 πρὸς
1086 2350 1332 2417 Θηβαίων
1381 2352 1591 2415 μᾶλλον
1643 2350 1672 2413 ἢ
1716 2350 1838 2418 πρὸς
1888 2350 2082 2403 ἑαυτῶν

100 2440 255 2502 οὕτως
291 2442 521 2503 άπῆλθεν
556 2439 950 2495 emendandum
990 2446 1072 2493 est
1110 2439 1230 2506 πρὸς
1266 2440 1470 2493 ἑαυτοῦ.

178 2528 310 2584 Ibid.
350 2528 462 2583 Vll.
504 2547 536 2582 1.
581 2533 669 2584 21.
725 2526 923 2596 ὅσοιπερ
958 2526 1087 2592 ἦσαν
1138 2527 1509 2599 retingendum
1551 2533 1633 2580 est
1672 2524 1774 2580 ὅσοι
1821 2534 2079 2594 παρῆσαν.

100 2618 295 2673 Crebro
328 2637 422 2685 περ
453 2626 515 2692 ⁴et
554 2637 661 2684 παρ
706 2617 757 2670 in
800 2616 951 2670 libris
992 2614 1433 2679 confunduntur,
1488 2614 1703 2685 saepius
1741 2634 1834 2681 περ
1879 2615 1931 2669 in
1975 2635 2082 2681 παρ

102 2705 377 2779 depravari
417 2705 550 2760 solet
591 2705 955 2776 scribiturque
996 2721 1043 2758 v,
1081 2721 1126 2758 c.
1169 2702 1286 2758 ἔνθα
1340 2701 1750 2770 παρετάχθησαν
1808 2720 1901 2775 pro
1939 2705 2079 2758 ἐνθά-

102 2814 195 2862 περ
229 2794 532 2862 ἐτάχθησαν
587 2794 839 2858 etsin1.‚
895 2809 1298 2863 nonnumquam
1354 2798 1537 2846 contra
1593 2798 1809 2846 erratur
1863 2798 1923 2846 ut
1980 2791 2080 2847 hoc

101 2881 228 2937 loco.

175 2970 284 3025 Non
326 2988 597 3042 concoqui)
641 2970 752 3025 Vll.
795 2988 829 3023 ι.
873 2973 961 3023 25.
1017 2970 1155 3034 γένει
1195 2989 1254 3023 τε
1304 2969 1497 3029 οὐδενὸς
1534 2968 1700 3031 ἐνδεὴς
1738 2969 1982 3035 χρήμασί
2017 2990 2075 3022 τε

102 3061 360 3126 προήκων,
407 3075 637 3130 namque
678 3058 831 3112 nihili
873 3073 1094 3129 prorsus
1126 3064 1209 3111 est
1248 3057 1385 3122 γένει
1425 3057 1618 3118 οὐδενὸς
1659 3058 1845 3120 ἐνδεής.
1926 3057 2075 3124 Quod

102 3163 286 3203 omnes
323 3148 374 3201 in
416 3165 477 3202 ea
519 3164 575 3201 re
621 3147 792 3202 solent
839 3145 1018 3200 dicere
1063 3145 1399 3217 Xenophonti
1451 3143 1773 3200 reddiderim
1815 3145 1952 3210 γένει
1994 3148 2074 3200 οὐ·

104 3235 237 3296 mac
269 3236 598 3303 δεύτερος.
679 3235 737 3289 ld
779 3235 954 3306 ipsum
1006 3235 1200 3288 iterum
1243 3250 1434 3288 censeo
1475 3232 1868 3287 restituendum
1910 3233 1996 3286 lV.
2043 3249 2077 3295 ι,

105 3326 156 3376 6.
212 3325 351 3377 ποίου
394 3326 525 3384 τινὸς
567 3324 744 3389 γένους
797 3323 900 3380 ἐςὶν
942 3324 965 3376 ὁ
1003 3322 1379 3390 Σπιθριδάτης;
1433 3322 1456 3375 ὁ
1496 3322 1539 3375 δ’
1579 3317 1721 3375 εἶπεν
1758 3318 1833 3374 ὅτι
1876 3325 2077 3388 Περσῶν

108 3410 296 3470 οὐδενὸς
337 3411 728 3480 ἐνδεές-ερος,
773 3413 877 3465 inno
915 3427 1038 3464 vcro
1080 3412 1271 3472 οὐδενὸς
1310 3411 1639 3477 δεύτερος.
1722 3407 1921 3462 Deinde
1963 3417 2080 3478 post

112 3513 277 3567 pauca
321 3496 430 3551 Vll.
474 3515 506 3551 ι.
549 3504 637 3555 23.
694 3502 893 3554 inserto
947 3499 1176 3554 articulo
1229 3499 1484 3572 legerim:
1537 3501 1602 3558 ὡς
1653 3496 1819 3562 μόνοις
1852 3496 1948 3560 μὲν
1988 3498 2082 3551 αὑ-

111 3594 214 3645 τοῖς
258 3588 440 3652 πατρὶς
485 3588 557 3659 (ἦ)
601 3589 980 3648 Πελοπόννησος
1021 3587 1113 3648 εἴη.
