2436 4068
1303 164 1408 212 778

372 312 792 378 κελεύμασιν
844 317 894 364 et
949 312 1106 379 §24
1163 307 1422 374 χρώμενον
1484 315 1586 367 τοῖς
1640 310 1812 369 αὐτοῖς
1868 311 2348 378 ἐγκελεύμασιν
2434 346 2436 355 1

372 399 632 454 Graecum
679 405 756 451 est
795 399 1062 461 κέλευσμα
1097 401 1146 449 el
1190 396 1555 460 ἐγκέλευσμα,
1598 402 1657 448 ut
1693 400 1957 462 κελευςής.
2038 401 2352 462 Dominatur

374 486 430 540 in
490 487 684 541 talibus
744 501 912 548 usus,
971 484 1063 555 qui
1124 499 1184 537 eo
1241 499 1355 536 esse
1415 482 1546 537 solet
1607 484 1802 536 certior
1861 503 1964 555 quo
2025 486 2356 558 frequentius
2435 541 2436 544 ,

370 574 687 629 vocabulum
737 571 982 643 quodque.
1038 570 1290 624 occurrit.
1371 570 1433 623 In
1486 570 1759 624 nonnullis
1805 572 2186 629 Graeculorum
2235 595 2354 631 con·
2431 617 2433 642 j

373 662 599 717 suetudo
639 661 703 715 ab
746 660 982 730 antiquis
1023 657 1288 712 dissidens
1342 657 1600 711 admiscet
1641 658 1770 712 falsa
1823 663 1980 716 veriS.
2059 666 2386 728 Ἐπαύσθην

374 749 620 804 dicebant
672 749 923 803 Veteres:
986 747 1062 800 illi
1118 747 1359 806 ἐπαύθην.
1441 745 1657 812 Quoties
1712 747 1880 817 igitur
1921 749 2058 803 male
2098 754 2387 815 παυθῆναι
2417 745 2436 812 i

374 838 620 908 irrepsit!
704 836 791 890 Sic
832 835 1175 900 κεκέλευσμαι
1220 841 1271 887 et
1301 834 1600 895 ἐκελεύσθην
1644 836 1863 906 antiqua
1904 845 2028 891 sunt
2060 845 2112 892 et
2142 840 2349 895 κέλευσ-
2417 894 2436 917 Ι

375 945 486 990 μα,
527 925 896 990 ἐγκέλευσμα,
937 922 1199 977 dissident
1236 922 1516 987 Graeculi,
1558 923 1740 993 itaque
1780 925 1979 994 passim
2021 927 2192 980 variat
2225 929 2350 986 scri·
2375 926 2423 995 3
2420 934 2436 994 ξ

374 1018 551 1084 ptura.
631 1012 691 1066 In
725 1014 970 1075 κελευςής
1015 1011 1324 1083 perduravit
1363 1010 1692 1065 consuetudo
1729 1019 1912 1077 vetuS,
1954 1013 2134 1084 itaque
2168 1015 2349 1073 eadem
2379 996 2436 1117 33}

373 1099 573 1171 ubique
611 1099 769 1155 lectio
802 1107 1026 1156 constat
2289 1154 2294 1161 ,
2372 1150 2419 1159 ,,

449 1187 650 1244 Eadem
687 1206 849 1243 causa
898 1196 1009 1254 est,
1065 1205 1164 1242 cur
1208 1195 1316 1241 tam
1359 1203 1513 1258 saepe
1566 1194 1770 1242 veteres
1811 1206 1872 1244 ac
1920 1190 2114 1261 probae
2152 1160 2433 1268 formae*

378 1286 643 1341 κλινῆναι,
698 1285 1107 1341 κατακλινῆναι,
1159 1278 1635 1341 ἐγκατακλινῆναι,
1677 1287 2156 1343 συγκατακλινῆναι
2197 1282 2251 1334 in
2291 1279 2433 1338 Ιί·ἰ’”-

373 1365 487 1421 bris
525 1368 746 1421 vitiatae
791 1367 913 1419 sint.
994 1364 1239 1419 Graeculi
1275 1366 1475 1427 ἐκλίθην
1511 1363 1779 1428 dicebant,
1823 1365 1983 1436 idque
2021 1369 2198 1439 ipsum
2239 1386 2348 1424 sae-

374 1456 595 1527 pissime
629 1455 692 1510 de
732 1471 829 1508 suo
862 1455 1205 1514 invexerunt,
1246 1452 1311 1507 de
1346 1470 1449 1524 qua
1490 1470 1549 1508 re
1584 1453 1811 1509 subinde
1845 1453 2095 1509 diximus
2155 1457 2347 1513 Emen-
2374 1442 2436 1540 '4143

374 1543 441 1598 da
501 1544 670 1614 igitur
711 1542 850 1596 VIII.
894 1546 960 1596 5:
1022 1541 1361 1610 ἀπορούμενος
1422 1538 1546 1598 ὅπου
1605 1552 1973 1612 κατακλινῇ
2034 1562 2130 1616 pro
2184 1537 2433 1613 uam-[³³1

369 1633 533 1701 κλιθῇ.
2406 1614 2414 1634 ¹

449 1719 587 1774 Sunt
641 1725 818 1773 certae
858 1716 1118 1789 quaedam
1161 1715 1363 1772 formae
1398 1718 1686 1788 antiquae,
1730 1733 1863 1788 quas
1903 1717 2172 1791 plerisque
2212 1720 2346 1781 locis
2371 1738 2418 1797 ,μς

370 1807 553 1863 videas
589 1807 642 1861 in
685 1813 831 1862 certa
866 1806 1124 1877 quaedam
1162 1804 1355 1860 menda
1394 1805 1711 1877 depravari,
1752 1807 2052 1862 cuiusmodi
2088 1817 2166 1864 est
2202 1809 2344 1869 futu·
2381 1797 2418 1866 ’ῗῖ

373 1914 495 1952 rum
532 1900 732 1964 ἀπερῶ,
773 1894 912 1966 quod
954 1895 1264 1966 saepissime
1299 1893 1463 1948 veluti
1505 1911 1568 1948 ex
1603 1902 1879 1965 compacto
1917 1905 2010 1950 aut
2047 1898 2099 1950 in
2141 1899 2343 1968 ἀπαίρω

373 1993 467 2040 aut
504 1986 556 2038 in
598 1985 767 2051 ἀπορῶ
811 1999 839 2036 a
879 1982 1071 2037 scribis
1111 1982 1412 2052 refingitur.
1491 1981 1808 2037 Nesciebant
1855 1984 2098 2039 Graeculi
2138 1989 2342 2058 sequio-
2376 2019 2390 2042 '.

370 2091 457 2129 res
513 2073 690 2126 verbis
744 2070 1090 2137 ἀπαγορεύω,
1149 2070 1506 2138 συναγορεύω,
1564 2072 1950 2139 προσαγορεύω,
2008 2075 2339 2142 ἀναγορεύω,
2383 2071 2397 2129 ⁴2

370 2161 729 2230 προαγορεύω,
772 2159 1139 2225 καταγορεύω,
1181 2159 1480 2226 ὑπαγορεύω
1522 2157 1766 2215 futurum
1821 2176 1934 2215 esse
1979 2163 2185 2229 ἀπερῶ,
2225 2186 2336 2219 συν·
2378 2195 2401 2238 l:

369 2253 497 2319 ερῶ,
556 2253 808 2316 προσερῶ,
867 2249 1058 2313 ἀνερῶ,
1128 2253 1346 2313 προερῶ,
1415 2252 1645 2314 κατερῶ,
1705 2249 1901 2316 ὑπερῶ,
1961 2256 2014 2303 et
2076 2251 2338 2315 aorisluln
2379 2261 2400 2318 *J

366 2341 588 2394 ἀπεῖπον
636 2342 736 2391 cet.
778 2340 831 2389 et
869 2333 1163 2406 perfectum
1210 2335 1498 2402 ἀπείρηκα,
1537 2335 1853 2402 ἀπείρημαι,
1903 2338 2182 2405 ἀπερρήθην
2235 2348 2336 2396 cet.

367 2427 458 2482 sed
500 2424 842 2492 ἀπαγορεύει-ω
883 2422 1130 2476 dicebant
1171 2428 1224 2476 et
1261 2422 1599 2488 ἀπηγόρευσα
1644 2430 1695 2476 et
1736 2423 2071 2492 ἀπηγόρευκα
2112 2434 2162 2480 et
2205 2430 2338 2491 ἀπη·
2378 2444 2389 2477 12
2405 2488 2407 2491 v

363 2516 612 2583 γόρευμαι
651 2520 702 2568 et
743 2511 1064 2578 ἀπηγορεύθη
1107 2515 1206 2565 cet.
1288 2509 1425 2564 Hinc
1462 2510 1919 2581 antiquassuturi
1962 2512 2157 2567 formas
2201 2515 2335 2571 mul·
2387 2549 2408 2555 -

361 2605 434 2658 tis
475 2602 646 2656 modis
685 2605 1055 2670 corrumpunt.
1135 2599 1259 2665 Ἐρῶ
1314 2598 1369 2651 in
1411 2598 1531 2666 αἴρω
1589 2604 1642 2652 et
1680 2601 1798 2666 αἱρῶ
1851 2599 1997 2666 abit,
2036 2605 2225 2671 ἀντερῶ
2279 2605 2334 2659 in
2386 2588 2387 2593 ¹

359 2690 609 2758 ἀνταίρω,
650 2695 866 2755 συνερεῖν
907 2688 960 2740 in
998 2693 1287 2753 συνεργεῖν,
1328 2692 1379 2741 et
1414 2689 1621 2753 ἀπερεῖν
1661 2704 2065 2760 nonnumquam
2100 2691 2154 2744 in
2177 2691 2336 2746 ἀπαί-
2410 2679 2411 2682 ¹

362 2799 497 2846 ρειν,
553 2776 644 2830 sed
685 2776 897 2846 saepius
943 2775 996 2828 in
1036 2777 1242 2842 ἀπορεῖν
1297 2774 1406 2828 vidi
1449 2774 1763 2846 depravari,
1815 2778 1978 2832 veluti
2023 2779 2074 2832 in
2114 2778 2226 2833 XII.
2271 2783 2333 2834 2:
2406 2791 2407 2798 ’

364 2865 488 2921 ὅταν
528 2864 831 2932 πορεύωνται
873 2864 1008 2923 ὁδοὺς
1047 2863 1302 2929 χαλεπὰς
1351 2865 1440 2917 οὐκ
1494 2865 1896 2931 ἀπεροῦσιν,
1939 2866 2029 2920 alii
2065 2868 2335 2935 ἀποροῦσιν
2396 2893 2419 2942 ¹ss

366 2953 746 3016 exhibent„et
786 2952 838 3004 in
880 2949 1238 3021 Hipparchico
1276 2951 1370 3006 III.
1415 2955 1482 3006 9:
1536 2953 1578 3005 οἱ
1627 2952 1677 3006 δὲ
1729 2951 1872 3008 ἵπποι
1926 2958 2014 3009 οὐκ
2066 2957 2334 3023 ἀπεροῦ-
2397 2949 2405 2964 ’

363 3062 502 3105 σιν,
542 3042 598 3093 in
637 3039 790 3093 libris
829 3045 910 3092 est
950 3039 1267 3105 ἀπαίρουσιν.
1348 3039 1409 3093 In
1460 3037 1695 3093 Platonis
1736 3041 1949 3115 Cratylo
2002 3060 2051 3113 p.
2093 3047 2218 3096 596.
2260 3043 2332 3097 C:

363 3132 404 3185 εἰ
447 3129 548 3197 ἄρα
587 3131 830 3194 ἀπερεῖ
864 3127 891 3190 ἢ
930 3125 1016 3190 οὔ,
1053 3133 1178 3180 sunt
1220 3128 1311 3197 qui
1352 3129 1536 3195 ἀπορεῖ
1568 3137 1887 3195 servarunt,
1927 3138 1978 3185 et
2019 3131 2214 3201 passim
2265 3129 2333 3185 ad
2397 3117 2421 3146 ³⁵

362 3217 588 3274 eundem
627 3215 842 3270 modum
876 3215 930 3266 in
968 3213 1118 3266 libris
1157 3214 1313 3278 Mss.,
1353 3232 1752 3287 nonnumquam
1789 3224 1840 3271 et
1874 3218 1930 3270 in
1963 3217 2121 3273 editis
2156 3235 2330 3273 emen·
2414 3218 2436 3294 Π,

361 3305 644 3376 datisque,
681 3310 919 3360 erratum
957 3317 1071 3355 esse
1110 3301 1518 3356 animadvertes,
2423 3314 2426 3315 ⁷

436 3393 589 3447 Iuvat
629 3391 792 3446 huius
832 3389 1248 3454 observationis,
1302 3406 1438 3460 quae
1476 3407 1629 3462 saepe
1680 3392 1821 3447 inter
1878 3392 2163 3465 legendum
2203 3410 2325 3466 pro-

363 3480 526 3546 derit,
570 3478 812 3551 exempla
862 3476 1228 3551 compluscula
1285 3494 1608 3549 expromere.
1690 3490 1919 3549 Συνερεῖν
1973 3482 2028 3535 in
2081 3482 2326 3550 συναίρειν
2360 3476 2373 3486 “
2430 3515 2436 3535 2

361 3575 671 3641 corruptum
715 3572 794 3622 est
835 3567 887 3621 in
935 3566 1134 3639 optimo
1182 3564 1232 3621 S.
1275 3564 1414 3636 apud
1461 3564 1867 3626 Demosthenem
1908 3587 1961 3642 p.
2000 3574 2126 3634 457,
2169 3576 2216 3624 ὅ.
2271 3575 2323 3623 et
