2436 4068
1305 206 1407 298 '142

367 411 490 450 nam
529 411 556 449 a
593 384 867 449 Graeculis
901 392 1117 447 demum
1162 390 1316 446 fictae
1353 398 1480 444 sunt
1520 390 1721 446 formae
1761 394 2052 461 ἐμπίπρημι
2103 403 2156 450 et
2195 397 2348 462 ἐμπί-

367 497 599 550 πλαμαι.
679 481 861 535 Critici
910 496 1012 533 non
1050 479 1181 533 satis
1220 477 1321 532 sibi
1365 484 1637 533 constant:
1693 481 1747 533 in
1799 481 2007 536 Eubulo
2066 483 2259 538 Athen.
2298 503 2347 556 p.

370 575 495 624 417.
538 571 592 625 C.

665 656 750 713 ὦς’
780 656 888 710 οὐδὲ
925 655 1159 718 δειπνῶν,
1195 658 1259 716 ὡς
1291 654 1522 719 λέγουο),
1566 655 1936 720 ἐμπίπλαται,

363 746 661 800 Meinekius
701 744 1056 798 necessariam
1099 742 1359 797 Dindorfii
1410 744 1795 799 correctionem
1846 746 2226 810 ἐμπίμπλαται
2274 765 2351 802 re·

366 835 539 904 cepit,
581 831 703 886 alibi
743 831 882 886 idem
925 832 1120 887 vitium
1157 847 1326 903 aequo
1359 831 1539 886 animo
1577 830 1769 886 serens,
1851 832 1910 887 In
1949 833 2123 887 Photii
2163 834 2352 890 Codice

364 920 565 991 legitur
615 920 890 975 annotatio
938 926 1095 987 Πριῶε
1154 919 1413 987 ἀγοράσω.
1508 922 1739 992 Apparet
1788 921 2184 977 emendandum
2235 940 2352 978 esse

363 1009 522 1076 πρίωε
568 1007 858 1075 ἀγόρασον,
895 1014 950 1062 et
989 1007 1223 1063 ostendit
1274 1007 1406 1063 haec
1453 1010 1566 1079 ipsa
1610 1009 2081 1075 annotatiuncula‚
2124 1027 2260 1082 quae
2299 1019 2354 1066 et

365 1096 506 1168 apud
549 1095 876 1169 Hesychium
907 1096 1187 1151 emendata
1209 1095 1464 1161 habetur,
1498 1095 1725 1151 sormam
1761 1098 1883 1163 πρίω
1919 1097 2077 1169 vulgo
2113 1099 2351 1170 ignotam

365 1192 420 1240 et
459 1184 630 1239 doctis
671 1185 948 1255 magistris
986 1184 1355 1257 explicandam
1397 1182 1577 1239 fuisse.

438 1275 741 1344 Metagenes
789 1271 980 1328 Athen.
1036 1291 1090 1344 p.
1145 1277 1270 1328 585.
1313 1273 1368 1326 B.
1423 1274 1702 1338 δειπνῶμεν
1754 1278 1946 1340 πρῶτον
2000 1271 2232 1329 κᾶπειτα
2279 1297 2349 1341 με

364 1362 522 1417 πάντ’
562 1363 814 1429 ἀνερώτα,
857 1358 866 1433 Ι
910 1358 940 1414 ὅ
973 1382 1021 1416 τι
1060 1361 1123 1416 ἂν
1156 1362 1354 1430 βούλῃ,
1398 1362 1508 1415 scio
1539 1377 1682 1424 esse,
1723 1362 1816 1432 qui
1851 1361 2020 1425 πάνθ’,
2062 1360 2093 1416 δ’
2123 1384 2172 1417 τι
2204 1371 2350 1418 recte

365 1449 472 1504 dici
514 1457 728 1521 putent:
771 1447 1018 1519 equidem
1067 1448 1197 1504 haec
1245 1449 1437 1504 scribis
1481 1450 1689 1521 imputo
1735 1456 1789 1503 et
1830 1453 1936 1504 πᾶν
1986 1450 2350 1522 reponendum

365 1554 555 1592 censeo
583 1536 765 1593 eodem
804 1535 990 1599 modo,
1036 1554 1142 1609 quo
1177 1539 1232 1592 in
1270 1537 1511 1592 Nubibus
1550 1553 1624 1590 vs,
1662 1541 1770 1591 548
1803 1538 2196 1593 emendandum
2234 1555 2349 1594 esse

366 1625 603 1680 diximus
641 1626 911 1689 γίγνονται
947 1629 1054 1680 πᾶν
1095 1625 1124 1680 δ’
1159 1648 1208 1681 τι
1244 1626 1547 1692 βούλονται,
1589 1625 1679 1679 ubi
1717 1626 1997 1680 Ravennas
2044 1626 2194 1681 πάνθ’
2233 1624 2263 1681 δ’
2297 1647 2346 1682 τι

363 1720 569 1775 servat,
613 1711 850 1768 Venetus
888 1730 918 1767 a
956 1714 1118 1769 sciolo
1159 1713 1512 1786 interpolatus
1551 1713 1700 1768 πάνθ’
1741 1711 1839 1768 ὅσα
1877 1714 2107 1770 exhibet.

440 1801 500 1855 In
539 1799 778 1855 eiusdem
819 1799 933 1857 loco
969 1801 1110 1874 apud
1155 1801 1346 1857 Athen.
1383 1820 1433 1873 p.
1479 1804 1602 1855 269.
1646 1801 1702 1857 F.
1740 1803 1816 1855 sic
1856 1801 2081 1873 legitur:

666 1889 739 1943 τοὶ
778 1889 830 1942 δὲ
869 1890 1029 1957 μικροὶ
1069 1890 1224 1945 ταυτὶ
1266 1890 1485 1956 ποτάμι’
1525 1891 1575 1944 ἐν
1614 1892 1709 1955 μὲν
1747 1892 1942 1946 τευθενί

668 1982 744 2047 ῥεῖ
778 1980 995 2033 τευθίσιν
1036 1981 1224 2039 ὀπταῖς
1260 1979 1347 2033 καὶ
1389 1979 1614 2047 φάγροις
1655 1979 1742 2032 καὶ
1784 1978 2060 2045 καράβοις,

666 2067 909 2121 ἐντευθενὶ
949 2067 992 2120 δ’
1026 2068 1226 2121 ἀλλοῖοι
1265 2066 1351 2121 καὶ
1394 2068 1804 2135 περικόμμασιν,

664 2154 773 2224 τῃδὶ
815 2156 858 2208 δ’
898 2155 1150 2218 οὶΦύαισι,
1190 2156 1312 2224 τῇδε
1352 2156 1395 2211 δ’
1432 2152 1498 2210 αὖ
1536 2157 1829 2221 ταγηνίαις.

362 2243 558 2300 Codex:
604 2242 653 2297 ἓν
688 2244 783 2309 μὲν
819 2243 1043 2298 ἐντεῦθεν
1081 2244 1201 2310 ρέει,
1243 2243 1384 2298 unde
1420 2243 1707 2298 Elmsleius
1738 2243 1802 2297 ad
1845 2243 2075 2298 Acharn.
2115 2259 2192 2296 vs,
2221 2248 2342 2298 108.

363 2332 732 2388 sollertissime
768 2330 953 2386 elicuit
993 2331 1042 2384 ἐν
1077 2333 1174 2396 μὲν
1212 2333 1403 2386 reuben}
1444 2336 1542 2401 ῥεῖ,
1587 2333 1679 2403 qui
1717 2339 1770 2386 et
1815 2332 1868 2385 in
1904 2338 2095 2402 quarto
2135 2333 2344 2386 senario

363 2429 509 2477 recte
561 2419 847 2492 reponebat
902 2418 1066 2489 τῳδεδὶ
1126 2422 1422 2485 ταγηνίαις.
1503 2420 1703 2475 Eodem
1753 2419 1992 2491 exemplo
2044 2420 2095 2473 in
2158 2418 2346 2473 Avium

363 2527 439 2564 vs.
482 2512 536 2565 02..
576 2506 919 2563 scribendum
960 2513 1064 2561 est:

741 2596 1094 2662 διαρραγείης.
1137 2596 1268 2659 ἡδεδὶ
1310 2597 1480 2666 κρώζει
1521 2598 1712 2662 πάλιν,

363 2702 460 2758 pro
501 2686 770 2757 scriptura
811 2683 1070 2738 librorum
1109 2685 1193 2749 ἥδε
1234 2686 1277 2739 δ’
1317 2684 1401 2740 αὖ.
1482 2686 1647 2740 Multo
1687 2685 1847 2739 etiam
1890 2683 2094 2738 foedius
2142 2683 2340 2738 indocti

361 2779 715 2835 correctoreS‚
756 2772 849 2844 qui
887 2771 1005 2827 illas
1046 2773 1347 2828 Atticorum
1389 2781 1586 2829 tmeses
1619 2773 1773 2846 plane
1820 2771 2163 2844 ignorabant,
2207 2772 2341 2826 mul-

362 2870 555 2918 carunt
592 2861 784 2917 Avium
826 2878 900 2916 vs.
949 2866 1035 2916 11.

741 2950 982 3004 ἐντευθενὶ
1023 2953 1115 3014 τὴν
1152 2953 1356 3018 πατρίδ’
1398 2950 1461 3005 ἂν
1500 2949 1712 3019 ἐξεύροις
1753 2953 1816 3006 σύ
1865 2971 1990 3013 πους

629 3046 684 3090 Β.
737 3039 837 3092 οὐδ’
879 3038 942 3093 ἂν
979 3039 1060 3105 μα
1103 3039 1210 3094 Δία
1250 3042 1305 3104 γ’
1347 3041 1572 3094 ἐντεῦθεν
1606 3038 1952 3102 Ἐξηκεςίδης.

362 3127 551 3181 vitiosa
605 3142 720 3179 csse
769 3127 850 3191 μὰ
905 3127 1010 3181 Δία
1065 3129 1120 3192 γ’
1174 3128 1400 3182 ἐντεῦθεν
1461 3145 1615 3182 nemo
1666 3127 1932 3181 dubitabit
1982 3145 2197 3192 eorum,
2248 3129 2340 3198 qui

361 3216 662 3269 Atticorum
714 3215 1186 3279 consuetudinem,
1240 3232 1399 3287 quam
1453 3216 1661 3286 primus
1711 3216 1976 3271 Porsonus
2021 3216 2232 3287 aperuit
2283 3215 2335 3268 in

361 3303 579 3357 Advers.
619 3318 669 3372 p.
695 3306 796 3364 53,
838 3301 994 3373 longo
1036 3320 1136 3357 usu
1173 3311 1416 3358 constare
1457 3303 1834 3359 intellexerint.
1896 3303 2231 3374 Immigravit
2272 3323 2338 3367 γε
2422 3348 2426 3366 ,

362 3393 416 3444 in
459 3390 686 3444 alienam
736 3388 914 3443 sedem
971 3399 1251 3463 postquam
1290 3392 1535 3461 magistri
1585 3392 1779 3445 tmesin
1825 3392 2059 3446 Atticam
2112 3390 2338 3446 sustule-

356 3486 506 3534 runt.
588 3476 726 3533 Sana
765 3484 924 3532 erunt
964 3481 1142 3534 omnia
1183 3481 1229 3534 si
1269 3479 1405 3534 hanc
1447 3479 1772 3549 scripturam
1811 3481 2168 3534 revocaveris:

743 3568 842 3622 οὐδ’
883 3566 947 3620 ἂν
979 3567 1059 3631 μα
1103 3570 1185 3622 Δί’
1225 3567 1274 3622 ἔν
1312 3590 1378 3633 γε
1415 3569 1586 3622 τεῦθεν
1628 3567 1973 3631 Ἐξηκεςίδης.

363 3654 503 3726 quod
539 3655 784 3726 equidem
823 3657 1242 3726 comparaverim
1279 3658 1616 3729 potissitnum
1656 3673 1777 3712 cuin
1802 3656 1914 3712 loco
1938 3658 1989 3711 in
2015 3656 2334 3729 Thesmopb.v
2414 3672 2416 3674 ’
