2436 4068
1027 247 1124 298 161

154 391 426 467 Eupolidis
473 391 834 462 fragmentum
880 398 962 444 est
1014 389 1154 462 apud
1193 390 1509 444 Erotianum
1555 405 1604 460 p.
1642 380 1750 444 348
1794 407 1839 445 v.
1885 397 2055 448 Σελα·

76 486 267 551 ximo-e:
306 513 381 520 —
418 481 682 544 μέμνηται
721 486 814 542 τῆς
855 478 1043 542 λέξεως
1096 478 1184 532 καὶ
1233 478 1460 538 Εὔπολις
1499 478 1550 531 ἐν
1590 477 1708 542 Ais)
1747 478 1948 544 λέγων·
1988 484 2053 543 ὥς

75 575 106 635 ἦ
145 570 270 624 ποτὲ
301 570 459 623 αὐτὸν
493 569 551 631 ἣν
584 568 729 635 κάμῃ
766 588 844 627 τις
880 567 1055 626 εὐθέως
1095 567 1198 633 ἐρεῖ
1243 566 1363 632 πρὸς
1402 567 1559 620 αὐτὸν
1597 567 1722 633 πρίω
1762 587 1848 632 μοι
1895 567 2065 623 σελά-·

70 678 203 726 χιον.
262 659 317 711 τί
372 659 415 711 δ’
465 656 522 719 ἢν
581 657 733 710 λύκον
786 653 1093 721 κεκράξεται
1152 659 1435 722 φρασεῖται
1494 655 1615 721 πρὸς
1668 655 1755 708 τὸν
1814 655 2052 714 αἰπόλον.

72 746 406 815 Quamquam
449 743 579 797 haec
627 743 856 815 pessime
894 734 1075 794 habita
1123 749 1284 802 sunt,
1330 749 1390 795 ut
1434 740 1686 812 pleraque
1717 743 1771 796 in
1812 743 2058 798 Erotiani

67 832 368 894 Glossario‚
412 838 589 885 tamen
631 828 835 901 aliquid
868 828 1089 883 extundi
1117 836 1306 899 potest.
1349 828 1704 884 Scribendum
1736 831 2016 888 existimo:

213 925 319 980 πῶς
366 920 388 944 *
422 920 447 944 ¹*
487 920 656 972 αὐτῶν
697 919 754 981 ἢν
791 917 936 986 κάμῃ
974 935 1092 981 τιςς
1135 927 1191 971 Β.
1234 917 1411 977 εὐθέως
1446 918 1569 983 πρὸς
1608 918 1766 973 αὐτόν

221 1011 354 1076 ἐρεῖ·
394 1009 519 1075 πρίω
559 1026 646 1071 μοι
684 1007 953 1075 σελαχιον.
994 1014 1063 1060 A.
1105 1005 1160 1059 τί
1194 1006 1237 1059 δ’
1279 1005 1336 1069 ἣν
1373 1003 1492 1077 (ἴδῃ)
1533 1006 1686 1060 λύκον
1728 1006 1885 1080 (τις);

219 1107 275 1151 Β.
316 1094 623 1162 κεκράξεται
663 1095 854 1164 φράσει
891 1114 951 1147 τε
986 1095 1106 1161 πρὸς
1139 1094 1227 1147 τὸν
1267 1092 1484 1146 αἰπόλον
1523 1094 1853 1168 (δραμοῦσα).

143 1185 474 1256 colloquium
513 1184 565 1236 iu
607 1182 690 1236 his
726 1182 902 1237 verbis
937 1183 1110 1236 inesse
1148 1188 1358 1236 certum
1394 1188 1477 1235 est
1517 1178 1583 1234 de
1614 1198 1900 1253 caprarum
1938 1201 2060 1255 greae

67 1290 165 1347 ge,
205 1289 436 1344 quarum
478 1271 707 1325 mirifica
758 1270 1019 1342 quaedam
1069 1269 1306 1324 sollertia
1354 1268 1671 1324 celebratur.
1756 1271 1879 1324 Post
1918 1272 1974 1326 τί
2011 1273 2055 1326 δ’

68 1364 127 1427 ἣν
165 1361 426 1417 excidisse
464 1361 543 1430 ἴδῃ
582 1359 800 1413 evidens
839 1366 920 1413 est
961 1367 1014 1414 et
1056 1358 1189 1412 nihil
1242 1357 1388 1412 aliud
1432 1374 1594 1429 quam
1638 1357 1792 1412 λύκον
1832 1359 1955 1414 ἰδεῖν
1998 1360 2053 1414 in

64 1450 163 1507 hac
199 1449 465 1505 sententia
499 1448 677 1502 locum
713 1446 888 1502 habet.
967 1447 1192 1501 initium
1233 1445 1335 1500 loci
1372 1447 1623 1500 restituat
1659 1445 1813 1502 alius,

158 1538 402 1593 Tradunt
453 1544 661 1591 veteres
718 1534 963 1605 magistri
1022 1533 1335 1605 Eupolidem
1401 1532 1603 1588 dixisse
1657 1534 1939 1600 ἐβλαςηκα
1994 1542 2050 1592 et
2146 1555 2148 1557 ’

63 1627 340 1694 ἔγλυμμαι
374 1632 428 1680 et
467 1622 700 1678 afferunt
738 1622 872 1676 duos
906 1622 1024 1676 eius
1062 1622 1329 1677 senarios:

438 1714 496 1767 ἐκ
537 1718 635 1767 τῶν
675 1713 845 1778 ἀγρῶν
879 1710 1077 1776 ἥκουσιν
1117 1711 1476 1776 ἐβλαςηκότες
1516 1742 1591 1751 -—-

440 1804 505 1862 ὥς
545 1799 748 1868 οἴχεται
779 1800 875 1865 μὲν
909 1801 1053 1865 τυρὸς
1089 1797 1495 1865 ἐξεγλυμμένος.

65 1891 247 1948 Solent
287 1891 389 1944 ista
437 1889 515 1943 sic
554 1887 735 1943 afferri
775 1904 837 1941 ac
878 1888 922 1940 si
961 1886 1221 1958 singulari
1272 1887 1500 1959 quodam
1547 1903 1646 1940 usu
1685 1887 1847 1941 unius
1882 1888 2050 1961 scrip-

65 1981 197 2035 toris
233 1980 564 2039 niterentur,
604 1982 659 2030 et
698 1975 854 2029 multi
895 1992 959 2029 ex
1006 1976 1072 2028 iis
1106 1974 1418 2046 collegerint
1458 1974 1682 2029 sortasse
1719 1974 2049 2043 ἐξεγλυμμέ-

62 2089 142 2128 vor,-
187 2066 384 2121 dixisse
431 2063 603 2118 solnm
651 2062 991 2135 Eupolidem,
1035 2071 1273 2117 caeteros
1315 2079 1501 2117 ornnes
1549 2064 1791 2118 unanimi
1828 2081 2048 2119 consen-

60 2172 125 2211 su
158 2156 478 2220 γέγλυμμαι
518 2151 696 2206 dicere
736 2151 947 2206 solitos:
990 2150 1130 2222 quod
1166 2160 1219 2205 et
1259 2150 1451 2204 falsum
1499 2158 1580 2205 est
1627 2159 1681 2206 et
1733 2151 2048 2208 absurdum.

62 2242 166 2300 Sed
214 2241 356 2296 istud
421 2247 785 2295 commentum
839 2245 894 2293 et
941 2238 1185 2310 analogia
1238 2239 1560 2294 Graecitatis
1611 2247 1665 2294 et
1720 2241 2047 2312 scriptorum

60 2347 191 2388 usus
232 2329 525 2399 redarguit.
605 2327 795 2382 Notam
844 2328 1024 2399 pueris
1063 2326 1363 2398 analogiam
1405 2327 1536 2382 haec
1576 2329 1816 2400 exempla
1856 2329 2048 2384 confir-

37 2418 306 2476 ³mabuutz
345 2415 850 2484 καταγλωττίζομαι
885 2414 1042 2470 habet
1075 2417 1576 2481 κατεγλώττισμαι,
1616 2433 1680 2471 ex
1717 2417 2047 2482 ἀπογλυκαί-

10 2502 22 2544 5
57 2527 208 2575 νομαι
250 2505 512 2561 formatur
550 2504 1054 2569 ἆπεγλυκασμένος,
1097 2520 1160 2558 ex
1191 2504 1654 2568 απογλαυκοῦσθαι
1696 2504 1931 2559 Alexidis
1971 2505 2046 2560 sa·

0 2611 2 2621 '
96 2594 182 2652 ula
203 2594 518 2650 inscribitur
536 2592 1042 2657 απεγλαυκωμὲνος,
1082 2591 1224 2646 haud
1247 2609 1403 2647 secus
1432 2600 1593 2665 atque
1622 2592 1849 2658 ἔγνωκα,
1890 2593 2044 2659 §yuch-

135 2703 261 2751 μαι,
316 2682 807 2748 κατεβλακευμένος
851 2679 1155 2751 similiaque
1208 2679 1527 2735 formantur.
1601 2682 1714 2736 Non
1765 2688 1848 2736 est
1897 2683 2043 2737 enim

125 2770 195 2827 ud
234 2777 440 2826 veteres
479 2768 890 2840 reduplicationi
932 2768 1079 2822 locus
1123 2768 1211 2823 uhi
1261 2768 1457 2823 vocalis
1495 2790 1519 2823 ε
1562 2770 1823 2841 positione
1862 2770 2043 2825 Attica

190 2866 314 2913 ucta
350 2864 458 2920 est,
491 2863 544 2911 et
577 2872 683 2928 qua
716 2855 781 2911 de
810 2872 971 2911 causa
1012 2856 1214 2922 ἔγνωκα
1254 2855 1503 2912 dicebant
1536 2856 1720 2912 eadem
1762 2856 2041 2925 ἔγλυμμαι

132 2945 478 3012 {stravimus
524 2943 872 2999 formabatur.
953 2944 1172 3016 Eupolis
1209 2945 1376 3017 igitur
1426 2961 1530 2999 non
1579 2945 1724 3000 solus
1772 2945 1864 3001 sed
1914 2963 2040 3001 cum

143 3034 299 3090 nibus
341 3035 414 3087 ita
456 3032 799 3103 loquebatur,
841 3040 895 3086 et
933 3032 1206 3104 sequiores
1242 3032 1460 3088 denium
1499 3033 1819 3101 γέγλυμμαι
1855 3051 2038 3106 coepe-

160 3130 182 3179 t
214 3123 423 3178 dicere:
468 3136 642 3191 neque
676 3126 854 3175 tamen
885 3136 1093 3187 omneS,
1134 3138 1259 3177 nam
1294 3129 1439 3177 recte
1471 3123 1784 3188 διέγλυπται
1820 3122 2038 3194 scripsit

135 3210 448 3266 drosthenes
486 3208 626 3280 apud
667 3209 857 3264 Athen.
902 3227 951 3281 p.
989 3214 1077 3265 95.
1112 3209 1149 3264 C
1182 3212 1237 3265 οὐ
1279 3210 1594 3276 διέγλυπται
1632 3211 1682 3265 δὲ
1716 3210 1866 3266 ἄλλα
1897 3219 2035 3265 λεῖον

162 3299 369 3367 &panor
428 3299 558 3367 ἔχει.
651 3298 933 3370 Sequiores
992 3305 1272 3370 postquam
1325 3298 1635 3370 frequenter
1680 3299 2033 3365 γέγλυμμαι,

178 3388 483 3453 dymnum,
524 3386 909 3452 ἕγγέγλυμμαι
953 3394 1112 3443 caett.
1162 3387 1398 3443 scribere
1444 3389 1773 3460 coepissent,
1828 3387 2031 3441 sactum

171 3483 230 3530 ut
268 3477 540 3547 antiquior
580 3473 748 3529 forma
789 3474 854 3529 ad
897 3492 1091 3529 novum
1130 3492 1287 3530 usum
1325 3475 1694 3547 refingerctur.
1752 3475 1916 3528 Cuius
1952 3473 2031 3527 rei

0 3563 14 3628 j
50 3561 218 3617 multa
268 3563 506 3634 exempla
555 3564 609 3617 in
662 3562 843 3619 eodem
887 3563 1048 3618 huius
1089 3563 1232 3618 verbi
1282 3565 1574 3635 composito
1629 3563 1887 3629 ἐγγλύφω
1930 3560 2031 3615 He-

0 3642 11 3766 i*
54 3650 268 3706 rodotus
311 3651 493 3714 habet,
535 3652 671 3723 apud
711 3668 868 3721 quein
907 3653 1094 3706 vitiose
1131 3669 1272 3706 nunc
1310 3652 1567 3706 scribitur
1605 3652 1665 3703 ΙΙ.
1711 3654 1814 3705 106
1854 3648 2033 3714 {amb

1625 3745 1663 3773 13
