2436 4068
3 262 38 290 ,.
1064 230 1134 284 4‘5

97 378 173 432 ita
211 372 476 448 scriptum
517 379 626 428 est:
681 372 952 444 μένανδρος
997 377 1048 429 ἕν
1084 374 1344 446 δακτυλίῳ
1381 376 1466 431 ἐπὶ
1501 380 1590 431 τοῦ
1632 374 1726 431 δοέν
1759 378 1952 441 οὑτοσί,
1994 383 2089 433 aut

95 465 365 531 μένανδρος
401 463 453 515 ἕν
489 461 751 529 δακτυλίῳ
798 462 883 515 ἐπὶ
933 468 1023 517 τοῦ
1070 464 1223 519 δοέου·
1263 466 1344 527 τίς
1390 465 1496 533 γὰρ
1544 464 1709 519 οὑτοσὶ
1758 465 2086 529 κακοδαίμων

95 553 199 622 ἔφυ
234 550 286 612 ὃς
326 552 415 605 οὐκ
454 548 519 603 ἄν
559 551 668 603 κτέ.
741 549 1006 621 Compone
1046 559 1334 624 utramque
1363 553 1608 607 vitiosam
1650 552 1973 623 scripturam
1998 553 2086 606 ἐπὶ

94 645 183 695 τοῦ
218 639 312 694 δοὲν
347 644 401 692 et
430 638 514 692 ἐπὶ
558 640 648 691 τοῦ
690 634 812 690 δοέου
852 643 906 691 et
940 654 1065 692 ecce
1105 640 1359 695 emicabit
1396 657 1521 695 vera
1566 639 1650 694 ἐπὶ
1701 643 1790 694 τοῦ
1843 644 2087 704 Δαναοῦ,

94 743 286 798 nempe
321 726 436 798 ipse
476 731 583 787 est,
623 723 688 778 de
726 739 832 795 quo
872 724 1003 779 haec
1037 726 1201 780 Poeta
1236 727 1400 792 dixit,

395 812 603 872 Δαναὸς
641 811 667 864 ὅ
706 813 1029 876 πεντήκοντα
1069 814 1359 882 θυγατέρων
1399 817 1601 884 πατήρ,

92 917 252 974 quem
291 915 510 955 versum
553 915 619 953 ex
658 898 935 971 Euripidis
967 900 1248 970 Ἀρχελάῳ
1288 909 1529 956 sumtum
1572 903 1695 974 quis
1741 900 1949 957 nescit?
2005 900 2085 955 Io·

90 1006 212 1044 cose
260 988 316 1042 in
355 1004 418 1042 eo
466 1003 628 1041 versu
674 986 813 1042 ludit
862 987 1186 1043 Plutarchus
1229 989 1294 1043 de
1337 1007 1514 1044 amore
1560 990 1730 1062 prolis
1770 1007 1820 1062 p.
1857 993 1983 1044 497.
2023 989 2079 1043 B.

91 1074 430 1147 heredipetas
466 1075 765 1129 insectans:

391 1163 601 1224 Δαναὸς
642 1168 664 1220 ὁ
702 1164 1027 1228 πεντήκοντα
1066 1164 1357 1233 θυγατέρων
1397 1167 1572 1233 πατήρ

87 1252 135 1306 εἰ
167 1249 381 1312 ἄτεκνος
421 1249 478 1315 ἦν
518 1252 762 1314 πλείονας
802 1251 867 1306 ἂν
899 1249 1018 1320 εἶχε
1059 1257 1526 1321 κληρονομοῦντας,
1569 1258 1621 1308 et
1669 1250 1918 1306 omnibus
1970 1258 2088 1307 erat

93 1338 407 1393 notissimus
461 1355 678 1404 versuS,
738 1341 831 1412 qui
899 1339 1108 1395 fabulae
1167 1341 1376 1412 primus
1435 1347 1580 1405 erat,
1642 1339 1747 1395 vid.
1807 1339 2085 1397 Plutarch.

92 1426 272 1481 Moral.
314 1443 364 1498 p.
402 1431 547 1497 857.,
567 1427 630 1483 Ε.
708 1428 898 1500 Itaque
937 1429 1256 1483 Ammonius
1298 1430 1412 1501 ipse
1463 1430 1541 1484 sic
1594 1429 1914 1500 scripserat:
1957 1435 2086 1490 παῖς

88 1515 144 1569 δὲ
177 1517 205 1579 ἡ
241 1515 415 1577 δούλη.
495 1515 786 1584 Μένανδρος
825 1518 877 1570 ἐν
919 1517 1199 1586 Δακτυλίῳ
1238 1518 1324 1571 ἐπὶ
1363 1522 1454 1573 τοῦ
1495 1522 1736 1580 Δαναοῦ,
1778 1524 1831 1570 et
1873 1518 1950 1571 sic
1995 1517 2088 1571 Co-

90 1603 220 1658 mici
249 1602 408 1657 verba
439 1603 818 1667 subiunxerat;
859 1622 1094 1677 namque
1123 1606 1200 1659 sic
1230 1604 1448 1660 demum
1482 1604 1773 1678 apparebat
1801 1605 2085 1671 παιδίσκας
2140 1619 2142 1622 ’

89 1689 198 1745 dici
232 1690 333 1752 τοὶς
373 1692 670 1761 ἐλευθέρας,
714 1693 969 1764 quoniam
1015 1694 1230 1748 Danaus
1268 1692 1550 1748 dicebatur
1598 1693 1922 1756 πεντήκοντα
1965 1713 2088 1747 παι-

86 1778 269 1841 δίσκας
309 1778 484 1847 ἔχειν,
527 1781 669 1852 quod
708 1780 880 1836 facete
925 1781 1131 1836 dictum
1184 1797 1301 1835 esse
1339 1797 1435 1852 pro
1471 1781 1762 1849 θυγατέρας
1804 1779 1886 1834 vel
1925 1780 2086 1845 θυγα-

87 1887 205 1935 τρια
244 1866 421 1939 palam
465 1876 612 1931 erat,
666 1869 889 1941 ideoque
944 1869 1045 1924 hoc
1095 1868 1373 1923 Menandri
1430 1869 1735 1924 testimonio
1783 1867 2088 1923 luculenter
2165 1873 2179 1879 '

88 1954 493 2009 demonstratur
539 1956 681 2028 quod
733 1957 1132 2012 Grammaticus
1180 1956 1404 2011 volebat.
1499 1956 1820 2011 Ammonius
1871 1957 2086 2028 saepius

13 2067 18 2069 ·
91 2043 170 2097 sic
205 2042 259 2096 in
295 2042 461 2096 simili
500 2060 560 2098 re
598 2043 743 2115 loqui
789 2044 951 2109 solet,
993 2050 1055 2099 ut
1104 2046 1158 2098 in
1198 2062 1248 2098 v.
1290 2045 1548 2111 Τύραννος
1589 2061 1639 2115 p.
1682 2048 1806 2098 158.
1845 2043 2090 2112 τύραννον

86 2133 132 2185 οἱ
165 2132 380 2199 ἀρχαῖοι
410 2131 499 2185 καὶ
536 2131 621 2186 ἐπὶ
654 2132 918 2198 βασιλέως
952 2132 1188 2187 ἔτασσον.
1248 2131 1508 2200 Ἡρόδοτος
1540 2131 1624 2186 ἐπὶ
1655 2131 1891 2199 Κροίσου·
1925 2131 1985 2205 (l.
2008 2132 2087 2204 6.)

86 2218 327 2286 τύραννος
359 2218 412 2273 δὲ
442 2219 615 2273 ἐθνέων
651 2219 770 2293 (τῶν
803 2220 943 2282 ἐντὸς
974 2221 1167 2281 ’Άλυος
1198 2218 1462 2292 ποταμοῦ)
1495 2218 1582 2273 καὶ
1620 2218 1855 2285 ὑποβάς·
1882 2219 1941 2293 (Ι.
1967 2219 2085 2292 26.)

84 2308 495 2371 τελευτήσαντος
534 2307 587 2361 δὲ
627 2305 934 2362 Ἀλυάττεω
973 2306 1232 2371 διεδέξατο
1270 2309 1364 2371 τὴν
1404 2308 1715 2373 βασιληίην,
1740 2339 1937 2359 --.
1982 2307 2087 2361 ἔσθ’

85 2391 173 2450 ὅτε
207 2394 296 2449 καὶ
334 2396 421 2449 τὸν
460 2395 699 2463 τύραννον
746 2394 984 2459 βασιλέα
1033 2394 1249 2462 ἔλεγον,
1296 2398 1362 2458 ὡς
1401 2394 1633 2457 Εὔπολις
1669 2396 1720 2450 ἐν
1754 2397 1953 2462 Δήμοις
1994 2397 2085 2451 ἐπὶ

82 2486 173 2538 τοῦ
202 2483 560 2551 Πεισιςροὶτου.
640 2482 840 2538 Eodem
879 2483 1050 2554 igitur
1088 2484 1246 2539 modo
1286 2485 1550 2557 scriptum
1588 2482 1750 2538 fuisse
1790 2484 2086 2552 Μένανδρος

14 2628 21 2635 ,
83 2572 136 2626 ἒν
174 2571 458 2640 Δακτυλίῳ
490 2571 575 2625 ἐπὶ
614 2575 704 2626 τοῦ
745 2576 955 2627 Δαναοῦ
1001 2572 1134 2627 satis
1168 2579 1378 2628 certum
1413 2578 1524 2638 est,
1564 2577 1619 2626 at
1653 2572 1767 2643 ipse
1799 2572 2082 2627 Menandri

11 2653 292 2732 v.’primus
339 2660 586 2715 senarius
645 2665 757 2714 tam
810 2659 950 2714 male
1003 2659 1274 2715 mulcatus
1322 2667 1495 2716 estet
1545 2659 1806 2725 mutiluS,
1862 2665 1924 2714 ut
1965 2661 2083 2732 ipsa

15 2765 18 2771 ·
80 2753 267 2820 poetae
315 2746 478 2802 verba
516 2764 582 2803 ex
619 2748 687 2802 iis
726 2747 973 2803 sordibus
1023 2748 1258 2820 exscalpi
1305 2766 1409 2803 non
1450 2749 1673 2821 possint.
1751 2747 1916 2802 Multa
1956 2765 2080 2803 con-

10 2864 11 2868 *
80 2835 260 2901 iiciaS,
300 2834 499 2907 quibus
517 2837 785 2891 sententia
813 2843 867 2891 et
899 2842 1136 2891 metrum
1159 2836 1508 2908 probabiliter
1527 2837 1863 2902 sarciantur,
1884 2836 2076 2892 veluti:

7 2972 13 2986 ,
417 2924 500 2986 τίς
538 2923 644 2993 γάρ
684 2926 796 2979 ποθ’
834 2923 963 2979 οὕτω
1003 2945 1053 2979 τι
1096 2924 1422 2991 κακοδαίμων
1462 2924 1544 2991 ἦν,
1585 2925 1716 2995 ἔφη,

6 3000 11 3067 ἱ
78 3011 160 3068 vel
415 3013 497 3074 τίς
536 3011 642 3080 γάρ
683 3014 794 3067 ποθ’
833 3011 990 3074 οὕτως
1030 3012 1107 3070 έςὶ
1150 3014 1510 3079 κακοδαίμων,
1554 3012 1688 3081 ἔφη,

0 3086 15 3182 ξ
78 3099 160 3155 vel
198 3099 376 3155 simile
413 3099 574 3172 quid,
618 3099 711 3155 sed
751 3100 885 3155 nihil
934 3099 1076 3172 quod
1126 3106 1338 3156 certum
1377 3108 1430 3156 et
1471 3100 1689 3156 evidens
1743 3102 1815 3157 sit
1857 3119 1922 3158 ex
1959 3121 2073 3158 cor-

2 3195 14 3252 ?
77 3188 410 3261 ruptissimis
441 3187 686 3260 reliquiis
720 3188 920 3244 elicias,
1003 3188 1280 3244 Sententia
1326 3189 1515 3245 saltem
1565 3188 1669 3244 loci
1721 3189 1865 3245 salva
1906 3197 1987 3245 est
2020 3198 2072 3245 ct

0 3279 9 3306 ·'
79 3277 447 3332 testimonium
484 3284 630 3332 recte
670 3283 723 3332 et
761 3276 948 3332 ordine
987 3275 1212 3331 dictum.

152 3363 319 3420 Multa
379 3382 524 3420 nunc
576 3364 854 3420 Menandri
907 3365 1123 3420 nomine
1175 3364 1666 3431 circumferuntur,
1721 3383 1857 3438 quae
1917 3382 2072 3420 num-

0 3477 4 3489 ·
80 3468 240 3525 quam
282 3452 348 3507 ab
398 3469 460 3508 eo
499 3454 701 3525 scripta
742 3460 886 3509 sunt.
970 3455 1176 3508 Horum
1218 3452 1324 3508 duo
1372 3453 1481 3509 sere
1528 3460 1655 3508 sunt
1702 3470 1927 3524 genera:
1969 3452 2074 3508 alia

84 3541 230 3595 enim
270 3542 320 3596 ei
353 3541 419 3596 ab
459 3541 845 3597 rerentissimis
890 3541 1167 3597 Graeculis
1218 3542 1396 3597 assicta
1444 3548 1572 3597 sunt
1608 3559 1669 3596 ea
1707 3540 1947 3595 oratione
1985 3541 2073 3596 iis·

0 3735 10 3976 l

83 3645 190 3699 quc
227 3630 467 3685 numeris
508 3630 734 3702 scripta,
771 3629 955 3701 quales
989 3630 1178 3687 effoeta
1210 3638 1262 3685 et
1299 3629 1569 3702 decrepita
1607 3628 1828 3683 Graecia
1864 3627 2079 3684 cll’utirc

1654 3721 1670 3750 2
1693 3718 1707 3732 .
