2436 4068
1049 197 1147 248 401

97 346 295 400 tiorum
338 358 533 414 genera
573 341 786 412 cognita
830 339 1072 405 babebit,
1115 343 1170 394 in
1213 356 1347 411 quae
1395 339 1483 392 isti
1534 338 1645 391 sint
1686 338 1972 406 εὐεπίφοροι
2016 339 2068 391 et

99 433 250 505 proni
289 438 341 485 et
372 429 668 501 procliveS,
713 437 770 483 ut
805 428 959 483 facile
999 429 1270 500 negotium
1313 428 1408 491 sit,
1445 427 1490 480 si
1530 427 1687 480 cuius
1726 425 1933 479 Codicis
1973 426 2068 480 Ms.

96 521 397 591 scripturae
435 535 604 588 genus
638 524 691 571 et
736 524 963 571 aetatem
1009 516 1348 587 cognoveriS,
1383 514 1595 586 longam
1632 515 1826 569 seriem
1868 513 2073 567 discre-

98 608 342 680 pantium
381 606 808 676 scripturarum,
849 621 985 675 quae
1027 622 1090 658 ex
1123 622 1184 658 eo
1223 603 1359 656 libro
1400 603 1708 674 proditurae
1743 602 1884 665 sint,
1927 607 2074 654 certa
2148 671 2149 674 Ἴ

100 695 406 750 coniectura
461 693 672 763 assequi
729 700 781 746 et
828 690 1171 762 praedicere,
1233 690 1372 744 unde
1424 691 1584 744 simul
1648 695 1865 762 apparet
1912 703 2073 760 quam

99 782 230 838 utile
283 782 355 836 sit
397 782 500 834 ista
538 781 718 833 omnia
769 779 953 834 sedulo
993 785 1244 834 excutere
1285 785 1338 831 et
1384 777 1540 832 edere
1582 779 1635 831 in
1684 778 1880 834 lucem.
1962 777 2077 831 Uno

97 868 337 942 exemplo
376 875 500 922 utar
533 870 659 939 quia
691 867 960 922 ludicrum
992 874 1101 932 est,
1144 867 1189 919 si
1227 865 1361 921 forte
1393 867 1740 937 pertinaciter
1776 879 2074 936 repugnana

101 961 236 1016 tium
292 957 620 1011 obstinatum
685 955 926 1010 animum
979 970 1038 1010 re
1097 953 1380 1008 manifesta
1447 970 1764 1025 expugnem.
1858 953 2078 1020 Quoties

99 1049 154 1102 in
193 1047 550 1118 Antiquorum
605 1044 822 1116 scriptis
875 1042 1171 1115 perfectum
1221 1043 1540 1096 ὑποπέπωκα
1588 1042 1866 1112 legebatur
1915 1042 2073 1094 toties

98 1133 379 1197 Graeculi,
434 1132 628 1205 quibus
661 1131 716 1185 id
759 1131 1074 1186 vocabulum
1123 1146 1341 1202 prorsus
1388 1130 1724 1202 incognitum
1766 1135 1819 1183 et
1868 1127 2074 1182 inaudi-

99 1230 215 1279 tum
255 1221 420 1277 fuisse
460 1226 715 1292 apparet,
757 1220 831 1294 (et
868 1219 1137 1292 permulta
1177 1218 1280 1272 alia
1321 1218 1399 1272 sic
1441 1219 1497 1272 in
1537 1217 1943 1273 desuetudinem
1989 1216 2075 1270 ab·

98 1311 273 1366 ierant
306 1317 367 1364 ut
406 1325 437 1363 a
478 1307 622 1363 nullo
661 1308 893 1379 amplius
931 1306 1396 1378 intelligerentur,
1437 1307 1492 1360 in
1553 1306 1636 1360 his
1677 1308 1886 1370 ἐδήδοκα
1910 1349 1924 1368 ,
1968 1306 2075 1368 ἐδή-

97 1399 314 1463 assam,
349 1396 554 1460 ἡδέα-θην
593 1413 686 1467 pro
726 1396 923 1467 quibus
960 1396 1237 1462 βέβρωκα,
1275 1394 1551 1461 βέβρωμαι
1587 1401 1640 1449 et
1678 1396 1895 1464 ἐβρώθην
1931 1393 2076 1448 dice·

98 1485 261 1551 bant,
319 1491 372 1540 et
422 1484 632 1549 ἔδομαι,
691 1501 788 1556 pro
839 1501 944 1557 quo
1002 1483 1294 1538 utebantur
1332 1483 1524 1537 vitiosa
1582 1483 1751 1538 forma
1801 1481 2075 1554 φάγομοοι)
2120 1545 2122 1547 ,

99 1573 263 1629 stulte
306 1572 601 1644 stolideque
641 1572 1040 1627 substituebant
1081 1572 1470 1636 ὑποπέπτωκα,
1520 1588 1657 1643 quae
1712 1571 1882 1626 forma
1935 1578 2074 1625 aeta-

96 1669 205 1718 tem
260 1660 463 1716 tulerat
518 1667 573 1715 et
625 1660 874 1715 omnibus
933 1667 1048 1715 erat
1102 1666 1243 1714 nota.
1342 1660 1548 1732 Ecquid
1608 1667 1789 1715 autem
1850 1659 2077 1730 cogitari

97 1755 268 1823 potest
307 1747 594 1803 absurdius
635 1766 797 1821 quam
855 1750 1235 1808 ὑποπεπτωκὼς
1284 1747 1498 1814 dicere,
1541 1748 1631 1803 ubi
1674 1749 1795 1820 quis
1832 1755 2078 1820 suppetas

96 1844 214 1892 erat
252 1836 511 1892 dicendus
564 1836 725 1908 idque
777 1854 839 1892 ex
883 1838 998 1909 ipsa
1038 1853 1096 1891 re
1136 1836 1464 1907 apparebat?
1546 1836 1763 1891 Videbis
1801 1843 1979 1891 tamen
2022 1835 2079 1888 in

98 1925 294 1980 talibus
352 1924 600 1979 omnibus
667 1924 777 1980 sere
835 1931 1143 1979 constanter
1212 1925 1593 1986 ὑποπεπτωκώς
1656 1924 1851 1979 habere
1917 1923 2078 1977 libros

95 2014 256 2068 etiam
298 2014 526 2086 optimos
566 2021 619 2068 et
668 2013 980 2068 veterrimos
1020 2020 1074 2066 et
1110 2013 1378 2067 maximae
1428 2012 1551 2068 fidei
1604 2019 1698 2067 aut
1750 2029 1935 2067 omnes
1984 2019 2078 2066 aut

96 2101 253 2173 longe
291 2101 587 2174 plurimoS,
629 2109 678 2155 et
723 2117 940 2172 perraro
981 2100 1184 2155 factum
1225 2117 1340 2155 esse
1391 2109 1452 2155 ut
1490 2102 1770 2155 verissima
1809 2100 2079 2171 scriptura

94 2190 441 2251 ὑποπεπωκώς
483 2206 547 2244 ex
601 2188 939 2243 indoctorum
998 2189 1246 2243 manibus
1286 2191 1487 2243 intacta
1536 2189 1854 2244 elaberetur.
1936 2189 2078 2256 Quos·

94 2279 236 2335 inter
287 2277 571 2349 legendum
623 2283 931 2331 notaveram
973 2275 1113 2331 locos
1167 2276 1501 2348 complureS,
1559 2294 1743 2332 eorum
1800 2277 2080 2348 plerosque

93 2366 203 2422 vidi
241 2366 628 2439 conquisivisse
688 2365 814 2419 olim
874 2371 928 2419 et
988 2366 1284 2419 correxisse
1342 2366 1565 2420 Paulum
1627 2365 1959 2438 Leopardum
2021 2366 2076 2418 in

94 2454 366 2528 praeclaro
408 2454 845 2508 Emendationum
886 2470 1044 2525 opere
1102 2452 1192 2506 lib.
1232 2454 1319 2508 IX.
1376 2470 1490 2525 cap.
1531 2458 1621 2510 25.
1704 2454 1868 2509 Nemo
1923 2453 2078 2508 facile

96 2546 149 2600 in
191 2543 275 2599 bis
310 2542 467 2598 fidem
508 2542 766 2597 librorum
810 2541 1096 2614 implorare
1128 2541 1363 2596 audebit.
1444 2543 1558 2596 Duo
1593 2549 1720 2597 sunt
1763 2542 1864 2596 loci
1908 2543 2079 2597 Xeno·

97 2631 346 2705 phontiS,
404 2633 460 2695 in
511 2632 741 2686 Anabasi
782 2631 918 2685 alter
957 2629 1065 2684 VII.
1111 2648 1183 2683 ιιι.
1229 2634 1330 2690 29.
1373 2629 1508 2685 alter
1551 2630 1602 2683 in
1658 2630 1858 2685 Hellen.
1901 2630 1964 2685 V.
2009 2648 2076 2684 1v.

3 2765 13 2778 .
99 2724 207 2786 40,
245 2737 377 2792 quos
435 2719 738 2792 Leopardus
797 2719 1012 2774 attulit:
1072 2720 1125 2773 in
1188 2718 1275 2772 illo
1332 2719 1455 2772 libri
1507 2717 1798 2772 exhibent:
1841 2719 1928 2781 ἤδη
1971 2718 2076 2785 γὰρ

99 2807 600 2870 ὑποπεπτωκὼς
663 2809 996 2876 ἐτύγχανεν,
1051 2809 1104 2861 in
1164 2807 1288 2860 hoc:
1344 2809 1386 2861 οἱ
1441 2805 1613 2871 μέντοι
1672 2812 1770 2862 τῶν
1834 2806 2077 2873 Θηβαίων

96 2897 273 2958 lmen·
312 2897 532 2966 ἐῴκεσαν
574 2896 1076 2951 ὑποπεπτωκόσι
1118 2915 1214 2949 που
1252 2896 1302 2949 ἐν
1333 2896 1657 2965 μεσημβρία.
1740 2895 1954 2950 Tertius
1995 2901 2078 2949 est

96 2983 150 3039 in
204 2983 483 3059 Symposio
519 2986 611 3041 lx.
654 2988 704 3039 Ξ.
764 2983 853 3039 ubi
894 2984 1065 3038 evasit
1125 2983 1240 3037 sine
1305 2983 1420 3038 labe
1475 2982 1580 3047 ἥξει
1638 2983 1876 3044 Διόνυσος
1934 2985 2072 3037 ὑπο-

98 3075 411 3135 πεπωκὼς
450 3074 594 3142 ποιρὰ
632 3075 776 3134 θεοῖς.
855 3072 967 3127 Non
1011 3073 1140 3127 item
1183 3072 1237 3125 in
1278 3071 1512 3126 Platonis
1554 3071 1748 3145 Lyside
1789 3089 1836 3143 p.
1861 3074 1966 3126 225
2010 3073 2071 3125 Λ.

99 3157 191 3213 ubi
249 3161 302 3215 in
355 3160 623 3234 plerisque
671 3161 824 3215 libris
875 3167 957 3215 est
1003 3161 1197 3214 ἐδόκουν
1250 3162 1370 3227 ἡμῖν
1424 3159 1968 3219 ὑποπεπτωκότες
2020 3160 2070 3211 ἐν

94 3253 199 3308 τοῖς
236 3249 494 3315 Ἑρμαίοις
548 3250 722 3318 ἄποροι
778 3246 906 3304 εἶναι
948 3249 1339 3319 προσφέρεσθαι.
1420 3249 1480 3303 In
1524 3248 1796 3304 Plutarchi
1850 3246 2069 3320 Sympo-

95 3334 255 3389 siacis
296 3335 335 3389 Ι.
379 3352 431 3391 11.
479 3344 524 3392 1.
581 3340 764 3392 ἐκεῖνον
822 3339 916 3403 μὲν
963 3336 1046 3393 οὗν
1098 3339 1273 3405 πολλῷ
1319 3337 1511 3403 γέλωτι
1571 3339 1850 3406 χαίροντας
1910 3336 2069 3402 εὐφη-

98 3426 324 3486 μοῦντας
382 3426 664 3493 ἐκπέμπειν
725 3427 886 3493 δόμων
955 3425 1185 3480 ἐκέλευον
1251 3428 1293 3480 οἱ
1354 3426 1753 3492 κατακείμενοι·
1815 3423 1900 3478 καὶ
1968 3423 2071 3488 γαρ

102 3506 228 3568 ἦσαν
286 3515 463 3566 πολλοὶ
524 3516 738 3581 μετρίως
813 3517 840 3569 ὖ
857 3537 897 3569 π
910 3537 931 3570 ο
948 3537 988 3569 π
1002 3537 1025 3568 ε
1041 3536 1082 3569 π
1098 3536 1128 3568 τ
1145 3536 1178 3568 ω
1199 3534 1229 3568 κ
1245 3513 1311 3568 ότ
1327 3535 1350 3567 ε
1366 3536 1407 3575 ς.
1489 3512 1793 3585 Leopardus
1865 3511 2071 3583 primus

1699 3606 1742 3636 so
