2436 4068
1087 222 1154 274 25

121 370 196 429 ἔςι
249 369 301 424 δὲ
340 366 467 423 τάδε
508 366 567 431 ἐξ
620 366 684 422 ὧν
723 366 877 423 ὧλλοι
917 365 1114 429 πάντες
1153 365 1408 436 οέρτέαται
1449 367 1679 437 Πέρσαι·
1720 374 2111 441 Πασαργάδαι,

118 457 422 527 Μαράφιοι,
462 454 721 511 Μάσπιοι.
799 456 969 510 Notus
1005 461 1088 510 est
1113 455 1403 518 Ptolemaei
1442 472 1594 510 error
1626 474 1691 512 ex
1723 458 1899 514 Taciti
1934 463 2111 518 verbis

117 561 500 600 Ansuuu’rmm
531 543 786 616 oppidum
812 542 1152 598 Suatutanda
1179 543 1461 599 elicientiS.
1520 545 1926 603 Eiusdemmodi
1957 567 2110 604 error

117 634 173 687 in
226 631 518 687 Menandro
564 648 662 686 nos
709 631 1053 686 ludificatur:
1114 648 1182 686 ne
1238 632 1479 687 litterula
1531 633 1750 705 quidem
1804 637 1999 708 periit:
2062 639 2108 694 si

114 728 527 777 ΛΙΒΥΤΡΩΕΟ
570 727 717 775 reete
756 719 952 792 legeris
989 736 1212 774 manum
1249 721 1442 776 Poetae
1481 720 1727 778 habebis:

1131 810 1173 862 οἱ
1216 814 1442 877 Θρᾷκες,
1476 810 1651 875 Λίβυ,

417 903 588 967 Τρῶες
628 899 943 951 καλοῦνται.
985 894 1166 951 πάντα
1208 899 1294 949 νῦν
1334 897 1424 959 ἤδη
1461 899 1554 951 ’σθ’
1594 899 1754 964 ὁμοῦ.

111 985 285 1051 Λίβυς
314 986 508 1041 servile
543 1001 736 1040 nomen
766 990 872 1044 est‚'
907 990 966 1038 ut
998 983 1161 1053 Φρύξ,
1195 983 1384 1052 Σύρος,
1421 983 1596 1052 Σύρα,
1627 986 1900 1055 Συρίσκος,
1940 991 2106 1053 Δᾶος,

110 1074 324 1139 Τίβιος,
364 1074 557 1138 Λυδός,
596 1074 819 1142 Καρίων,
858 1071 1055 1135 Γέτας,
1100 1072 1233 1137 alia,
1268 1088 1332 1126 ex
1371 1071 1568 1143 quibus
1605 1090 1772 1128 unum
1815 1075 1987 1130 obiter
2026 1094 2106 1131 re·

111 1162 278 1216 stitue
317 1161 627 1217 Pherecrati
650 1204 664 1226 ,
704 1161 862 1216 ouius
902 1159 1051 1215 locus
1088 1172 1194 1215 non
1231 1177 1338 1214 uno
1380 1160 1511 1214 vitio
1552 1161 1870 1233 inquinatus
1906 1163 2110 1234 legitur

109 1249 253 1322 apud
287 1250 480 1304 Athen.
519 1251 610 1306 XI.
651 1253 778 1304 481.
809 1249 870 1303 A.

414 1337 672 1407 γλισχρύν
706 1358 766 1392 τε
801 1334 955 1403 μοῦςὶ
989 1336 1049 1391 τὸ
1085 1337 1295 1401 σιάλον,
1330 1338 1386 1399 νη
1424 1339 1493 1391 τὼ
1532 1339 1620 1392 θεώ
1641 1378 1653 1391 .

293 1435 349 1479 Β.
407 1426 563 1493 λάβω
609 1425 725 1494 κο’ρη
767 1445 842 1489 σοι
886 1426 979 1487 την
1014 1425 1362 1487 κοτυλίσκην;
1404 1433 1471 1479 A.
1512 1425 1767 1491 μηδαμῶς

408 1514 598 1583 μικράν
637 1535 734 1580 γε.
774 1525 992 1570 κινεῖται
1027 1513 1134 1582 γαρ
1175 1514 1321 1575 εὐθύς
1355 1534 1442 1580 μοι
1481 1514 1647 1581 χολή,

409 1602 468 1668 ἐξ
505 1601 661 1672 οὗπερ
701 1601 842 1657 ἔνι-ιον
877 1603 937 1656 ἐκ
975 1601 1220 1665 τοιαύτης
1260 1601 1571 1672 φάρμακον.

409 1692 482 1753 εἷς
517 1693 611 1755 την
650 1691 780 1758 ἐμὴν
820 1694 906 1746 νῦν
946 1689 1138 1758 ἔγχεον
1172 1692 1266 1755 την
1301 1690 1551 1758 μείζονα.
2156 1761 2158 1763 ·

106 1777 200 1835 uhi
239 1780 476 1852 primum
509 1778 769 1848 γλισχρόν
807 1799 875 1844 γε
912 1778 1281 1850 reponendum
1322 1785 1435 1833 est:
1476 1777 1632 1844 λάβω
1662 1777 1780 1846 κόρη
1807 1798 1882 1833 σοι
1910 1795 1938 1834 a
1979 1780 2104 1835 Mei-

102 1867 262 1923 nekio
301 1874 424 1935 est,
475 1867 651 1924 Codex
699 1866 975 1924 mendose:
1019 1887 1063 1921 ει
1115 1867 1270 1932 λαβω
1327 1886 1513 1935 κυρισοι
1540 1908 1554 1931 ,
1597 1867 1652 1920 in
1692 1883 1798 1938 qua
1832 1867 2103 1938 scriptura

101 1955 232 2027 quid
266 1956 431 2011 lateat
463 1956 728 2011 indicium
761 1954 936 2010 facere
970 1961 1146 2028 potest
1179 1955 1492 2026 Anaxippus
1529 1954 1722 2009 Athen.
1755 1955 1844 2009 XI.
1879 1958 2004 2009 486.
2037 1956 2100 2010 Ε.

97 2044 266 2109 μέληε
306 2043 435 2100 οὕτω
474 2044 724 2099 καλεῖταί
766 2064 885 2098 τινα
926 2044 1172 2111 ποτήρια,
1213 2040 1278 2096 ὧν
1319 2042 1627 2109 μνημονεύει
1676 2042 2002 2108 Ἀνάξιππος
2046 2045 2099 2098 ἐν

101 2132 288 2201 Φρέατι
324 2134 496 2200 λέγων
529 2130 687 2193 οὕτως
706 2147 723 2165 ·

401 2222 465 2276 σὺ
504 2221 557 2274 δὲ
593 2222 686 2283 την
724 2219 922 2286 μέλην,
963 2219 1219 2288 Συρίσκε,
1259 2218 1475 2282 ταυτηνὶ
1513 2219 1696 2285 λαβών

400 2308 610 2375 ἔνεγκον
650 2308 735 2363 ἐπὶ
776 2308 836 2363 τὸ
876 2309 1041 2373 μνῆμ’
1081 2307 1314 2373 ἐκείνης,
1353 2307 1667 2375 μανθάνειςς

397 2397 485 2451 καὶ
521 2396 820 2465 κατάχεον.

93 2481 236 2541 unde
273 2483 584 2540 Pherecrati
622 2483 981 2540 reddiderim:

392 2573 527 2639 λάβ’
549 2614 566 2635 ,
608 2570 644 2627 ὦ
681 2572 931 2641 Συρίσκε,
970 2573 1064 2636 την
1101 2574 1441 2637 κοτυλίσκην.

91 2668 209 2717 tum
255 2661 557 2727 Corianno,
597 2659 978 2726 meretricula,
1030 2678 1167 2733 quae
1215 2661 1425 2717 fabulae
1475 2678 1670 2717 nomen
1708 2660 1882 2717 dedit:
1924 2663 2090 2728 μηδα-

91 2754 202 2817 μῶς
240 2749 437 2819 μικράν
478 2770 581 2815 γε,
642 2750 854 2822 inquit,
908 2756 1126 2805 κινεῖται
1160 2750 1267 2819 γάρ
1325 2749 1470 2811 εὐθύς
1504 2770 1591 2816 μοι
1630 2752 1802 2818 χολη,
1840 2749 1900 2814 ἐξ
1933 2748 2087 2820 οὗπερ

88 2835 228 2893 ἔπιον
267 2838 327 2892 ἐκ
373 2838 618 2901 τοιαύτης
669 2837 970 2908 Φάρμακον.
1059 2838 1248 2911 Itaque
1287 2839 1381 2911 qui
1422 2838 1631 2894 dixerat
1673 2838 1825 2905 λάβ’,
1865 2836 1902 2894 ὦ
1939 2841 2084 2907 Συρί-

87 2946 208 2990 σκε,
249 2928 343 2991 τὴν
372 2929 708 2992 κοτυλίσκην,
748 2926 816 2983 ad
850 2926 1127 2982 servulum
1157 2927 1357 2982 iterum
1389 2944 1446 2983 se
1473 2933 1793 2982 convertens
1822 2927 1898 2982 ita
1925 2927 2081 2983 dicit:

391 3016 463 3077 εἷς
502 3018 596 3080 την
628 3016 758 3082 ἐμὴν
797 3019 883 3070 νῦν
923 3014 1113 3083 ἔγχεον
1145 3016 1240 3079 τὴν
1279 3015 1493 3084 μείζονα
1519 3058 1532 3072 .

33 3100 46 3108 ’
87 3102 192 3158 nisi
232 3102 374 3175 quod
412 3109 498 3159 νῦν
538 3103 835 3159 absurdum
873 3109 984 3159 est:
1029 3103 1128 3158 hoc
1171 3119 1384 3176 quoque
1420 3103 1625 3160 malum
1665 3109 1922 3159 accentus
1962 3119 2054 3158 eor

85 3197 268 3247 rectus
303 3191 516 3248 sanabit
547 3199 602 3247 et
642 3209 832 3247 verum
872 3193 1009 3248 erit:
1302 3194 1305 3196 ’

386 3282 459 3343 εἰς
491 3283 583 3346 την
622 3282 751 3346 ἐμήν
791 3301 874 3335 νυν
906 3280 1099 3349 ἔγχεον
1137 3282 1230 3345 τὴν
1260 3281 1491 3350 μείζονα.

83 3365 255 3435 Quam
282 3384 439 3442 saepe
473 3374 558 3425 νῦν
593 3374 647 3424 et
685 3390 769 3424 νυν
806 3370 861 3423 in
902 3369 1260 3443 Aristophane
1299 3377 1354 3426 et
1390 3370 1618 3427 caeteris
1650 3370 1880 3425 Comieis
1911 3368 2074 3423 etiam

85 3471 230 3511 nnnc
264 3457 404 3512 male
438 3463 744 3530 permutata
782 3458 892 3512 sint
932 3457 1065 3513 alias
1104 3457 1284 3514 dedita
1317 3476 1477 3532 opera
1512 3458 1906 3514 demonstrabO.

0 3614 2 3619 .
160 3542 276 3599 Atio
321 3545 477 3600 modo
529 3547 670 3619 apud
724 3546 1078 3602 Menandrum
1136 3547 1253 3602 heri
1298 3555 1351 3603 et
1405 3548 1604 3612 servuli
1658 3546 2072 3619 colloquentium

86 3630 246 3687 verba
279 3633 418 3690 male
456 3634 625 3692 divisa
659 3641 786 3692 sunt
827 3634 966 3707 apud
1006 3635 1199 3696 Athen.
1239 3636 1349 3693 XV.
1384 3639 1509 3691 691.
1548 3638 1605 3689 A.
