2436 4068
1321 210 1428 260 526

414 354 704 424 παίζομοιι,
765 356 902 419 alia,
957 354 1020 408 de
1080 353 1276 424 quibus
1343 369 1505 424 supra
1558 352 1832 407 diximus·
1903 356 2120 427 Repcrit
2174 358 2382 428 primus

418 444 658 498 omnium
700 460 879 497 veram
933 442 1259 512 scripturam
1300 441 1610 505 BekkeruS,
1663 443 1755 511 qui
1792 441 2052 496 intellexit
2093 445 2383 499 secundam

415 546 694 602 personam
750 528 1003 598 πράξαιτε
1057 546 1087 582 a
1125 535 1278 599 poeta
1332 527 1622 599 profectam
1676 544 1790 582 esse
1848 538 2066 599 repente
2116 532 2183 586 ad
2243 534 2384 604 ipsos

415 618 767 672 Athenienses
807 618 941 671 scite
994 616 1282 670 admodum
1341 618 1634 671 orationem
1694 623 2054 672 convertente.
2132 619 2240 674 Nae
2296 619 2383 673 ille

414 706 627 758 minimi
687 705 846 776 pretii
899 703 1258 758 homunculus
1305 703 1442 768 fuit,
1498 704 1591 775 qui
1643 702 1768 756 olim
1826 705 2040 758 tertiam
2102 723 2382 777 personam

412 793 616 863 requiri
658 799 852 863 putans
888 791 952 846 de
987 808 1084 845 suo
1125 790 1484 858 πράξαιντ’
1524 791 1721 855 οὶγοεθόν
1767 791 2047 845 substituit
2085 800 2139 847 et
2174 801 2382 848 tantum

413 895 519 933 non
558 896 741 934 omnes
775 897 870 951 per
907 886 984 934 tot
1024 879 1235 934 saecula
1270 879 1512 932 homines
1550 878 1731 932 doctos
1765 878 2070 935 ludificatus
2110 888 2207 935 cst.
2288 882 2389 936 Sed

416 967 483 1021 ad
542 967 873 1039 propositum
926 967 1117 1022 redeo:
1174 968 1219 1021 si
1272 968 1394 1038 quis
1443 967 1496 1019 in
1555 966 1930 1038 Aristophanis
1994 967 2275 1023 Codicibus
2336 978 2389 1024 et

417 1055 747 1127 reliquorum
799 1062 1078 1126 poetarum
1134 1054 1329 1110 viderit
1383 1070 1561 1108 crases
1614 1055 1810 1125 passim
1863 1055 2054 1109 resolvi
2095 1063 2148 1110 et
2203 1057 2388 1112 obscu-

413 1143 563 1207 rari,
615 1142 861 1198 elisiones
899 1143 1098 1215 negligi
1136 1151 1190 1198 et
1225 1149 1372 1198 certa
1418 1142 1596 1196 omnia
1636 1141 1860 1195 convelli
1900 1149 2072 1197 metro
2113 1144 2386 1215 iugulate,

416 1230 633 1286 Codices
673 1230 740 1284 ad
783 1248 953 1286 unum
988 1247 1174 1285 omnes
1214 1232 1269 1285 in
1318 1230 1514 1284 talibus
1569 1236 1911 1284 contemnere
1950 1230 2166 1285 audebit
2210 1239 2264 1286 et
2303 1250 2384 1287 re-

413 1335 610 1391 ponere
657 1318 856 1390 ubique
911 1318 1051 1390 quod
1105 1335 1233 1372 sana
1282 1319 1421 1372 ratio
1476 1325 1528 1372 et
1579 1317 1791 1372 dicendi
1846 1335 1976 1372 usus
2023 1319 2383 1390 postulabunt.

413 1407 474 1464 In
515 1407 751 1461 Platonis
810 1406 1092 1478 Symposio
1143 1423 1262 1478 pag.
1302 1410 1406 1461 199
1447 1406 1509 1460 Ε.
1554 1405 1818 1476 legimus:
1872 1402 1977 1474 ἆραι
2015 1407 2038 1459 ὁ
2078 1409 2249 1476 πατήρ
2308 1410 2383 1466 ε’ςι

415 1496 588 1563 πατήρ
627 1514 797 1557 τινοςς
839 1525 915 1536 -
952 1497 1124 1549 οὐκοῦν
1158 1494 1246 1549 καὶ
1282 1497 1310 1557 ἦ
1349 1495 1518 1562 μήτηρ
1557 1493 1833 1555 ὢσοιύτως;
1872 1526 1947 1534 -
1983 1495 2039 1548 τί
2075 1495 2194 1557 δαίς
2236 1497 2386 1551 οὶδελ-

413 1584 512 1652 φὸς
553 1583 682 1637 αὐτὸ
721 1587 872 1637 τοῦτο
908 1579 1028 1650 ὅπερ
1066 1582 1171 1639 ἕςὶν
1211 1581 1286 1639 ἔςι
1326 1581 1458 1642 τινὸς
1497 1581 1726 1650 ἀδελφὸς
1780 1583 1808 1646 ἢ
1855 1582 1949 1645 οὕς
1993 1584 2134 1637 satin
2175 1591 2384 1638 certum

413 1686 528 1725 csse
568 1679 728 1743 putas
763 1670 941 1724 crasin
977 1669 1314 1724 obscuratam
1358 1684 1473 1722 esse
1506 1669 1559 1721 in
1595 1670 1649 1723 τί
1686 1670 1774 1723 δαί
1793 1694 1809 1734 ;
1852 1671 2082 1739 ἁδελφός
2119 1703 2192 1714 --
2227 1679 2289 1726 ut
2330 1674 2384 1727 in

413 1760 436 1815 ὅ
472 1761 679 1827 πατήρ,
722 1761 750 1822 ἡ
790 1758 1001 1825 {miv-up?
1063 1759 1122 1812 ln
1159 1757 1343 1812 eodem
1386 1756 1630 1829 SympOS.
1671 1774 1722 1828 p.
1755 1761 1862 1813 ⁶220
1903 1759 1958 1812 C.
2011 1776 2105 1830 pro
2144 1758 2386 1827 ἄνθρωποι

413 1847 684 1920 ᾐσθάνοντο
719 1846 873 1902 facile
913 1845 1246 1918 intelligetur
1277 1842 1520 1911 ἅνθρωποι
1554 1842 1741 1898 v'erum
1778 1862 1892 1900 esse
1922 1854 1976 1900 et
2008 1847 2191 1901 eodem
2229 1847 2386 1902 modo

412 1936 469 1988 in
512 1934 798 1990 Hellenicis
851 1933 1028 1988 tribus
1078 1933 1209 1987 locis
1258 1930 1501 2001 ἅνθρωποι
1540 1932 1944 1987 rescribendum
1992 1941 2073 1988 est
2111 1935 2201 1989 ubi
2244 1953 2388 1991 nunc

411 2022 551 2078 male
602 2022 802 2094 legitur
852 2022 1133 2091 ἄνθρωποι,
1194 2021 1258 2075 ΙΙ.
1302 2038 1375 2073 ιιι.
1420 2022 1490 2074 29
1532 2026 1585 2074 et
1626 2020 1714 2074 lV.
1757 2039 1789 2074 1.
1834 2025 1903 2076 54
1953 2029 2006 2076 et
2055 2022 2141 2077 VI.
2180 2041 2254 2078 111.
2297 2029 2382 2079 10.

408 2110 763 2166 Restituenda
802 2111 930 2165 item
965 2111 1132 2165 crasis
1164 2116 1243 2164 est
1278 2108 1318 2162 Ι.
1362 2125 1409 2160 v.
1451 2111 1499 2162 7.
1543 2108 1596 2161 in
1636 2110 2092 2178 προύφειλόμενονε
2136 2111 2383 2166 dicebant

410 2200 552 2253 enim
597 2199 764 2253 Attici
797 2199 1091 2267 προύφείλω
1133 2203 1186 2251 et
1231 2196 1580 2264 προώφειλον,
1634 2198 2005 2265 προύφείλετοιι
2047 2205 2099 2253 et
2138 2203 2384 2269 προωφεί-

406 2301 556 2352 λετο,
598 2288 780 2358 itaque
809 2285 1243 2355 προύφειλόμενον
1280 2283 1575 2352 genuinum
1613 2289 1711 2337 est.
1773 2284 1904 2350 Quis
1935 2284 2203 2341 dubitabit
2237 2289 2380 2342 Thu·

407 2374 590 2448 cydidi
640 2374 865 2430 reddere
906 2373 946 2427 I.
991 2376 1078 2427 52.
1131 2372 1426 2440 εὐεργεσίας
1466 2370 1712 2436 μεγάλης
1758 2374 2193 2442 προύφειλομένης
2237 2375 2381 2449 (libri

409 2479 594 2517 omnes
634 2461 925 2534 προοφειλ.)
969 2478 1134 2532 quum
1177 2459 1373 2514 viderit
1412 2458 1658 2513 librarios
1696 2459 1748 2512 in
1788 2461 2159 2533 Aristophanis
2198 2463 2384 2536 Vespis

406 2568 616 2623 quoque
655 2568 732 2606 vs,
772 2554 823 2605 5.
866 2551 1193 2619 προύφείλεις
1234 2549 1288 2601 in
1323 2545 1632 2615 προῦφειλες
1672 2546 1953 2602 barbaram
1992 2548 2220 2604 formam
2261 2568 2381 2606 con-

406 2640 669 2704 vertisse,
724 2637 849 2692 alibi
905 2639 1259 2707 προσοφείλειν
1309 2634 1545 2689 scribere
1583 2642 1637 2689 et
1685 2634 1788 2690 alia
1828 2653 2050 2708 peccare
2103 2639 2160 2691 in
2212 2637 2381 2693 forma

407 2727 510 2784 sibi
563 2726 716 2799 plane
773 2726 1064 2797 incognita.
1150 2722 1530 2795 Imperfectum
1586 2729 1640 2777 et
1691 2722 1816 2777 alibi
1874 2724 2072 2796 legitur
2126 2733 2178 2779 ct
2237 2726 2379 2797 apud

406 2814 789 2886 Antiphontem
856 2811 1002 2868 Orat.
1043 2813 1107 2867 V.
1165 2811 1205 2886 ἓ
1247 2816 1338 2866 61.
1393 2811 1534 2879 εἴπερ
1596 2813 1941 2880 προωφείλετο
2009 2814 2148 2881 αὐτῷ
2203 2815 2376 2868 κοικόν.

406 2902 606 2957 Eadem
650 2918 809 2972 opera
860 2900 1163 2974 Thucydidi
1198 2899 1361 2955 redde
1400 2900 1441 2954 Ι.
1485 2905 1568 2954 15.
1624 2902 1667 2955 οἱ
1707 2899 2017 2967 προῦχοντες
2067 2900 2157 2953 ubi
2197 2901 2377 2972 vulga-

406 2996 500 3045 tur
538 2992 581 3044 οἱ
620 2989 952 3057 προσχόντες.

482 3077 544 3131 In
585 3075 785 3130 Hellen,
821 3077 860 3130 Ι.
902 3095 957 3130 ιι.
1001 3080 1089 3132 26.
1147 3075 1361 3131 videtur
1389 3075 1619 3130 indoctis
1654 3074 1891 3128 librariis
1930 3075 2109 3129 deberi
2149 3076 2376 3147 scriptu-

405 3179 469 3220 ra
508 3163 744 3228 δόξαντος
784 3166 963 3220 τούτου
986 3207 999 3229 ,
1040 3165 1134 3236 qui
1167 3164 1406 3218 Atticum
1456 3163 1667 3218 dicendi
1704 3179 1874 3232 genus
1913 3163 1966 3215 in
2001 3161 2152 3226 δόξαν
2192 3169 2374 3229 τοῦτο,

401 3251 627 3316 δόξαντα
667 3256 878 3316 τοοῦτοο,
917 3252 1251 3317 δεδογμένον,
1309 3252 1608 3314 συνδοκοῦν,
1660 3249 1869 3320 aliaque
1921 3250 2260 3315 istiusmodi,
2313 3259 2374 3304 ut

403 3341 687 3408 εἰρημένον,
739 3339 1028 3411 depravare
1068 3338 1239 3394 solent
1279 3340 1355 3393 sic
1395 3347 1456 3392 ut
1503 3356 1599 3410 pro
1638 3338 1960 3392 accusativis
2001 3356 2132 3409 quos
2172 3340 2373 3392 miran-

402 3435 496 3483 tur
535 3427 864 3483 substituant
904 3428 1183 3499 genitivoS.
1262 3427 1447 3498 Itaque
1482 3425 1634 3489 δόξαν
1668 3429 1817 3479 τοῦτο
1851 3426 2213 3497 reponendum
2257 3444 2371 3481 esse

400 3533 593 3571 censeo
647 3516 938 3587 eodemque
995 3514 1150 3570 modo
1190 3514 1569 3586 interpolatum
1625 3530 1740 3568 esse
1788 3515 2031 3585 suspicor
2066 3515 2105 3568 Ι.
2148 3532 2235 3568 vn.
2280 3519 2368 3568 50.

397 3602 648 3670 δοξάντων
686 3605 876 3662 τούτων
916 3621 1010 3676 pro
1061 3602 1212 3668 δόξαν
1265 3606 1412 3658 τοῦτο
1468 3609 1521 3657 et
1563 3603 1625 3655 V.
1669 3620 1721 3657 11.
1767 3604 1854 3656 24.
1904 3601 2153 3667 δοξάντων
2193 3603 2244 3657 δὲ
2285 3603 2372 3658 κόιὶ
