2436 4068
1305 190 1410 242 786

377 339 698 410 scriptorum
761 334 1080 389 testimoniis
1137 350 1239 387 non
1295 334 1553 405 indigent.
1634 334 1694 387 In
1751 333 1835 388 his
1888 335 2010 389 solis
2068 337 2233 405 igitur
2271 359 2339 383 -τ

372 428 510 490 δύω,
553 459 627 466 —-—
659 426 819 489 δύοιμι
846 465 858 484 ,
899 456 971 465 -—
1006 422 1134 484 δύω,
1179 444 1264 491 ης,
1314 445 1372 493 ῃ,
1420 423 1708 493 praesentis
1764 425 2018 493 temporis
2069 440 2183 479 esse
2230 442 2345 497 pos·

374 522 534 578 sunt,
595 520 647 567 et
686 511 958 576 οὶποδύοιμι
1004 514 1087 583 (ut
1133 510 1231 564 hoc
1273 509 1416 583 utar)
1461 516 1553 563 aut
1595 528 1840 581 praesens
1880 518 1960 564 est
2012 511 2156 565 verbi
2199 519 2343 569 tran·
2378 534 2394 587 „⁷

374 603 519 656 sitivi
557 600 793 663 οὶποδύω,
838 606 932 653 aut
971 599 1193 652 acrisius
1234 597 1381 652 verbi
1434 597 1595 652 medii
1632 599 1953 665 οΞποδύομαι,
1994 600 2202 655 οὲπέδυν.
2283 603 2342 658 In
2392 656 2394 667 ³

374 690 457 742 his
500 688 624 742 solis
663 720 739 727 ——
771 688 903 742 δύειν
945 691 996 740 et
1033 718 1109 724 -—
1146 686 1271 739 δύων
1313 693 1366 740 et
1403 720 1475 730 -
1509 686 1646 740 έδυον
1683 688 1912 742 usitatae
1958 687 2159 741 formae
2201 697 2342 744 sunt.

375 775 615 849 Thucyd.
656 775 724 831 II.
771 779 869 829 91·
909 777 937 837 ἦ
977 775 1192 835 Ἀττικὴ
1233 777 1356 834 ναῦς
1390 782 1454 843 τῆ
1504 774 1813 847 [Λευκαδία]
1861 777 2100 843 διωκούσῃ
2139 773 2395 842 ἐμβοέλ

370 880 449 919 λει
488 865 620 933 μέση
661 884 747 918 και
803 862 1174 926 καταδύει,
1229 861 1319 915 ubi
1371 862 1542 916 obiter
1582 879 1827 934 expunge
1865 865 2167 933 Λευκαδία,
2209 866 2381 935 quod
2379 827 2436 921 i

371 954 527 1025 plane
567 951 759 1005 inutile
795 959 877 1006 est
913 957 965 1005 et
1007 951 1265 1005 Graecam
1309 951 1745 1022 compositionem
1785 951 1956 1006 vitiat.
2037 951 2374 1008 Demosthe·

371 1059 466 1096 nes
523 1057 644 1112 pag.
686 1044 826 1103 763,
885 1043 989 1093 26:
1047 1042 1100 1093 οὐ
1142 1040 1246 1106 γὰρ
1299 1035 1396 1100 οἶός
1436 1042 1484 1093 τ’
1525 1038 1599 1101 εἴη
1660 1037 1866 1099 πάντας
1933 1041 2234 1105 ἐκδύειν,
2293 1032 2422 1097 (st-⁹3

369 1147 524 1201 saepe
560 1127 699 1200 apud
749 1127 895 1182 alios.
976 1126 1357 1196 Imperfectum
1413 1128 1577 1181 ἐνέδυε
1619 1127 1851 1198 pessime
1891 1128 1944 1180 in
1985 1130 2120 1182 ἐνέδυ
2162 1113 2430 1201 slepi-az?

368 1225 550 1272 vatum
594 1223 674 1270 est
714 1215 854 1287 apud
913 1215 1252 1270 Gharitonem
1290 1215 1351 1269 V.
1395 1220 1444 1270 5.
1487 1231 1607 1286 pag.
1651 1219 1796 1277 467,
1841 1220 1928 1269 41.
1989 1217 2198 1271 Hirsch.
2257 1218 2419 1273 καὶ

371 1308 518 1360 ταῦθ’
557 1303 676 1370 ἅμα
731 1304 962 1369 λέγουσα
1012 1304 1198 1358 ἐνέδυ
1250 1303 1336 1358 καὶ
1391 1304 1598 1370 ἐκόσμει
1650 1306 1742 1366 τὴν
1790 1305 2121 1372 Καλλιρρόην.
2204 1305 2345 1360 Satis

370 1402 451 1450 est
485 1394 791 1465 apposuisse
824 1393 1159 1446 simillimum
1190 1393 1366 1446 locum
1408 1391 1774 1463 Xenophontis
1820 1392 2007 1465 Cyrop.
2043 1393 2129 1447 VI.
2172 1411 2239 1447 ιν.
2284 1397 2350 1451 δὲ
2376 1395 2416 1465 ”“;

369 1487 544 1538 ταῦτα
584 1483 635 1535 δὲ
670 1481 903 1546 λέγουσαι
942 1479 1062 1546 ἅμα
1102 1481 1328 1534 ἐνέδυε
1367 1481 1438 1534 τοὶ
1479 1478 1638 1534 ὅπλα.
1718 1481 1998 1534 Praeterea
2053 1476 2416 1548 notandum

370 1579 448 1627 est
490 1571 542 1622 in
577 1569 660 1623 his
703 1575 935 1639 quatuor
974 1567 1150 1623 verbis
1206 1567 1501 1640 perfectum
1545 1567 1747 1623 formae
1803 1569 2008 1622 activae
2049 1577 2102 1622 et
2141 1560 2378 1624 mediae'l
2406 1552 2421 1629 ³,

370 1659 582 1714 eandem
615 1657 841 1711 formam
884 1656 1096 1711 habere.
1174 1657 1494 1711 Ἀποδέδυκα
1533 1664 1584 1710 et
1623 1658 1820 1711 aoristo
1853 1657 2091 1710 οὶπέδυσα
2127 1646 2411 1728 respon-⁵

370 1749 459 1803 det
492 1755 545 1802 et
582 1746 883 1816 significat:
925 1745 1090 1799 alium
1127 1753 1264 1799 veste
1303 1746 1549 1816 spoliavi,
1589 1750 1640 1799 et
1677 1747 1874 1799 aoristo
1909 1745 2099 1799 οέπέδυν
2142 1751 2200 1798 ut
2244 1730 2382 1800 sits
2420 1734 2421 1737 ¹

369 1839 482 1908 ipse
519 1843 709 1888 vestem
742 1835 881 1888 eoeui.
942 1833 1092 1887 Illius
1133 1833 1567 1903 significationiS,
1609 1834 1734 1905 quia
1775 1832 2062 1887 admodum
2101 1849 2222 1887 rara
2262 1849 2344 1888 oc-‘
2368 1863 2375 1881 ,-

369 1924 566 1987 currit,
623 1929 813 1976 testem
867 1921 1100 1992 produco
1153 1921 1554 1993 Xenophontem
1612 1922 1664 1974 in
1721 1921 1952 1974 Anahasi
1990 1921 2051 1975 V.
2087 1938 2196 1974 vm.
2239 1924 2344 1976 25:

362 2016 680 2080 Κοτυωριτῶν
714 2011 934 2070 πολλοὺς
976 2009 1065 2071 ἤδη
1106 2010 1553 2064 ἀποδέδυκεν.
1615 2009 1795 2064 Solent
1829 2010 1935 2062 tria
1972 2008 2176 2080 reliqua
2211 2008 2338 2063 ἐνδέ-

366 2105 526 2162 δυκα,
571 2099 815 2152 ἕκδέδυκα
849 2104 898 2151 et
940 2099 1268 2152 καταδέδυκα
1308 2097 1498 2152 referri
1536 2097 1601 2152 ad
1637 2097 1833 2151 formas
1870 2097 2072 2152 medias
2109 2098 2423 2163 ε’νδύομαιᾈ·’4

365 2192 522 2245 induo
576 2195 797 2250 vestem,
837 2186 1079 2251 ἐκδύομαι
1110 2205 1245 2257 pono
1279 2194 1504 2251 vestem,
1545 2186 1872 2252 καταδύομαι
1906 2187 2112 2256 penitus
2157 2187 2211 2240 in
2247 2187 2424 2249 alia

367 2297 518 2352 quem
550 2278 716 2330 locum
747 2275 876 2328 abdo
897 2292 1010 2338 me,
1052 2274 1141 2328 sed
1177 2274 1310 2327 nihil
1344 2274 1666 2345 impediebat
1697 2274 1925 2328 Graecos
1946 2275 2232 2344 quominus
2254 2275 2343 2329 iis·
2363 2270 2423 2342 ῑ;’.ἒ

366 2369 486 2423 dem
520 2364 769 2438 peisectis
804 2363 978 2417 activa
1013 2363 1402 2433 significatione
1440 2370 1747 2427 uterentur,
1790 2369 1849 2416 ut
1872 2363 2083 2415 aoristis
2104 2362 2385 2432 ἐνέδυσα,

368 2456 583 2521 ἐξέδυσα
613 2460 667 2507 et
700 2451 978 2506 κατέδυσα.
1062 2450 1231 2505 Simul
1265 2450 1588 2521 inteliigitur
1623 2450 1751 2521 quid
1787 2451 2003 2504 intersit
2036 2451 2178 2504 inter
2206 2451 2343 2511 ἐνδύς
2367 2396 2416 2542 Ξ

366 2552 419 2601 et
465 2541 711 2605 ένδυθείς,
767 2541 1030 2600 ἐνδεδυκώς
1086 2547 1138 2594 et
1190 2539 1523 2604 ἐνδεδυμένος.
1605 2539 1707 2606 Qui
1752 2556 1863 2608 ipse
1906 2545 2147 2600 vestem,
2191 2536 2419 2624 orna-r}=

370 2642 483 2687 tum
510 2674 523 2696 ‚
585 2646 734 2683 arma
772 2628 943 2681 induit
1000 2627 1202 2681 dicitur
1241 2628 1505 2688 ἐνδεδυκὼς
1543 2648 1634 2690 την
1687 2628 1875 2688 ἐσθῆτα
1899 2668 1913 2690 ,
1971 2647 2061 2688 την
2123 2627 2333 2689 σκευήν
2327 2668 2342 2691 ,

366 2724 448 2775 τὸν
491 2720 689 2786 θώρακα
742 2718 862 2771 sim.
944 2715 1043 2782 Qui
1086 2717 1150 2770 ab
1201 2716 1305 2770 alio
1345 2717 1560 2770 vescitur
1600 2724 1691 2769 aut
1737 2715 1979 2768 amicitur
2018 2715 2336 2780 ἐνδεδυμένος
2375 2723 2377 2726 “
2415 2728 2418 2734 ’

369 2810 584 2863 dicitur.
667 2805 754 2859 Sic
806 2804 1077 2858 Socratem
1122 2805 1335 2858 finxisse
1381 2804 1445 2858 de
1501 2820 1767 2858 marmore
1820 2811 2041 2857 narrant
2081 2805 2337 2869 ἐνδεδυμέ·
2385 2831 2388 2834 >

367 2919 457 2958 νας
499 2897 596 2955 τοὶς
649 2892 892 2959 Χάριτας.
935 2893 1199 2947 substitue
1253 2893 1567 2953 ἐνδεδυκυίας
1610 2899 1662 2946 et
1710 2885 1940 2946 ridicula
1995 2893 2164 2945 oratio
2217 2886 2339 2946 eritss
2424 2903 2430 2966 f

369 2985 618 3057 Apertior
669 2980 832 3034 etiam
874 2997 935 3033 ea
986 2997 1072 3034 res
1113 2987 1195 3035 est
1238 2982 1290 3034 in
1341 2983 1589 3035 οέποδῦναι
1642 2987 1695 3034 et
1745 2981 2080 3043 ἀποδυθῆναι,
2139 2981 2338 3034 ἐκδῦναι
2423 3040 2430 3053 ,ἶ

369 3083 424 3128 et
462 3071 740 3132 ἐκδυθῆναι.
823 3067 983 3121 Recte
1022 3069 1190 3138 igitur
1226 3070 1290 3123 de
1327 3070 1670 3125 meretricula
1705 3069 1838 3122 dixit
1877 3067 2072 3121 alicubi
2109 3068 2339 3122 Aristae-

372 3169 566 3216 uetus:
609 3156 992 3222 ἐνδεδυμένη
1044 3157 1137 3220 μὲν
1181 3158 1611 3224 εὐπροσωποτάτη
1655 3158 1790 3217 ἐςίν,
1849 3156 2101 3208 ἐκδῦσα
2153 3157 2204 3210 δὲ
2247 3153 2334 3218 ὅλη
2402 3159 2436 3188 ·”·

370 3250 630 3318 πρόσωπον
687 3246 972 3314 φαίνεται,
1035 3243 1166 3296 illud
1217 3246 1359 3298 enim
1419 3245 1661 3299 servulae
1719 3245 2014 3297 ornatrices
2069 3243 2336 3308 fecerant,

370 3339 470 3392 hoc
506 3337 620 3406 ipsa
653 3333 796 3387 fecit.
878 3331 1153 3386 Substitue
1189 3334 1459 3403 passivum
1501 3334 1764 3386 ἐκδυθεῖσα
1807 3338 1858 3385 et
1909 3323 2091 3385 coacta
2131 3347 2192 3385 ac
2228 3332 2334 3384 vim

369 3442 525 3499 passa
567 3423 703 3477 idem
746 3420 934 3475 secisse
969 3419 1192 3473 dicetur
1276 3419 1363 3474 Sic
1402 3420 1772 3492 accipiendum
1808 3426 2015 3474 σκοπεῖν
2057 3441 2172 3474 τινα
2212 3421 2336 3473 απο-

372 3516 526 3570 δύντα
579 3512 668 3566 ubi
722 3518 909 3564 vestem
960 3498 1143 3580 sponte
1191 3509 1424 3579 posuerit
1477 3510 1529 3564 in
1574 3509 1832 3582 palaestia
1877 3516 1966 3563 aut
2028 3510 2081 3562 in
2137 3508 2334 3563 balneo.
