2436 4068
1019 274 1121 325 187

68 437 136 494 pe
170 419 224 473 in
263 413 559 487 Tragoedia
595 414 796 487 legitur
824 416 967 472 κάτω
1007 422 1139 482 γῆς,
1178 415 1321 470 κάτω
1360 417 1540 484 χθονὸς
1572 417 1894 487 κεκρύφθαι,
1937 421 2052 476 κεύ·

68 509 196 571 θειν,
234 502 522 559 κεκευθέναι
548 544 561 567 ,
620 502 762 574 quod
806 503 1027 576 perinde
1067 511 1148 560 est
1196 510 1357 576 alque
1406 506 1459 559 ἐν
1497 503 1620 575 ᾅδου
1661 507 1950 564 κεκευθέναι
1994 507 2049 564 in

69 592 309 668 Sophocl.
349 592 618 662 Antigone
648 596 773 647 911.

368 682 558 746 μητρὸς
598 680 642 733 δ’
680 682 732 733 ἐν
771 678 896 748 ᾄδου
936 679 1024 733 καὶ
1066 680 1263 747 πατρὸς
1302 679 1612 736 κεκευθότοιν

366 771 458 822 οὐκ
497 766 574 824 ἔτ’
614 767 846 835 ἀδελφὸς
885 764 989 827 ὅςις
1029 767 1095 821 ἂν
1132 765 1326 833 βλάςοι
1368 769 1495 824 ποτέ
1516 809 1532 830 .

69 855 211 913 nnde
254 861 432 923 νεκρῶν
484 856 750 919 κευθμῶνα
804 852 1003 908 Orcum
1061 854 1346 925 appellant.
1427 855 1569 910 Haec
1625 857 1806 915 omnia
1852 864 2051 913 ¹ornate

66 951 121 1000 et
167 941 444 1015 splendide
488 940 748 997 dicuntur
795 958 892 1014 pro
930 942 1254 1005 τεθνηκέναι,
1295 942 1409 996 sive
1466 943 1548 1016 (ut
1601 943 1823 1001 Veteres
1862 944 2050 999 Critici

66 1029 442 1103 loquebantur)
492 1029 816 1099 καταςρέφει
857 1032 930 1090 εἰς
968 1031 1027 1084 τὸ
1065 1029 1472 1092 τεθνηκέναι.
1551 1030 1747 1086 Labem
1782 1032 2053 1087 contraxit

65 1118 198 1177 illud
233 1115 449 1174 dicendi
484 1133 656 1188 genus
696 1118 751 1172 in
791 1117 1068 1190 Sophoclis
1114 1116 1300 1189 Oedip.
1343 1117 1596 1190 Tyranno
1641 1136 1718 1173 vs.
1756 1123 1887 1177 968.

72 1217 97 1249 Γ
366 1212 562 1260 κτενεῖν
602 1205 824 1271 ἔμελλον
865 1206 1070 1273 πατέρα
1106 1207 1197 1260 τὸν
1236 1204 1357 1271 ἐμόν
1380 1247 1396 1267 ,
1440 1206 1463 1260 o‘
1497 1206 1551 1260 δὲ
1591 1207 1747 1262 θανών

367 1293 531 1348 κεύθει
571 1293 715 1349 κάει-ω
756 1295 815 1357 δὴ
854 1301 974 1359 γῆς.

62 1381 348 1442 molestum
389 1387 444 1436 et
477 1381 848 1453 importunum
884 1382 943 1445 δή
984 1380 1109 1435 libri
1146 1381 1335 1452 scripti
1382 1381 1672 1436 omittunt:
1715 1382 1926 1453 corrige
1960 1382 2053 1438 κά·

64 1477 136 1527 ’τω
174 1469 378 1526 κέκευθε
416 1475 518 1534 γῆς
545 1511 558 1533 ,
602 1468 743 1540 quod
785 1469 1096 1541 planissime
1138 1468 1192 1522 id
1227 1470 1403 1540 ipsum
1450 1476 1569 1535 est,
1615 1469 1756 1541 quod
1791 1471 1845 1523 in
1895 1470 2054 1526 Euri·

0 1548 8 1555 ⁴
62 1557 185 1633 pide
227 1556 545 1628 ,reponimus
587 1564 690 1622 γῆς
739 1555 883 1611 κάτω
937 1556 1238 1623 κέκρυπται.
1322 1557 1604 1612 Praeterea
1656 1556 1849 1619 άσυλος
1885 1556 1916 1622 ἦ
1950 1557 2052 1623 γά·
2151 1561 2153 1563 ’

60 1667 171 1715 μων
225 1642 594 1700 scribendum:
646 1650 856 1700 constat
909 1644 1053 1700 enim
1110 1644 1367 1714 Tragicos
1419 1646 1497 1700 sic
1535 1644 1771 1701 scribere
1830 1646 2050 1712 solitoS‚

60 1740 270 1791 constat
322 1732 569 1787 librarios
622 1749 718 1803 pro
762 1729 794 1794 ἦ
839 1732 1188 1804 pertinaciter
1232 1730 1289 1794 ἦν
1326 1733 1623 1788 rescribere
1671 1734 1835 1789 etiam
1884 1735 1938 1789 in
1982 1736 2050 1790 iis

60 1821 235 1886 locoS,
290 1820 487 1893 quibus
550 1819 695 1875 docti
758 1820 1110 1879 Grammatici
1165 1826 1399 1874 utuntur
1447 1821 1515 1876 ad
1567 1820 2049 1878 demonstrandum

60 1909 281 1968 Veteres
320 1909 527 1964 Atticos
564 1925 668 1963 non
716 1905 774 1969 ἦν
823 1907 1003 1963 dicere
1046 1906 1139 1963 sed
1186 1904 1233 1969 ἦ.
1315 1909 1574 1963 Perdocta
1626 1915 1707 1964 est
1764 1910 2049 1984 Porphyrii

59 1998 130 2055 de
177 2014 240 2053 ea
283 2014 344 2051 re
389 1998 666 2051 annotatio
713 1998 766 2050 in
819 1995 944 2050 Cod.
998 1994 1130 2049 Ven.
1169 1995 1226 2048 B.
1284 1995 1350 2051 ad
1401 1996 1550 2050 Iliad.
1601 2004 1656 2054 Ξ.
1693 2002 1818 2053 555.
1874 2005 1928 2053 et
1980 1998 2048 2054 ad

60 2085 253 2161 odyss,
291 2094 360 2141 Θ.
399 2087 535 2147 186,
578 2083 669 2138 ubi
707 2084 989 2138 verissime
1018 2082 1206 2139 docet:
1247 2085 1305 2138 τὸ
1349 2081 1415 2146 ἦν
1456 2083 1763 2154 ἐπιπολάζει
1806 2090 1906 2141 νῦν.
1947 2092 2047 2142 τῶν

58 2174 113 2232 δὲ
151 2177 403 2228 Ἀττικῶν
438 2174 481 2227 οἱ
521 2172 618 2236 μὲν
655 2173 868 2239 άρχαῖοι
908 2170 1353 2238 μονογράμματον
1394 2173 1524 2227 αὐτὸ
1575 2173 1907 2243 προεφέροντο
1934 2216 1948 2239 ,
1992 2181 2046 2229 et

58 2269 178 2338 post
212 2276 383 2334 pauca
424 2260 484 2314 τὸ
530 2259 926 2325 μονοσύλλαβον
962 2290 1037 2300 -
1068 2264 1168 2315 τῶν
1207 2262 1460 2314 Ἀττικῶν
1500 2258 1575 2317 ἔςι
1617 2261 1762 2328 παρὰ
1815 2263 2044 2332 Κρατίνῳ

57 2352 111 2408 δν
140 2349 335 2418 Πυτίνῃ
356 2366 368 2379 ·

58 2469 69 2475 ·
356 2436 488 2502 γυνη
527 2434 571 2489 δ’
611 2434 800 2490 ἐκείνου
842 2433 1077 2502 πρότερον
1115 2433 1178 2498 ἦ,
1220 2438 1306 2489 νῦν
1343 2436 1388 2490 δ’
1429 2434 1617 2491 οὐκέτι.

58 2526 147 2584 καὶ
179 2523 325 2593 παρὰ
365 2528 634 2593 Σοφοκλεῖ
665 2524 717 2578 ἐν
755 2531 821 2593 τῇ
859 2522 1059 2593 Νιόβη·

358 2610 389 2674 ἦ
421 2612 527 2680 γάρ
568 2611 701 2680 φίλη
742 2611 837 2677 ’γὼ
879 2611 1034 2665 τῶνδε
1075 2614 1164 2665 τοῦ
1203 2601 1558 2681 προφερτέρου.

57 2702 145 2758 καὶ
185 2702 238 2755 ἐν
278 2700 509 2756 Οἰδίποδι
552 2698 794 2767 Τυράννῳ
838 2698 937 2772 (vs.
981 2697 1164 2771 1123).

357 2784 389 2849 ἦ
426 2787 600 2848 δοῦλος
636 2789 728 2841 οὐκ
768 2787 954 2847 ὠνητὸς
992 2787 1120 2840 ἀλλ’
1160 2786 1280 2842 οἴκοι
1318 2788 1558 2856 τραφείς.

21 2828 145 2936 ’.ἰαὶ
185 2876 331 2945 παρὰ
366 2874 610 2931 Πλάτωνι
646 2876 717 2942 τῷ
763 2874 1038 2943 φιλοσόφῳ
1080 2873 1166 2948 (dc
1206 2875 1334 2946 Rep.
1370 2875 1412 2929 Ι.
1457 2891 1506 2946 p.
1544 2877 1654 2930 528
1692 2875 1802 2950 C.)·
1862 2881 1905 2934 εἰ
1947 2880 2043 2945 μὲν

0 2965 163 3038 &qap
201 2966 304 3030 ἐγὼ
339 2963 416 3018 ἔτι
452 2964 502 3016 ἐν
536 2961 749 3029 δυνάμει
789 2961 820 3026 ἦ
851 2965 941 3016 τοῦ
977 2963 1154 3032 ῥᾳδίως
1199 2962 1518 3035 (πορεύεο-θαι
1556 2965 1627 3025 εἰς
1668 2965 1726 3020 τὸ
1759 2963 1903 3039 άςυ).
1988 2966 2045 3021 Si

29 3048 150 3131 {gitis
178 3051 309 3107 locis
346 3050 596 3106 omnibus
631 3051 684 3105 in
723 3048 973 3105 omnibus
1002 3049 1156 3106 libris
1196 3051 1461 3123 scriptum
1484 3068 1600 3107 esse
1627 3052 1832 3109 videbis
1869 3054 2045 3122 πρότε-

47 3157 137 3209 ρον
169 3135 261 3205 ἦν,
302 3138 357 3204 ἦν
390 3139 527 3206 γάρ,
567 3136 624 3200 ἦν
657 3139 830 3199 δοῦλος
870 3144 925 3193 et
962 3139 1015 3192 ἐν
1052 3138 1266 3204 δυνάμει
1298 3137 1358 3203 ἦν
1399 3155 1503 3195 non
1539 3140 1789 3212 putabiS,
1822 3142 2044 3213 opinor,

58 3225 285 3284 istorum
322 3226 464 3282 sutili
499 3227 823 3283 anctoritate
853 3242 970 3281 esse
1009 3243 1174 3298 opus,
1220 3233 1279 3282 nt
1322 3227 1376 3280 in
1415 3227 1639 3298 antiqua
1679 3228 1899 3284 Atthide
1930 3229 2043 3284 ubi-

60 3329 165 3388 qne
200 3315 232 3381 ἦ
277 3333 374 3389 pro
413 3315 469 3380 ἦν
521 3322 647 3370 ante
695 3319 1077 3370 consonantem
1126 3322 1434 3387 reponatur.
1516 3315 1813 3372 Lenissima
1861 3317 2044 3388 impri-

60 3403 165 3460 mis
195 3412 277 3460 est
310 3404 609 3467 medicina,
650 3420 756 3475 qua
796 3418 982 3457 versus
1018 3401 1343 3475 Sophoclcus
1388 3404 1439 3457 in
1479 3404 1783 3460 Trachiniis
1814 3409 1920 3459 564
1964 3419 2043 3459 sa·

60 3492 177 3548 nari
218 3492 434 3549 debeat:

430 3579 596 3646 Φέρων
637 3578 719 3632 ἐπ’
755 3579 903 3644 ὤμοις
946 3580 1072 3642 ἡνίκ’
1109 3578 1163 3643 ἦν
1204 3581 1343 3648 μέσῳ
1382 3580 1512 3650 πόρῳ

438 3667 596 3734 ψαύει
639 3668 896 3732 ματαίαις
933 3668 1125 3735 χερσίν.
