2436 4068
1326 203 1353 251 te>

1363 202 1391 252 ΚΘ

1399 203 1430 252 Φ

1501 344 1673 406 ἄλλως
1713 347 1816 413 γαρ
1857 348 1920 401 ἄν

716 434 919 502 ἄμαχοι
960 439 1203 497 γυναῖκες
1245 433 1331 486 καὶ
1372 434 1552 500 μιαραὶ
1595 436 1868 498 κεκλῄμεθ’
1907 434 1988 488 ἄν.

418 527 506 583 ubi
554 524 854 579 Brunckius
893 521 1090 591 optime
1127 521 1424 594 optativum
1473 522 1740 574 revocavit
1778 523 2052 588 κεκλῄμεθ’
2091 521 2170 576 ἄν.
2250 523 2384 578 Feli·

412 615 630 671 cissimo
664 610 909 665 acumine
942 609 1216 662 Davvesius
1257 609 1311 661 in
1342 607 1556 662 Misceli.
1599 607 1726 662 Crit.
1770 625 1886 679 pag.
1915 613 2020 663 558
2061 610 2126 663 ab
2160 612 2385 666 interitu

415 700 643 756 servavit
681 697 975 769 optativum
1015 698 1325 765 ἐμπλῄμην,
1368 698 1605 764 ε’μπλῇο,
1661 697 1935 764 ε’μπλῇτο,
1981 714 2136 768 quem
2178 699 2385 754 scribae

414 788 657 843 funditus
709 784 1067 848 sustulerant,
1120 786 1245 856 quia
1292 785 1583 848 ἐνεπλήμην
1631 783 1759 854 quid
1799 791 1936 838 esset
1987 780 2142 856 plane
2186 789 2383 842 nescie-

411 878 576 936 bant,
617 889 776 944 quam
811 873 1002 926 Atticis
1046 873 1311 943 propriam
1365 870 1588 925 formam
1625 872 1750 925 olim
1792 874 1965 943 reperi
2005 874 2058 926 in
2095 874 2252 947 Lysia
2287 874 2386 928 sub

410 969 711 1019 monstrosa
761 958 1062 1032 corruptela
1117 959 1368 1014 latentem
1409 959 1648 1015 XXVIII.
1692 964 1742 1013 6.
1785 961 1956 1023 ἐπειδὴ
1995 960 2202 1029 ταχιςα
2261 965 2384 1016 ἐνε-

413 1053 746 1112 πέπληντο
787 1049 873 1102 καὶ
912 1054 1010 1102 τῶν
1051 1047 1302 1114 ὑμετέρων
1336 1045 1678 1111 οὲπέλαυσαν,
1721 1049 2019 1114 ἀλλοτρίους
2057 1057 2151 1113 τῆς
2189 1049 2386 1112 πόλεως

411 1141 621 1200 ἑαυτοὺς
664 1139 954 1203 ἡγήσαντο,
995 1135 1087 1189 ubi
1130 1135 1403 1196 ἐνέπλκντο
1450 1151 1634 1188 verum
1673 1151 1786 1188 esse
1830 1136 1961 1190 satis
2002 1144 2254 1207 apparet,
2295 1137 2387 1192 sed

411 1227 646 1283 nondum
697 1226 774 1279 sic
826 1223 1125 1278 emendatio
1173 1222 1272 1276 loci
1325 1220 1555 1293 perfecta
1609 1230 1707 1277 est.
1789 1222 1927 1289 Quid
1984 1225 2254 1295 requiram
2309 1227 2386 1280 sic

409 1315 726 1390 patefaciam
765 1319 826 1366 ut
865 1311 1104 1383 Dionysii
1144 1309 1628 1364 Halicarnassensis
1669 1310 1844 1364 locum
1882 1312 2034 1382 prius
2073 1313 2386 1378 emendem,

412 1405 479 1460 ad
527 1402 666 1475 quod
719 1399 1021 1471 exemplum
1074 1396 1232 1451 multi
1270 1397 1563 1452 multorum
1605 1399 1706 1453 loci
1763 1406 1816 1453 et
1866 1400 1920 1452 in
1961 1399 2045 1453 his
2082 1400 2272 1474 Lysiae
2315 1402 2386 1456 lo-

409 1510 509 1547 cus
572 1497 718 1546 certa
766 1495 818 1543 et
875 1486 1109 1542 evidenti
1170 1487 1499 1541 correctione
1557 1487 1736 1541 sanari
1804 1494 2072 1558 poterunt.
2166 1489 2388 1560 Legitur

408 1582 551 1636 enim
609 1580 661 1631 in
717 1575 956 1648 Dionysii
1020 1574 1079 1627 A.
1127 1573 1188 1626 R.
1230 1573 1324 1629 III.
1376 1578 1466 1629 55.
1523 1575 1922 1636 ἀποκτείναντες
1981 1576 2031 1630 δὲ
2090 1579 2174 1632 τὸν
2231 1579 2385 1643 βασι-

409 1670 508 1723 λέα
548 1667 633 1721 καὶ
670 1666 786 1725 τοὺς
816 1663 1010 1722 παῖδας
1051 1663 1208 1715 αὐτοῦ
1251 1661 1336 1714 καὶ
1378 1663 1475 1715 τῶν
1515 1661 1688 1717 ἄλλων
1728 1662 1890 1724 ὅσοις
1931 1662 2158 1733 ἔτυχεν
2197 1663 2384 1731 εἶναι,

408 1761 509 1824 πῦρ
563 1756 633 1815 εἷς
685 1754 778 1814 τὴν
831 1751 991 1805 οἰκίαν
1035 1750 1296 1815 ἐμβαλεῖν
1349 1750 1492 1803 κατα
1540 1751 1761 1811 πολλοὺς
1812 1750 2013 1812 τόπους.
2096 1753 2263 1807 Verae
2314 1753 2383 1808 le-

409 1843 604 1899 ctionis
662 1846 809 1895 certa
849 1839 1077 1908 vestigia
1119 1836 1386 1901 servavit,
1427 1844 1485 1891 ut
1528 1838 1699 1904 solet,
1743 1838 1915 1893 Codex
1954 1839 2212 1895 Urbinas:
2273 1841 2389 1896 ἔτυ-

406 1952 503 2000 χεν
543 1931 724 1984 ἐνεῖναι
758 1933 857 1994 πῦρ
892 1928 963 1987 εἷς
993 1928 1083 1989 τὴν
1121 1926 1299 1979 οἰκίαν.
1380 1924 1518 1991 Quid
1551 1927 1729 1980 notius
1764 1934 1845 1980 est
1878 1945 2039 1997 quam
2075 1932 2173 1996 πῦρ
2206 1929 2382 1983 ἐνιέναι

407 2037 504 2092 pro
541 2019 714 2090 iqnem
753 2015 988 2076 iniicere,
1029 2013 1168 2085 quod
1209 2029 1394 2067 omnes
1436 2013 1687 2068 dixerunt
1722 2021 1775 2068 et
1817 2015 2076 2069 Homerus
2116 2023 2238 2070 ante
2275 2034 2382 2071 om-

410 2125 543 2170 neS‚
585 2112 637 2159 et
678 2106 874 2157 iterum
917 2103 1205 2174 Dionysius
1238 2101 1326 2154 III.
1369 2105 1438 2155 56
1480 2106 1578 2169 πῦρ
1619 2103 1799 2156 ἐνεῖναι
1840 2112 1958 2164 ταῖς
1995 2101 2142 2164 ὕλαις
2185 2104 2384 2160 ἐκέλευ-

410 2217 514 2250 σεν.
593 2188 779 2263 Itaque
815 2196 1022 2243 certum
1061 2196 1141 2242 est
1177 2188 1338 2242 scribi
1380 2196 1654 2260 oportere:
1698 2192 1784 2244 καὶ
1834 2196 1931 2245 τῶν
1979 2189 2154 2245 ἄλλων
2195 2190 2385 2254 ὅσους

413 2284 692 2350 ἔτυχον,
746 2280 1003 2331 ἐνεῖναι
1057 2281 1156 2343 πῦρ
1211 2278 1281 2336 εἷς
1333 2277 1424 2338 τὴν
1477 2277 1673 2340 οἰκίαν,
1726 2295 1830 2349 quo
1883 2278 2021 2332 sacto
2062 2277 2143 2332 vel
2198 2297 2389 2336 caecus

354 2395 356 2405 ν
410 2370 591 2424 videat
635 2368 893 2432 ἐμβαλεῖν
944 2381 974 2417 a
1014 2365 1300 2417 temerario
1351 2370 1649 2418 correctore
1689 2366 1954 2420 adiectum
2001 2384 2114 2420 esse
2154 2367 2217 2422 de
2258 2387 2387 2434 suc,

412 2459 506 2530 qui
548 2454 731 2510 eadem
772 2468 930 2523 opera
978 2450 1106 2512 ὅσοις
1147 2451 1334 2518 ἔτυχεν
1387 2451 1687 2505 emendavit
1744 2454 1964 2508 scilicet.
2045 2454 2390 2512 Simillimum

413 2545 605 2599 vitium
649 2541 895 2611 inquinat
947 2539 1121 2593 locum
1160 2538 1531 2593 Demosthenis
1570 2557 1620 2610 p.
1661 2545 1784 2595 178.
1841 2544 1882 2595 οἱ
1922 2543 2017 2607 μὲν
2064 2544 2388 2607 ἐπαινοῦντες

415 2634 533 2694 τοὺς
585 2629 855 2698 προγόνους
909 2630 1046 2694 ὑμῶν
1085 2627 1240 2692 λόγον
1287 2627 1448 2680 εἰπεῖν
1488 2648 1572 2693 μοι
1613 2629 1808 2683 δοκοῦσι
1845 2633 2187 2698 προαιρεῖσθαι
2228 2654 2390 2701 κεχα-

417 2719 644 2791 ρισμένον
689 2721 742 2772 οὐ
797 2717 896 2782 μὴν
953 2713 1283 2782 συμφέροντα
1329 2721 1386 2780 γ’
1425 2716 1628 2777 ἐκείνοις
1678 2714 1759 2778 οὓς
1796 2718 2173 2786 ἐγκωμιάζουσι
2214 2729 2390 2776 ποιεῖν.

421 2812 718 2881 Agnoscam
772 2801 1143 2858 Demosthenis
1195 2803 1628 2874 compositionem
1681 2822 1846 2875 quum
1894 2809 2213 2877 rescriptum
2257 2810 2390 2864 erit:

420 2894 790 2964 κεχαρισμένον
829 2891 971 2957 μέν,
1015 2891 1069 2942 οὐ
1106 2890 1207 2954 μὴν
1241 2890 1571 2958 συμφέροντα
1602 2897 1658 2956 γ’
1689 2894 1889 2954 ἐκείνοις
1930 2892 2011 2956 οὓς
2043 2895 2393 2965 ἐγκωμιάζου-

419 3006 499 3040 σιν
554 2987 819 3053 expuncto
871 2985 1043 3032 ποιεῖν.
1125 2978 1410 3048 Postquam
1462 2978 1557 3043 μέν
1605 2980 1802 3034 excidit
1857 2989 1974 3052 post
2023 2985 2393 3051 κεχαρισμένον

426 3070 588 3147 (quod
634 3067 888 3122 scribitur
922 3065 1239 3134 κεχαρισμέν
1285 3082 1406 3119 cum
1449 3068 1598 3135 gravi
1637 3089 1686 3122 ον
1728 3069 2084 3142 significante)
2127 3078 2397 3126 corrector

423 3165 584 3215 ποιεῖν
625 3155 845 3210 addidit.
924 3152 1266 3224 Interpolatio
1313 3153 1552 3208 eiusdem
1603 3157 1813 3226 generis
1866 3156 2108 3210 funditus
2163 3158 2395 3229 perdidit

426 3246 744 3302 sententiam
783 3242 1003 3295 alterius
1050 3241 1151 3294 loci
1200 3239 1339 3310 apud
1386 3241 1792 3296 Demosthenem
1834 3244 1887 3295 in
1938 3243 2121 3297 eadem
2159 3247 2396 3300 oratione

425 3354 476 3407 p.
517 3338 651 3389 185:
693 3334 734 3386 οἱ
774 3329 1069 3394 κεκτημένοι
1114 3328 1202 3401 (τοὶ
1244 3329 1522 3401 χρήματα)
1564 3334 1782 3384 τοιοῦτον
1821 3330 1994 3396 έχουσι
2037 3337 2143 3385 νοῦν
2167 3375 2179 3396 ,
2220 3332 2315 3391 ὤςε
2351 3337 2392 3388 εἶ

422 3423 619 3482 πάντες
658 3422 700 3474 οἱ
748 3416 946 3472 ἐνταυθὶ
988 3417 1230 3480 λέγοντες
1271 3417 1511 3483 φοβοῖεν,
1557 3419 1620 3476 ὡς
1657 3415 1760 3480 ἥξει
1808 3419 2062 3482 βασιλεὺς
2102 3452 2176 3460 ——
2213 3424 2267 3475 οῦ
2301 3422 2392 3487 μό-

422 3530 499 3564 νον
548 3512 636 3563 οὖκ
684 3506 747 3562 ἂν
800 3505 1142 3569 εἰσενέγκαιεν
1199 3507 1322 3558 ἀλλ’
1363 3506 1462 3558 οὐδ’
1508 3503 1570 3557 ἂν
1622 3502 1837 3566 δείξειαν
1889 3508 1988 3561 οὐδ’
2028 3507 2091 3561 ἂν
2143 3511 2392 3574 ὁμολογή-

420 3618 561 3652 σειαν
602 3595 893 3658 κεκτῆσθαι.
973 3591 1183 3662 Repone
1215 3609 1308 3662 pro
1341 3590 1569 3645 absurdo
1604 3590 1820 3656 δείξειαν
1847 3610 2026 3650 veram
2068 3598 2390 3668 scripturam
