2436 4068
1048 262 1152 311 109

111 431 213 477 ρος,
254 416 463 465 πλεῑςον
495 406 674 474 μέρος,
714 404 963 473 ε’λοέχιςον
997 404 1172 472 μέρος,
1213 404 1349 459 οὐδὲν
1382 404 1531 470 μέρος
1566 409 1619 457 et
1653 404 1812 458 sim?
1874 405 2099 479 Saepius

109 498 383 552 omittitur
432 495 580 562 μέρος
629 493 722 548 sed
762 494 841 547 sic
881 499 942 546 ut
976 493 1158 557 πλέον,
1198 498 1438 556 πλεῖςον,
1479 491 1759 560 ἕλαχιςον,
1799 494 1940 549 οὐδέν
1991 511 2097 550 non

108 590 407 639 mutentur.
489 583 676 654 ltaque
715 581 865 635 Plato
905 581 1124 652 scripsit
1162 581 1488 649 σωφροσύνης
1525 587 1807 639 πλεῖς-ον
1854 582 2094 651 μετέχει.

109 671 372 727 Similiter
401 672 454 725 in
489 669 705 725 Philebo
740 686 790 741 p.
824 671 913 723 56.
943 668 998 722 C.
1034 668 1403 723 scribendum:
1445 669 1608 734 θῶμεν
1641 669 1806 724 τοίνυν
1833 670 1934 731 τὰς
1968 670 2096 740 τέχ-
2129 688 2132 691 ’

107 780 199 822 νας
232 761 333 822 τὰς
372 760 470 826 μὲν
510 758 796 814 ἔλαττον
835 756 1107 823 ἀκριβείας
1143 756 1479 824 μετεχούσας
1522 756 1623 819 τοὶς
1656 757 1710 812 δὲ
1758 758 1955 814 πλέον
2001 775 2098 831 pro

106 847 326 918 vulgata
372 846 602 902 lectione
648 842 923 905 ἐλάττονος
976 850 1030 898 et
1082 844 1330 904 πλείονος.
1413 845 1578 899 Recte
1627 844 1771 918 apud
1818 845 2099 903 Platonem-

107 936 371 1006 scriptum
423 940 505 988 est
552 938 607 986 et
645 930 773 985 alibi
821 938 876 985 et
914 930 969 984 in
1008 930 1239 1001 Legibus
1279 930 1394 985 VII.
1436 936 1562 987 816.
1600 933 1661 987 Ε.
1703 932 1752 987 εἴ
1789 955 1868 996 τις
1907 936 2095 1001 μέλλει

108 1024 195 1079 καὶ
236 1024 444 1090 σμικρὸν
478 1023 666 1090 αρετῆς
702 1018 932 1086 μεθέξειν
954 1024 992 1072 ¹.
1073 1019 1238 1074 Recte
1276 1018 1417 1091 apud
1457 1019 1699 1093 Thucyd.
1737 1021 1778 1075 I.
1817 1025 1906 1076 84.
1944 1024 2094 1084 αἰδὼς

107 1111 431 1180 σωφροσύνης
472 1115 684 1167 πλεῖςον
721 1107 968 1176 μετέχει,
1013 1113 1160 1162 recte
1196 1106 1338 1178 apud
1372 1107 1643 1179 Aristoph.
1686 1108 1892 1165 Eccles,
1930 1114 2056 1165 582.

180 1202 245 1261 ὥς
277 1199 336 1252 τὸ
369 1198 619 1265 ταχύνειν
657 1196 889 1265 χαρίτων
923 1195 1144 1263 μετέχει
1180 1203 1392 1254 πλεῖς-ον
1432 1196 1578 1264 παρα
1616 1202 1748 1250 τοῖσι
1789 1197 2020 1261 θεαταῖς,

109 1294 254 1344 recte
280 1287 530 1341 Comicus
556 1285 799 1340 incertus
827 1282 970 1356 apud
1001 1282 1146 1338 Sext.
1178 1283 1386 1356 Empir.
1421 1283 1540 1338 adv.
1570 1282 1821 1339 Mathem.
1852 1285 1942 1340 IX.
1971 1289 2093 1342 186.

1262 1372 1369 1439 εἰμὶ
1404 1373 1511 1440 γὰρ
1549 1371 1716 1438 Φόβος

360 1520 364 1521 ⁷
444 1462 652 1517 πάντων
684 1460 935 1529 ἐλάχιςον
967 1464 1056 1514 τοῦ
1096 1465 1260 1515 καλοῦ
1293 1460 1534 1528 μετέχων
1575 1459 1700 1522 θεός.

106 1549 242 1605 Hinc
294 1548 619 1621 intelligitur
669 1555 815 1604 recte
862 1547 1142 1603 Menandri
1195 1548 1403 1604 dictum
1455 1566 1521 1604 ex
1571 1547 1760 1603 multis
1808 1549 2096 1622 scripturis
2143 1544 2145 1546 ’

106 1638 247 1693 inter
278 1655 334 1693 se
369 1637 600 1693 multum
637 1635 1071 1708 discrepantibus
1103 1653 1134 1690 a
1166 1636 1430 1692 Meinekio
1469 1637 1549 1693 sic
1581 1653 1700 1692 esse
1738 1639 2094 1694 constitutum

35 1732 38 1738 '
104 1727 157 1782 in
200 1725 391 1799 fragm.
433 1727 630 1781 Incert.
665 1724 851 1781 Fabul.
889 1724 1111 1781 CXCIX.

405 1812 441 1870 ὦ
480 1813 622 1879 Νύξ,
661 1815 725 1869 σὺ
765 1813 873 1882 γὰρ
912 1814 971 1875 δὴ
1010 1819 1223 1871 πλεῖςον
1261 1812 1570 1883 Ἀφροδίτης
1605 1814 1723 1869 θεῶν

318 1906 334 1917 ’
406 1901 656 1970 μετέχεις
694 1901 862 1969 μέρος.

106 1992 324 2047 Poterat
355 1989 482 2044 bine
516 1991 708 2046 sarciri
739 1990 890 2045 locus
918 1988 1195 2045 Plutarchi
1229 1989 1518 2044 lacunosus
1550 1990 1604 2044 in
1642 1990 1886 2064 Sympos,
1912 1991 2006 2050 ΙΙΙ.
2041 1996 2092 2048 6.

106 2096 157 2151 p.
197 2083 325 2134 654.
369 2078 428 2133 D.
470 2079 636 2134 καίτοι
676 2077 913 2146 κρατιςον
952 2081 1088 2147 αὐτῇ
1132 2077 1216 2152 (τῇ
1257 2077 1448 2151 Νυκτί)
1495 2080 1615 2132 θεῶν
1653 2079 1893 2145 μετεῖναί
1935 2085 2096 2149 φησιν

8 2200 22 2212 -
104 2169 335 2235 ἐρωτικὸς
363 2168 487 2233 ἀνὴρ
519 2166 835 2235 Μένανδρος,
877 2165 968 2220 ubi
1002 2165 1381 2237 corrigendum
1414 2165 1650 2221 arbitror
1681 2169 1850 2223 καίτοι
1884 2175 2096 2227 πλεῖς-ον

40 2298 45 2319 .
102 2258 221 2310 θεῶν
259 2256 396 2324 αὐτῇ
436 2255 746 2323 ’Λφροδίτης
799 2260 1034 2320 μετεῖναι
1076 2256 1183 2308 κτὲ.
1227 2253 1368 2326 quod
1409 2253 1750 2310 confirmabit
1796 2256 1936 2311 alius
1976 2257 2096 2312 Plu-

16 2390 29 2410 ,
104 2341 278 2399 tarcbi
315 2341 464 2397 locus
499 2343 627 2397 item
661 2359 692 2397 a
726 2342 989 2398 Meinekio
1029 2341 1267 2413 prolatus
1302 2341 1367 2396 de
1401 2342 1549 2398 Fort.
1589 2342 1740 2398 Rom.
1784 2361 1833 2416 p.
1872 2349 1998 2400 318.
2034 2345 2095 2400 D.

103 2437 315 2488 πλεῖςον
352 2431 459 2499 γαρ
496 2431 804 2500 ’Λφροδίτης
852 2433 907 2485 οὐ
947 2429 1066 2494 Νὺξ
1101 2430 1245 2486 κατα
1282 2429 1572 2498 Μένανδρον
1612 2432 1762 2487 α’λλα
1801 2434 1960 2501 Τύχη
2000 2455 2097 2500 με·

100 2519 377 2588 τέσχηκεν.
457 2519 678 2574 Diversa
715 2519 935 2574 miscuit
974 2519 1213 2591 Toupius
1247 2519 1301 2573 in
1338 2518 1647 2575 Emendatt.
1687 2520 1743 2574 in
1781 2519 2003 2576 Suidam
2043 2538 2093 2576 v.

102 2607 317 2675 τροπίας
357 2604 500 2669 οἶνος.
543 2607 692 2662 Tom.
732 2606 822 2661 111.
866 2623 914 2679 p.
953 2610 1080 2672 276,
1119 2607 1277 2663 cuius
1314 2624 1527 2664 errores
1567 2606 1805 2663 refutare
1844 2609 1979 2664 nihil
2021 2616 2097 2665 at-

23 2727 69 2769 ,ρ
107 2694 257 2750 tinet.
339 2694 705 2750 Hoc-tantum
758 2694 890 2750 utile
937 2703 1019 2750 est
1073 2711 1291 2751 monere
1342 2696 1395 2750 in
1435 2695 1949 2770 (pseudo-)Luciani
1984 2697 2099 2753 loco

35 2779 41 2795 ”
104 2781 171 2839 de
211 2782 497 2839 Amoribus
530 2801 577 2838 c.
621 2783 808 2839 XXXI.
852 2789 1068 2856 poetae,
1109 2800 1268 2856 quem
1322 2782 1712 2840 Callimachum
1760 2802 1876 2842 esse
1925 2787 2097 2859 suspi-

32 2879 43 2911 -²
106 2886 225 2937 cor,
264 2871 482 2927 subesse
526 2870 697 2927 videri
738 2878 1158 2945 pentametrum:

40 3008 41 3017 ,
75 3015 81 3036 Ι,
484 2958 628 3016 εἶπεν
664 2961 789 3029 ἀνὴρ
829 2961 1053 3018 πλείςων
1093 2958 1368 3028 ἁψάμενος
1402 2961 1659 3029 χαρίτων,

40 3085 41 3090 =
108 3047 161 3105 id
194 3057 276 3106 est
304 3050 534 3119 χαρίτων
568 3056 778 3107 πλεῖς-ον
807 3048 1048 3117 μετέχων
1079 3046 1159 3103 vel
1182 3047 1503 3121 simpliciter
1520 3049 1854 3119 χαριέςατος.
1895 3050 2096 3107 Eadem

105 3154 263 3211 opera
299 3136 542 3209 Euripidi
580 3137 632 3191 in
671 3135 939 3192 Alcestide
974 3139 1101 3192 964.
1146 3134 1307 3191 redde
1350 3138 1574 3196 πλείςων
1615 3137 1887 3207 ἁψάμενος
1928 3139 2095 3205 λόγων

107 3241 204 3299 pro
243 3226 458 3298 vulgata
498 3231 729 3283 πλεῖςον.

183 3314 389 3370 Vitium
433 3313 603 3378 idem,
643 3330 749 3386 quo
784 3330 887 3368 non
929 3319 1010 3370 est
1046 3312 1192 3368 aliud
1231 3312 1399 3370 levius
1435 3313 1527 3369 seil
1563 3321 1741 3371 tamen
1775 3315 2097 3370 sententiani

158 3505 215 3587 ⁵¹)
250 3532 603 3585 Quemadmodum
647 3534 730 3576 hoc
775 3535 933 3589 optime
977 3534 1153 3584 dicitur,
1190 3535 1252 3576 sic
1292 3536 1489 3576 vitiosum
1523 3540 1589 3576 est
1624 3537 1667 3576 in
1704 3535 1887 3575 Platonis
1922 3535 2102 3589 Legibus

113 3620 156 3664 p.
190 3609 299 3652 887.
331 3612 375 3653 E.
410 3605 460 3652 οἱ
493 3608 574 3652 καὶ
602 3603 808 3669 σμικρὸν
838 3609 924 3653 νοῦ
957 3603 1267 3666 κεκτημένοι,
1306 3614 1377 3655 ubi
1408 3628 1563 3668 repone
1598 3609 1743 3661 νοῦν,
1780 3620 1827 3654 ut
1862 3614 1977 3656 Pluto
2003 3615 2103 3656 scri-

111 3684 213 3729 tuere
250 3689 375 3730 solet.
