2436 4068
955 179 1056 227 717

25 325 280 399 ligentius
322 325 507 377 rimari
568 331 618 378 et
674 322 996 392 investigare
1058 321 1419 384 instituisset,
1460 325 1513 374 et
1568 320 1806 374 nondum
1859 328 2004 375 certa

24 414 298 471 doctrinae
332 411 679 466 fundamenta
718 412 857 464 iacta
890 414 1106 471 essent,
1149 408 1241 462 sed
1277 407 1419 462 sama
1463 424 1529 462 ex
1569 407 1850 462 hominnm
1895 426 2002 463 ser·

25 500 272 560 monibus
325 507 448 552 nata
505 506 706 553 certam
759 515 941 552 rerum
1005 496 1161 551 fidem
1204 496 1494 551 obscurare
1554 495 1760 551 soleret.
1840 497 2006 552 Cuius

25 591 104 648 rei
142 588 372 642 alterum
415 587 715 658 exemplum
766 603 828 640 ex
867 586 1171 655 antiquiore
1224 585 1608 656 Spartanorum
1662 584 1887 640 historia
1931 584 2005 640 af-

21 677 168 735 'ferre
210 676 374 729 iuvat.
452 674 636 745 Ecqua
677 673 842 728 fuisse
899 680 1074 744 potest
1127 673 1351 743 Spartae
1389 673 1653 743 insignior
1691 680 1744 727 et
1789 675 2005 744 gravior

22 763 238 824 novatio
275 780 433 834 quam
477 765 506 825 ἡ
547 769 645 816 τῶν
686 762 840 815 πέντε
878 761 1070 828 ἐφόρων
1111 759 1451 821 κοιτάςοοσιςῗ
1531 760 1696 814 Cuius
1747 763 1869 833 quis
1907 779 2001 817 atl-

16 853 184 923 =nator?
266 850 400 917 Quis
452 866 565 903 rem
622 849 1030 904 saluberrimam
1075 847 1312 919 reperit,
1371 863 1508 918 quae
1563 848 1838 919 aliquanto
1885 851 2007 922 plns

14 936 190 1019 (quam
248 938 484 1013 Lycurgi
542 937 687 1009 leges
742 934 1320 1008 Spartanorun1.reip.
1380 934 1527 989 illam
1587 935 1899 992 firmitatem
1954 947 2007 994 et

13 1028 373 1087 {stabilitatem
415 1025 632 1091 attulit,
672 1042 833 1097 quam
874 1024 1215 1079 admirantur
1253 1022 1477 1076 omnes?
1529 1023 1642 1077 Una
1682 1032 1762 1078 est
1796 1032 1849 1080 et
1883 1041 2002 1080 con-

15 1118 267 1187 mutiens
322 1131 420 1169 vox
485 1113 822 1168 eruditorum
878 1113 1160 1174 omnium,
1222 1111 1314 1181 qui
1371 1110 1772 1183 Theopompum
1825 1130 2006 1185 regem

14 1192 265 1298 {jrudens
301 1202 433 1258 illud
472 1209 952 1274 temperamentum
992 1200 1174 1270 regiae
1209 1200 1489 1271 potestatis
1526 1199 1668 1253 ultro
1707 1201 2008 1257 instituisse

13 1292 271 1373 madunt.
363 1290 514 1359 Quod
574 1290 759 1345 Cicero
817 1288 1008 1343 scribit
1072 1287 1137 1342 de
1191 1287 1352 1358 Legg.
1398 1287 1490 1342 ΙΙΙ.
1544 1304 1633 1342 vn.
1690 1292 1774 1342 15.
1858 1289 2013 1345 »Nec

11 1372 38 1390 “’
76 1381 237 1454 phari
288 1379 674 1434 Lacedaemone
712 1379 825 1432 sine
861 1395 1017 1432 causa
1057 1396 1088 1430 a
1136 1375 1459 1448 Theopompo
1498 1376 1718 1447 oppositi
1765 1378 2013 1449 reyibuS,

0 1378 124 1553 ’ξω
159 1469 301 1540 apud
339 1486 430 1522 nos
474 1467 782 1522 Consulibus
821 1465 1019 1519 tribuni
1032 1465 1084 1528 ‚’'
1125 1471 1179 1519 et
1220 1464 1284 1519 de
1326 1465 1456 1536 Rep.
1486 1465 1552 1519 lt.
1595 1469 1687 1519 55.
1732 1468 1821 1519 58.
1904 1466 2015 1523 »Ne

0 1553 267 1629 §Lycur-qi
329 1556 537 1627 quidem
606 1555 883 1627 disciplina
941 1555 1103 1607 tenuit
1155 1553 1278 1607 illos
1330 1554 1386 1606 in
1441 1552 1735 1607 leontinibus
1803 1554 2012 1610 Graecis

15 1630 247 1720 ¹{trenoss
301 1663 425 1699 nam
483 1645 701 1718 Spartae
739 1651 990 1716 reynante
1047 1642 1370 1715 Theopompo
1404 1649 1524 1695 siml
1577 1643 1830 1714 quinque,
1885 1663 2012 1717 quos

0 1733 118 1796 filli
158 1732 400 1803 Ephoro-5
451 1732 750 1804 appellant,
802 1732 1064 1786 constituti
1081 1731 1134 1795 ,⁹⁹
1194 1730 1334 1786 idem
1389 1729 1576 1785 Graeci
1620 1736 1782 1785 testes
1822 1733 2013 1788 confir-

14 1827 187 1879 mant
225 1822 319 1894 qui
358 1828 477 1893 post
524 1828 651 1875 nata
702 1819 915 1875 erudita
972 1819 1326 1890 Antiquitatis
1378 1817 1558 1872 studia
1613 1817 1679 1873 de
1734 1819 1800 1874 iis
1851 1821 2016 1877 rebus

0 1908 235 1983 taliquid
276 1910 628 1981 scripserunt.
709 1907 1022 1963 Aristoteles
1070 1907 1225 1961 Polit.
1268 1906 1333 1962 V.
1379 1910 1431 1962 9.
1486 1913 1674 1961 auctor
1725 1915 1806 1962 est
1849 1910 2015 1966 Theo-

0 1986 2 1991 ’
33 2016 289 2072 pompum
331 2015 510 2069 regem
556 1998 669 2071 (qui
704 1998 755 2051 ἐν
797 2003 902 2058 τοῖς
943 1996 1358 2063 Εὐρυπωντίδοιις
1397 2011 1570 2048 nonus
1611 2011 1641 2049 a
1678 1996 1861 2052 Procle
1900 2005 2013 2065 est,

0 2100 65 2198 ’ἐξ
97 2085 328 2142 Charillo
369 2087 583 2158 tertius)
624 2084 986 2152 μετριάσαντα
1014 2092 1120 2146 τοῖς
1157 2105 1216 2139 τε
1251 2082 1434 2143 ἄλλοις
1469 2084 1556 2138 κοιὶ
1593 2084 1686 2146 τὴν
1720 2086 1820 2138 τῶν
1853 2088 2012 2156 Ἐφό-

0 2154 127 2248 ,imm
164 2177 334 2244 ἀρχὴν
373 2176 793 2237 ἐπικαταςῆσοιι,
853 2171 1108 2243 additque
1148 2171 1276 2244 quid
1329 2171 1480 2225 uxori
1532 2171 1867 2242 responderit
1918 2176 2014 2230 im·

19 2253 300 2324 {minutam
341 2262 407 2316 ab
450 2279 511 2316 eo
548 2262 750 2332 regiam
793 2267 1110 2334 potestatem
1152 2259 1513 2331 exprobranti.
1595 2260 1739 2315 Idem
1780 2261 1846 2315 ab
1896 2263 2015 2318 Ari-

27 2350 225 2406 stotele
274 2353 325 2405 ἐν
384 2358 448 2419 τῇ
508 2355 607 2405 τῶν
659 2351 915 2405 Λακώνων
972 2350 1214 2419 πολιτείᾳ
1273 2355 1526 2403 accurate
1586 2347 2013 2407 demonstratum

22 2454 156 2496 osse
212 2438 484 2511 probabile
538 2444 640 2494 est.
736 2437 884 2492 Plato
945 2438 997 2490 in
1060 2437 1219 2507 Legg.
1261 2436 1354 2491 111.
1418 2453 1467 2508 p.
1515 2440 1641 2490 692.
1701 2440 1760 2491 A.
1816 2439 2015 2495 diserte

24 2533 271 2606 {testatur
308 2527 474 2582 alium
522 2526 876 2601 (Lycurgum)
920 2526 1224 2579 instituisse
1275 2526 1366 2586 τὴν
1406 2530 1504 2579 τῶν
1543 2526 1671 2579 ὀκτὼ
1716 2526 1803 2580 καὶ
1856 2526 2013 2584 εἴκοσι

0 2612 284 2694 ,ἔφερόντων
343 2617 559 2698 δύνοομιν
613 2614 870 2683 ἰσόψηφον
924 2615 996 2675 εἷς
1049 2614 1120 2668 τοὶ
1174 2613 1377 2678 μέγιςοο
1437 2620 1502 2681 τῇ
1562 2618 1659 2666 τῶν
1714 2614 2014 2683 βασιλέων,

0 2702 201 2771 spolium
260 2703 501 2775 Ephorus
541 2703 872 2757 instituisse:
934 2703 957 2756 ὁ
998 2702 1050 2756 δὲ
1090 2701 1255 2768 τρίτος
1294 2701 1458 2767 σωτὴρ
1499 2702 1620 2765 ὑμῖν
1656 2699 1732 2755 ἔτι
1772 2712 2015 2772 σπαργῶ-

0 2794 139 2877 »ξσαν
177 2793 264 2847 καὶ
306 2792 621 2858 θυμουμένην
665 2792 758 2852 τὴν
808 2792 976 2857 ἀρχὴν
1018 2790 1133 2856 ὁρῶν
1185 2786 1280 2843 οἷον
1333 2787 1523 2857 ψάλιον
1577 2789 1827 2854 ἐνέβαλεν
1879 2795 2015 2864 αὐτῇ

0 2882 132 2943 ww
183 2886 282 2935 τῶν
340 2881 567 2948 Ἐφόρων
627 2878 859 2942 δύναμιν.
954 2877 1188 2931 Platonis
1237 2883 1290 2931 et
1348 2876 1654 2932 Aristotelis
1709 2880 2016 2937 testimonia

0 2944 312 3040 *integanter
342 2969 616 3022 coniunxit
644 2964 963 3021 Plutarchus
998 2965 1050 3019 in
1076 2965 1200 3038 Lyc.
1224 2970 1272 3020 7.
1307 2981 1465 3037 quem
1491 2982 1593 3020 non
1617 2965 1832 3022 aliunde
1854 2987 2013 3040 quam

0 3072 7 3110 v
41 3070 104 3113 ex
146 3056 448 3111 Aristotelis
487 3055 621 3110 lihro
661 3055 725 3108 de
762 3072 872 3124 rep.
919 3053 1439 3108 Lacedaemoniorum
1479 3055 1736 3109 sumsisse
1785 3055 2018 3113 arbitror

0 3141 100 3201 1¹ss
149 3144 288 3216 quod
341 3145 599 3199 continuo
653 3142 830 3197 addit:
890 3138 966 3196 ὅτι
1027 3140 1168 3197 ἔτεσί
1205 3162 1301 3197 που
1354 3141 1563 3207 (heims-a
1603 3142 1878 3210 τριάκοντα
1928 3148 2016 3201 xxi

0 3230 224 3297 γλυκὺν
274 3234 416 3298 μετὰ
458 3238 750 3300 Λυκοῦργον
793 3234 821 3294 ἦ
860 3233 960 3285 τῶν
998 3230 1227 3299 Ἐφόρων
1277 3231 1419 3298 ἀρχὴ
1468 3230 1730 3292 κατεςοὲθη
1770 3232 1855 3286 ἐπὶ
1898 3243 2019 3290 Θεο-

44 3319 252 3387 πόμπου
302 3323 687 3387 βασιλεύοντος.
767 3319 1071 3384 CharilluS,
1114 3317 1438 3390 Theopompi
1481 3335 1645 3381 avus,
1687 3321 1842 3374 annis
1886 3326 2011 3380 108.

45 3413 170 3464 ante
223 3409 452 3480 primam
507 3406 875 3482 Olympiadem
937 3407 1000 3462 ad
1045 3424 1270 3478 regnum
1310 3406 1616 3478 pervenisse
1672 3406 2020 3479 perbihetur,

0 3487 409 3568 >dicunturque
463 3497 534 3551 τὰ
587 3498 867 3562 Ὀλύμπιοι
913 3498 1116 3560 τεθῆναι
1178 3494 1488 3559 Θεοπόμπου
1539 3495 1597 3547 τὸ
1646 3495 1856 3551 δέκατον
1908 3499 2018 3564 ἔτος

0 3568 7 3638 l
43 3581 408 3649 βασιλεύοντος
433 3629 445 3649 ,
489 3586 669 3657 itaque
709 3583 918 3639 duobus
957 3591 1008 3639 et
1068 3584 1257 3654 viginti
1308 3583 1527 3636 circiter
1567 3583 1721 3637 annis
1773 3593 1923 3655 post,
1966 3589 2019 3644 id
