2436 4068
1300 198 1405 247 652

369 338 431 395 Ε.
481 342 537 402 νὴ
573 341 641 394 τὼ
692 341 781 394 θεώ
831 337 1128 402 dederunt,
1182 339 1320 409 quod
1365 338 1807 394 muliercularum
1860 342 1914 400 in
1956 343 2132 396 Attica
2181 344 2344 398 iusiu-

366 427 598 480 randum
640 435 739 481 est.
819 426 998 492 Quum
1053 428 1194 479 inter
1240 442 1425 479 omnes
1477 434 1684 481 constet
1733 427 1898 482 Dores
1939 446 2032 499 pro
2074 433 2128 492 νή
2171 438 2222 484 et
2262 431 2344 496 μά

366 531 577 584 semper
611 515 695 567 ναί
723 520 774 567 et
815 516 870 567 οὐ
907 530 1126 583 ponere,
1170 515 1336 566 miror
1375 514 1612 566 nondum
1649 531 1764 568 esse
1798 532 1826 567 a
1868 533 2133 587 quoquam
2170 534 2348 571 emen-

365 601 548 655 datum
589 602 763 654 Plauti
799 601 974 654 locum
1015 602 1067 653 in
1106 601 1341 671 Captivis
1378 619 1452 653 vs.
1491 606 1600 655 880
1643 618 1760 672 sqq.
1808 603 1916 675 (IV.
1960 611 2030 657 11.⁴
2060 608 2163 658 100
2204 605 2342 677 sqq.)

362 688 454 742 ubi
505 689 588 753 μά
645 690 729 742 τὸν
785 689 1031 743 Ἀπόλλω
1094 689 1292 759 legitur
1352 696 1538 742 contra
1599 691 1918 744 sententiam
1976 708 2071 761 pro
2125 692 2204 745 ναὶ
2260 694 2345 746 τὸν

363 776 644 838 Ἀπόλλω,
691 783 744 830 et
788 778 845 839 νὴ
886 777 983 830 τάν
1029 777 1227 844 Κόραν,
1266 778 1320 838 νὴ
1362 777 1460 829 τοὶν
1501 776 1819 843 Πραινέςην,
1861 779 1916 840 νὴ
1955 780 2054 832 ταν
2094 780 2344 844 Σιγνίαν,

361 865 417 925 νὴ
457 863 556 917 ταν
599 870 938 930 Φρουσινῶνα,
979 867 1036 928 νὴ
1070 865 1168 918 τάν
1209 863 1482 931 Ἀλάτριον
1521 873 1708 918 contra
1756 882 1911 918 usum
1948 865 2196 936 loquendi
2249 884 2343 937 pro

359 952 470 1005 ναὶ
513 953 612 1006 ταν
650 952 813 1019 Κόραν
849 958 952 1006 cel.
1031 952 1139 1006 Ναὶ
1172 954 1270 1006 ταν
1307 951 1470 1018 Κόραν
1507 951 1724 1006 Graecis
1759 954 1812 1005 in
1855 952 2009 1007 ltalia
2053 962 2106 1007 et
2147 953 2345 1008 Siculis

358 1038 547 1093 crebro
587 1046 702 1093 erat
743 1041 798 1092 in
841 1055 949 1093 ore.
1029 1039 1416 1109 Aristophanes
1466 1039 1622 1111 Vesp.
1662 1044 1836 1094 1438:

663 1124 752 1181 εἶθ’
793 1129 821 1190 ἦ
859 1128 1145 1194 Συβαρῖτις
1183 1123 1353 1181 εἶπεν·
1394 1128 1438 1180 εἶ
1480 1127 1560 1180 ναὶ
1607 1128 1706 1181 ταν
1740 1127 1904 1195 Κόραν

661 1215 933 1280 ἐπίδεσμον
975 1216 1157 1281 ε’πρίω,
1199 1219 1310 1268 νοῦν
1350 1213 1415 1268 ἂν
1456 1212 1600 1282 εἶχες
1638 1216 1871 1269 πλείονα.

355 1301 638 1356 Caeterum
681 1302 800 1356 vide
841 1303 1108 1373 quomodo
1158 1303 1362 1357 scribae
1413 1303 1770 1356 mulcaverint
1827 1301 1984 1356 verba
2034 1306 2186 1360 ἄλλα
2229 1309 2338 1362 ναὶ

354 1391 440 1443 τὼ
482 1393 590 1443 σιώ
640 1390 692 1443 in
747 1389 915 1443 Anah.
952 1390 1035 1444 vt.
1079 1408 1149 1443 vl.
1189 1395 1288 1454 54,
1337 1397 1390 1444 et
1432 1391 1652 1461 plaudes
1695 1390 1966 1444 Dindorfio
2011 1389 2188 1447 εἶπεν·
2246 1398 2336 1449 Οὐ

353 1478 432 1530 τὼ
472 1479 576 1532 σιώ
622 1478 901 1548 reponenti
956 1477 1010 1530 in
1063 1477 1230 1532 Anah.
1275 1478 1385 1532 VII.
1428 1495 1498 1533 v1.
1548 1482 1649 1543 59,
1700 1485 1754 1533 et
1796 1479 1850 1532 in
1892 1480 2137 1550 Agesilao
2176 1482 2238 1536 V.
2283 1488 2335 1538 5.

352 1581 450 1634 pro
497 1563 640 1619 εἶπεν
684 1566 929 1619 οὑτωσί.

429 1653 490 1706 In
531 1653 569 1706 I.
614 1671 684 1709 lv.
739 1659 826 1708 15.
882 1651 1048 1721 ὥσπερ
1104 1655 1176 1707 σὺ
1230 1655 1335 1721 φῂς
1391 1652 1618 1719 πέμπειν
1675 1653 1905 1717 αὐτούς,
1966 1662 2112 1710 recte
2168 1659 2338 1711 sensit
2411 1644 2414 1646 ’

350 1741 662 1795 Dindorfius
701 1742 780 1796 σοι’
819 1742 1183 1796 necessarium
1228 1757 1382 1804 esse,
1423 1741 1515 1794 sed
1557 1741 1699 1811 quod
1729 1744 1791 1796 σὺ
1836 1744 1910 1796 σοὶ
1953 1746 2058 1811 φῄς
2103 1747 2337 1815 recepit,

350 1836 559 1901 poterat
620 1829 946 1900 simpliciore
1007 1829 1340 1883 correctione
1400 1830 1724 1883 sententiam
1787 1832 2105 1887 restituere:
2167 1831 2333 1901 ὥσπερ
2405 1835 2410 1838 ”

348 1918 447 1971 σοὶ
498 1920 604 1986 φῄς
659 1919 770 1971 κτὲ.
849 1917 1201 1973 Notissimum
1247 1924 1329 1970 est
1377 1917 1440 1971 σύ
1478 1923 1532 1970 et
1586 1918 1666 1971 σοι’
1727 1920 1925 1988 passim
1983 1921 2333 1991 permisceri,
2406 1943 2409 1996 2

347 2007 504 2060 cuius
544 2007 619 2060 rei
664 2021 826 2076 supra
863 2005 1104 2076 exempla
1146 2004 1406 2075 quaedam
1451 2005 1754 2059 attulimus.

423 2095 482 2149 In
537 2095 576 2149 1.
630 2113 696 2148 vi.
748 2098 800 2149 9.
851 2094 1044 2162 ποτέρῳ
1110 2094 1186 2167 [ἡ]
1245 2095 1435 2147 πλείων
1495 2096 1698 2161 σχολή,
1754 2093 2014 2149 suadente
2065 2098 2328 2151 sententia

344 2187 374 2247 ἡ
410 2183 845 2254 expungendum.

419 2271 480 2324 In
523 2272 561 2324 Ι.
604 2289 693 2325 vn.
738 2274 787 2323 2.
851 2269 914 2343 (οἱ
969 2270 1224 2334 αὐληταὶ)
1282 2271 1486 2332 σκεύη
1547 2292 1608 2325 τε
1672 2271 1853 2325 καλοὶ
1906 2272 2182 2332 κέκτηνται
2238 2274 2326 2327 καὶ
2408 2292 2410 2294 ·

339 2360 642 2420 ἀκολούθους
682 2359 906 2419 πολλοὺς
950 2358 1321 2425 περιάγονται,
1380 2358 1633 2428 quoniam
1685 2358 1815 2412 haec
1856 2359 2113 2413 dicuntur
2158 2360 2222 2414 de
2264 2363 2330 2414 ti-

339 2447 612 2501 bicinibus
653 2447 706 2499 in
759 2446 1038 2499 hominum
1081 2446 1392 2500 celebritate
1432 2446 1774 2499 versantibus
1818 2455 1910 2500 aut
1954 2449 2005 2499 in
2050 2447 2323 2518 publicum

338 2535 760 2607 prodeuntibus,
798 2536 954 2596 σκεύη
996 2534 1141 2589 καλά
1183 2535 1360 2604 inepte
1396 2543 1919 2596 commemorantur,
1961 2552 2096 2606 quae
2137 2538 2326 2605 specio·

340 2641 453 2676 sam
493 2622 707 2676 aedium
749 2622 1158 2694 suppellectilem
1210 2622 1539 2692 significant.
1621 2621 1898 2676 Sententia
1951 2622 2051 2676 loci
2095 2625 2326 2694 postulat

338 2719 402 2765 ut
442 2719 654 2764 ornatus
691 2727 875 2766 eorum
916 2716 968 2763 et
1003 2718 1306 2763 ornamenta
1346 2719 1874 2774 commemorentur,
1915 2711 2110 2781 quibus
2149 2711 2324 2765 induti
2396 2706 2417 2767 ἐ

338 2801 473 2852 artis
534 2815 663 2852 suae
720 2798 1016 2869 specimina
1073 2798 1228 2852 edere
1270 2797 1545 2852 solebant:
1588 2798 1769 2869 itaque
1816 2799 2025 2868 corrige
2082 2800 2324 2862 σκευήν

335 2908 397 2942 τε
453 2887 664 2948 καλὴν
720 2886 1012 2948 κέκτηνται.
1092 2885 1225 2939 Nota
1281 2893 1334 2940 et
1384 2903 1473 2940 res
1527 2892 1580 2939 et
1633 2902 1827 2939 nomen
1887 2886 2028 2957 apud
2090 2886 2324 2941 artifices

335 2974 578 3028 scenicos
619 2981 671 3027 et
723 2975 958 3026 musicos
999 2990 1201 3027 omneS.
1272 2975 1523 3028 Arionem
1567 2981 1757 3028 auctor
1804 2981 1888 3028 e'st
1939 2974 2240 3028 Herodotus
2279 2975 2321 3028 l.

337 3066 427 3115 24.
471 3062 681 3115 ἐνδύντα
720 3082 780 3115 τε
834 3065 1059 3114 πᾶσαν
1111 3063 1227 3124 τὴν
1275 3064 1520 3123 σκευὴν
1576 3063 1663 3115 καὶ
1706 3063 1950 3127 λαβόντα
1991 3063 2082 3123 τὴν
2118 3062 2322 3130 κιθάρην

335 3151 596 3204 cecinisse
648 3150 702 3201 in
747 3149 904 3210 navi,
960 3155 1013 3202 et
1052 3150 1253 3219 passim
1303 3150 1500 3203 similia
1553 3149 1827 3219 leguntur.
1912 3149 2061 3216 Quod
2116 3149 2320 3204 addidit

332 3238 624 3309 Xenophon
671 3237 758 3291 καὶ
800 3237 1100 3297 ἀκολούθους
1159 3238 1381 3297 πολλοὺς
1438 3237 1892 3305 περιάγονται
1935 3239 2149 3307 egregie
2189 3238 2319 3291 facit
2393 3235 2401 3314 ’ζ

333 3325 399 3378 ad
442 3323 835 3378 emendandum
875 3323 1050 3377 locum
1111 3324 1486 3378 Demosthenis
1537 3326 1592 3377 in
1636 3322 1782 3377 Orat.
1823 3325 2058 3378 XXXVI.
2103 3329 2190 3379 45.
2252 3326 2315 3379 σὺ
2397 3347 2399 3351 ’

330 3413 425 3478 μὲν
465 3413 699 3478 χλανίδα
738 3417 910 3480 φορεῖς
953 3446 1024 3455 --
1065 3411 1152 3465 καὶ
1194 3419 1328 3478 ’τρεῖς
1367 3414 1562 3472 παῖδας
1603 3413 1905 3474 ἀκολούθους
1946 3434 2026 3467 πε
2041 3412 2314 3481 ριάγεις

327 3501 414 3554 καὶ
455 3500 543 3567 ζ’ᾖς
584 3502 858 3566 ἀσελγῶς,
901 3499 990 3552 ubi
1023 3499 1386 3570 reponendum
1431 3508 1511 3554 est
1552 3502 1855 3554 necessario
1897 3501 2151 3569 περιάγει.
2195 3501 2314 3555 Dis·

326 3589 529 3643 crimen
584 3589 726 3643 inter
769 3586 999 3656 περιάγω
1043 3596 1090 3642 et
1132 3588 1449 3656 περιάγομαι
1495 3595 1599 3643 lain
1645 3589 1990 3661 perspicuum
2030 3596 2109 3644 est
2148 3605 2307 3659 quam
