2436 4068
1335 185 1441 235 790

399 333 564 388 fuisse
599 331 823 384 sormam
861 329 1000 381 δύνω.
1083 325 1307 380 Perinde
1341 335 1420 381 est
1460 329 1514 380 in
1547 327 1695 380 Ionia
1735 327 1911 382 dicere
1953 329 2128 383 δύεται
2170 331 2192 382 ὁ
2229 331 2361 395 ἥλιος

399 430 453 476 et
503 424 524 475 ὁ
567 420 699 483 ἥλιος
741 419 904 478 δύνεις
963 416 1185 470 ἐνεδύετο
1224 421 1423 482 χιτῶνα
1466 415 1544 468 vel
1601 414 1826 478 ἐξεδύετο
1887 417 2028 488 apud
2078 417 2364 474 Homerum

398 517 478 564 est
518 509 738 562 ἔνδυνε
784 510 983 571 χιτῶνα
1032 511 1083 558 et
1136 503 1359 557 ἔκδυνε
1404 505 1641 570 χιτῶνα,
1685 506 1952 559 καταδύνω
1994 506 2171 559 Ionice
2224 506 2363 563 idem

396 605 477 651 est
510 603 668 664 atque
708 593 1069 655 καταδύομαι,
1116 592 1335 644 ὑποδύνω
1379 599 1539 663 atque
1573 595 1853 658 ὑποδύομαι
1879 635 1891 656 ,
1933 600 1985 647 et
2026 595 2103 647 sic
2146 595 2202 646 in
2246 612 2358 649 cae·

399 685 531 738 teris
573 680 877 751 compositis
918 679 981 732 ad
1026 695 1191 731 unum
1236 679 1512 742 omnibu&
1553 682 1708 733 cuius
1749 682 1825 734 rei
1866 680 2004 751 apud
2042 681 2364 747 Homerum,

398 769 759 828 Herodotum,
807 768 1181 837 Hippocratem
1223 774 1274 819 et
1316 783 1533 831 omnes,
1575 769 1667 837 qui
1726 768 1904 821 Ionica
1945 767 2170 822 dlalecto
2207 778 2362 823 utun-

397 868 522 921 tur,
564 855 764 909 affatim
802 863 881 907 est
923 854 1301 924 exemplorum.
1382 855 1560 908 Attica
1600 854 1859 908 dialectus
1899 872 1988 909 eas
2042 855 2240 910 formas
2282 875 2363 928 pe-

399 947 546 1000 nitus
588 945 833 1012 ignorat,
876 941 966 994 sed
1009 941 1220 1010 Tragici
1258 941 1502 996 lubenter
1544 950 1804 1013 usurpant
1845 950 1898 997 et
1938 945 2210 1014 sequiores
2250 945 2371 1000 inde

399 1034 463 1088 ab
505 1030 787 1086 Aristotele
829 1046 950 1083 cum
994 1029 1178 1083 multis
1219 1029 1338 1083 aliis
1389 1030 1582 1083 Ionicis
1622 1032 1746 1084 δυ’νω
1788 1048 1996 1102 quoque
2052 1040 2104 1086 et
2159 1050 2367 1104 compo-

399 1122 502 1176 sita
544 1124 877 1188 receperunt.
958 1117 1094 1170 Hinc
1130 1135 1284 1171 nemo
1321 1118 1608 1171 mirabitur
1640 1118 1840 1173 factum
1882 1137 2027 1184 esse,
2069 1128 2128 1174 ut
2161 1137 2189 1174 e
2223 1121 2367 1192 vulgi

397 1208 632 1276 συνηθείᾳ
664 1223 1064 1276 nonnumquam
1107 1207 1158 1258 in
1198 1207 1497 1258 Atticorum
1537 1207 1738 1277 scripta
1772 1208 2076 1279 irrepserit,
2118 1208 2206 1262 sed
2245 1210 2365 1264 δύνω

399 1314 525 1352 cum
567 1296 695 1346 vitio
735 1294 971 1347 ambulat
1010 1301 1061 1347 et
1097 1295 1270 1347 Attice
1318 1294 1546 1356 scientes
1587 1312 1689 1348 non
1730 1294 1890 1348 fallet.
1972 1295 2058 1350 Sic
2099 1296 2238 1367 apud
2275 1297 2367 1351 De·
2404 1287 2417 1322 Ψ

398 1382 733 1438 mosthenem
778 1399 824 1451 p.
866 1386 1007 1442 197,
1054 1385 1103 1433 7.
1163 1380 1302 1451 quod
1343 1382 1397 1433 in
1449 1382 1695 1436 omnibus
1741 1382 1892 1436 libris
1946 1391 2028 1438 est
2086 1386 2178 1451 πρὸ
2225 1385 2364 1448 ἡλίου
2411 1399 2436 1427 2

398 1474 687 1529 δύνοντος
731 1470 986 1522 vitiosum
1026 1475 1122 1522 est.
1165 1468 1516 1523 Athenienses
1555 1470 1801 1524 dicebant
1840 1474 1931 1539 πρὸ
1974 1473 2114 1534 ἡλίου
2153 1473 2323 1533 δύντος
2351 1514 2363 1536 ,
2400 1477 2411 1538 ξ’

400 1559 539 1632 quod
582 1559 815 1628 optimus
859 1556 894 1610 S
935 1557 1163 1611 servavit
1202 1555 1362 1610 solus.
1447 1557 1594 1624 Quod
1627 1559 1827 1630 legitur
1862 1559 1915 1612 in
1958 1559 2239 1614 Aeschinis
2282 1561 2364 1614 Ti·

400 1648 652 1705 nlarchea
709 1650 736 1716 §
781 1651 866 1700 12.
909 1646 961 1698 in
1004 1645 1151 1715 lege:
1206 1646 1518 1699 κλειέτωσαν
1578 1647 1629 1700 δὲ
1683 1648 1774 1714 πρὸ
1826 1647 1968 1710 ἡλίου
2024 1649 2368 1714 δύνοντος,
2404 1645 2417 1666 ⁵

402 1736 776 1793 commenticia
800 1735 887 1788 illa
909 1733 992 1787 lex
1022 1740 1138 1797 est,
1171 1741 1230 1786 ut
1253 1735 1431 1787 omnia
1463 1751 1598 1804 quae
1622 1741 1833 1805 praeter
1855 1735 1969 1806 ipsa
1991 1734 2229 1790 Oratoris
2253 1753 2367 1790 ver·
2402 1727 2412 1774 ἶ

398 1827 463 1881 ha
497 1824 636 1897 apud
672 1823 988 1877 Aeschinem
1027 1822 1297 1892 leguntur.
1379 1823 1665 1893 Xenophon
1702 1823 1888 1877 Ionum
1925 1824 2365 1879 consuetudinem
2421 1815 2423 1818 Α

401 1918 456 1969 in
508 1914 607 1967 hac
659 1929 868 1982 quoque
921 1928 978 1964 re
1034 1911 1278 1981 sequitur
1332 1909 1450 1976 ἅμα
1516 1912 1638 1978 ἡλίῳ
1707 1912 1956 1966 δύνοντι
2014 1912 2254 1966 scribens
2315 1914 2368 1967 in

401 2002 569 2058 Anah.
612 2001 675 2054 II.
719 2017 772 2052 11.
831 2004 936 2064 13,
992 2005 1044 2052 et
1107 2000 1196 2061 ἤδη
1258 2000 1398 2062 ἡλίου
1456 1999 1746 2060 δύνοντος
1810 1998 1934 2053 ibid.
1978 1999 2042 2053 II.
2085 2018 2140 2053 11.
2195 2005 2264 2064 5,
2319 2007 2371 2055 et

403 2090 521 2158 ἅμα
574 2091 643 2156 τῷ
690 2090 810 2155 ἡλίῳ
866 2089 1108 2141 δύνοντι
1167 2087 1367 2141 Hellen.
1406 2086 1444 2140 I.
1487 2103 1553 2140 vt.
1599 2089 1686 2140 21.
1768 2086 2012 2141 Caeteros
2061 2105 2244 2143 omnes
2291 2090 2372 2143 vi·
2412 2083 2419 2157 J

398 2179 551 2233 debis
592 2182 898 2231 constanter
934 2174 1168 2238 δυομένου
1211 2182 1262 2228 et
1294 2175 1509 2242 δυομένῳ
1548 2175 1600 2227 in
1642 2190 1703 2228 ea
1736 2191 1794 2229 re
1834 2174 2142 2229 scribentes,
2225 2177 2368 2231 Δύνω
2420 2231 2422 2236 ,

401 2273 613 2338 praeter
664 2262 961 2334 praesentis
1018 2260 1243 2314 sormam
1298 2269 1350 2315 et
1410 2262 1708 2332 imperfecti
1762 2262 1923 2316 ἔδυνον
1978 2262 2081 2316 alia
2133 2183 2424 2372 ῑειῃροηιξ

400 2372 504 2408 non
556 2352 737 2406 hahet:
794 2350 1030 2404 δύσεσθαι
1074 2351 1216 2403 enim
1259 2357 1309 2403 et
1351 2351 1493 2404 δῦναι
1546 2349 1812 2404 dicebant.
1893 2350 2031 2404 Faex
2089 2350 2368 2405 Graeculo·
2406 2370 2425 2446 ἦ

401 2460 522 2498 rum
565 2440 711 2494 ἕδυνα
753 2446 803 2492 et
845 2439 995 2498 δύνας
1031 2438 1202 2508 coepit
1243 2437 1421 2491 dicere
1455 2446 1505 2492 et
1540 2438 1824 2502 κατέδυνα,
1864 2439 2194 2504 καταδύνας,
2235 2455 2370 2509 quae
2434 2467 2436 2473 ·

402 2541 458 2586 et
497 2531 609 2601 ipsa
649 2526 873 2581 subinde
913 2527 1258 2579 insinuarunt
1298 2543 1412 2580 sese
1447 2527 1499 2579 in
1543 2527 1898 2598 Antiquorum
1934 2526 2113 2580 libros,
2192 2525 2370 2580 Etiam
2406 2436 2426 2595 ζ.

403 2620 616 2683 δύνομαι
654 2616 741 2669 hic
767 2615 873 2668 illic
896 2615 1226 2685 conspicitur
1266 2621 1318 2668 et
1359 2616 1687 2682 παρεδύνοντο
1730 2622 1782 2669 et
1821 2615 2180 2679 κατεδύνοντο,
2220 2614 2370 2669 foeda
2404 2595 2436 2675 i

402 2707 691 2762 barbarieS.
785 2703 1060 2759 Graeculis
1104 2705 1266 2757 etiam
1303 2735 1379 2743 —
1417 2703 1666 2768 διδύσκω,
1706 2703 1976 2758 ἐκδιδύσκω
1999 2745 2014 2768 ,
2053 2705 2421 2762 ἀποδιδύσκω’·
2428 2747 2430 2750 .

403 2797 602 2852 usitata
643 2799 802 2857 sunt,
842 2791 1127 2846 Veteribus
1168 2791 1425 2845 inaudita.
1505 2792 1683 2846 Etiam
1717 2823 1792 2835 -—
1828 2793 1976 2846 δυνέω
2019 2791 2173 2846 finxit
2211 2792 2405 2845 libra-

401 2887 607 2940 riorum
645 2881 825 2943 nati0,
867 2879 1006 2951 quod
1059 2881 1112 2933 in
1155 2897 1261 2933 uno
1298 2879 1413 2933 loco
1454 2880 1701 2934 Herodoti
1753 2881 2082 2952 conspicitur
2122 2882 2175 2933 in
2218 2880 2368 2933 lihiis
2407 2875 2422 2925 ἒ

403 2979 615 3046 praeter
666 2985 832 3022 unum
889 2967 1152 3022 omuibus.
1194 2968 1284 3021 IlI
1329 2972 1435 3022 98:
1479 2971 1541 3028 ὡς
1583 2969 1776 3035 θώρηκα
1825 2968 2236 3022 ἐνδυνέουσι;
2279 2985 2404 3040 op·
2400 2930 2426 3010 εἰ

400 3063 534 3117 time
574 3056 878 3114 Dindorfius
917 3057 1161 3110 ἐνδύνουσι
1203 3057 1454 3127 leposuit.
2400 3023 2420 3133 ’Ξ

481 3150 735 3220 Superest
773 3144 1001 3214 denique
1057 3150 1112 3196 ut
1156 3143 1220 3198 de
1260 3145 1558 3214 quantitate
1596 3145 1791 3199 vocalis
1830 3166 1857 3197 υ
1897 3144 2090 3198 dicam.
2171 3143 2420 3201 Produa
2406 3165 2415 3179 ·

402 3241 548 3295 citur
595 3237 651 3288 in
691 3234 924 3286 omnibus
976 3239 1349 3303 praeterquam
1398 3234 1452 3286 in
1480 3234 1722 3304 =passivis
1761 3265 1835 3274 -—
1867 3233 2110 3298 δέδυμαι,
2150 3265 2225 3272 --
2263 3232 2368 3286 εδύ·

403 3331 525 3390 θην,
572 3355 642 3367 ,-
680 3323 955 3385 δυθὴσομαι
1011 3320 1422 3390 nominibusque
1472 3320 1718 3374 omnibus
1774 3319 1839 3374 ab
1877 3338 1937 3375 eo
1981 3320 2140 3375 verbo
2180 3320 2368 3374 forma·
2408 3324 2411 3370 ἓ

404 3418 476 3471 tis
529 3413 719 3475 δύτης,
781 3409 991 3471 ἄδυτον,
1051 3408 1279 3471 ἕνδυτον,
1335 3409 1656 3472 κατάδυσις,
1708 3410 2034 3477 οὶποδυτὴριον
2095 3415 2219 3462 cett.
2278 3407 2368 3462 sed

403 3505 596 3568 ἔνδυμα
637 3499 806 3553 solum
848 3515 911 3552 ex
953 3503 1099 3551 certa
1137 3496 1344 3566 antiqui
1395 3498 1655 3550 sermonis
1706 3497 1948 3569 analogia
1985 3496 2366 3568 paenultimam

407 3590 684 3662 producit,
726 3594 786 3641 ut
806 3591 985 3652 λῦμα,
1030 3584 1348 3651 κατάλυμα,
1388 3589 1578 3654 φῦμα,
1621 3591 1845 3653 πλῦμα,
1885 3593 1937 3642 et
1966 3586 2187 3641 omnino
2221 3581 2368 3655 quid·
