2436 4068
1367 198 1470 247 718

424 348 505 395 est
541 342 683 395 circa
739 357 937 393 annum
976 343 1113 399 754,
1157 339 1357 409 Ephori
1400 341 1638 392 instituti
1680 347 1821 394 sunt.
1902 342 2110 397 Dixeris
2151 360 2262 399 rem
2311 363 2389 400 sa-

424 430 494 482 tis
535 428 859 498 exploratam
902 443 1017 480 esse
1067 426 1255 480 videri.
1340 427 1478 481 Audi
1520 445 1662 480 nunc
1717 427 1848 481 alios
1896 435 2088 484 testes:
2131 431 2390 502 Diogenes

421 517 596 570 Laert.
633 517 671 568 I.
717 519 820 568 68:
879 515 1071 568 Χείλων
1109 521 1303 581 πρῶτος
1343 517 1658 580 εἰσηγήσαιτο
1708 515 1916 583 ἐφόρους
1955 524 2059 578 τοῖς
2109 520 2388 584 βασιλεῦσι

421 604 868 671 παραζευγνύναι,
909 618 1046 672 quae
1088 603 1246 657 verba
1290 602 1488 656 frustra
1526 602 1669 656 docti
1709 603 1947 658 homines
1983 607 2036 658 in
2079 605 2237 660 aliam
2274 624 2388 662 sen-

422 692 646 746 tentiam
692 690 1056 761 distorquent,
1117 707 1181 744 ne
1229 690 1446 744 Chilone
1498 699 1752 756 auctore,
1808 694 1899 762 qui
1940 692 2116 747 Soloni
2153 695 2389 765 aequalis

422 779 562 843 fuit,
611 778 810 849 Ephori
853 779 1088 831 instituti
1145 795 1257 832 esse
1304 779 1575 834 dicantur.
1655 780 1912 834 Immanis
1950 797 2100 834 error
2133 789 2242 845 est,
2297 784 2390 838 sed

421 868 474 919 in
530 867 761 936 Diogene
817 866 890 918 nil
940 866 1266 920 mirandum.
1350 866 1511 920 Addit
1549 867 1835 937 Diogenes:
1898 866 2124 935 Σάτυρος
2175 871 2226 923 δὲ
2278 880 2389 925 Λυ-

420 959 665 1020 κοῦργονε
708 961 760 1007 et
805 953 1060 1026 Satyrum
1097 954 1313 1024 quidem
1352 962 1692 1009 contemnere
1725 962 1778 1009 et
1817 956 1933 1009 eius
1980 955 2137 1010 fidem
2185 957 2402 1015 elevarev

417 1041 572 1096 facile
618 1048 959 1095 est2>verum
1002 1041 1131 1112 quid
1173 1042 1434 1096 Herodoto
1475 1042 1674 1106 facias,
1716 1045 1808 1114 qui
1851 1045 1904 1096 in
1941 1042 2075 1096 libro
2106 1044 2144 1099 1.
2184 1049 2271 1099 65.
2312 1047 2411 1102 sic-

420 1130 637 1184 scribit:
678 1130 820 1195 μετοὶ
860 1131 912 1183 δὲ
954 1130 1026 1183 τοὶ
1065 1131 1115 1190 ἐς
1159 1130 1386 1195 πόλεμον
1427 1130 1620 1197 ἔχοντα
1667 1132 1946 1196 ἐνωμοτίας
1986 1132 2072 1185 καὶ
2115 1133 2427 1203 τριηκάδας»

419 1219 506 1272 καὶ
563 1220 804 1272 συσσίτια
852 1217 972 1285 πρός
1025 1239 1083 1271 τε
1131 1218 1347 1273 τούτοισι
1402 1220 1556 1279 τοὺς
1603 1218 1878 1287 ἐφόρους
1936 1219 2043 1272 καὶ
2102 1219 2238 1294 (τοὺς
2296 1221 2391 1277 ad-

420 1307 676 1379 dendum>
718 1306 1048 1373 γέροντας
1092 1305 1241 1367 ἔςησε
1282 1311 1594 1375 Λυκοῦργος.
1675 1307 1810 1360 Falli
1849 1307 1904 1360 in
1942 1323 2002 1360 ea
2039 1324 2096 1361 re
2132 1308 2387 1366 historiae
2422 1317 2424 1322 ⁸

417 1404 698 1468 parentem
764 1392 1009 1464 equidem
1075 1393 1208 1446 mihi
1266 1412 1486 1465 prorsus
1546 1395 2386 1467 persuadensquemadmodum

417 1484 594 1556 paullo
636 1489 789 1544 ante,
827 1481 915 1534 ubi
951 1480 1139 1535 scribit
1179 1482 1486 1554 Lycurgum
1529 1486 1894 1552 ἐπιτροπεῦσαι
1917 1485 2212 1550 Λεωβώτεω
2234 1474 2415 1542 daea-s

417 1573 594 1642 φιδέου
627 1572 720 1636 μὲν
756 1572 938 1623 ἑωυτοῦ
976 1570 1343 1634 βασιλεύοντος
1384 1573 1434 1625 δὲ
1472 1573 1867 1640 Σπαρτιητέων,
1909 1580 2115 1626 certum
2151 1580 2231 1628 est
2266 1591 2388 1630 eum

418 1677 601 1714 errare
644 1666 696 1712 et
739 1657 1061 1721 Charillum‚
1103 1675 1204 1710 non
1247 1658 1529 1722 Labotam,
1584 1661 1830 1732 Lycurgo
1885 1661 2181 1732 patruelem
2231 1660 2409 1722 fuisse⁴

418 1765 585 1820 eoque
621 1754 797 1801 tutore
838 1763 1024 1810 usum,
1067 1753 1119 1800 et
1162 1746 1365 1800 nullum
1404 1749 1451 1800 ἐν
1485 1754 1590 1807 τοῖς
1624 1751 2035 1816 Εὐρυπωντίδαις
2074 1749 2240 1804 fuisse
2279 1760 2391 1804 Λα-

417 1839 594 1905 βώταν
637 1837 747 1887 sive
791 1834 872 1907 (ut
920 1834 1073 1888 Iones
1129 1834 1398 1904 dicebant)
1455 1838 1777 1902 Λεωβώτην,
1831 1837 1922 1891 sed
1963 1838 2012 1890 ἐν
2053 1845 2158 1899 τοῖς
2204 1839 2387 1904 ’Apad-

418 1930 549 1988 δαις.
630 1922 881 1978 Herodoti
923 1929 1097 1976 aetate
1135 1924 1212 1977 sic
1247 1925 1416 1977 errari
1460 1931 1694 1995 poterat:
1736 1925 2013 1979 audiverat
2055 1925 2183 1980 haec
2231 1927 2390 1980 Hero-

419 2016 576 2069 dotus
621 2012 685 2066 ab
726 2011 855 2081 ipsis
907 2010 1217 2080 Spartanis:
1259 2015 1321 2072 ὡς
1375 2011 1519 2066 αὐτοὶ
1560 2013 1955 2079 Λακεδαιμόνιοι
1995 2014 2206 2079 λέγουσι
2257 2015 2390 2069 scri-
2415 2031 2422 2073 ἱ,

416 2104 513 2158 hit.
600 2099 845 2156 Nondum
904 2098 1034 2153 haec
1090 2100 1434 2163 AristoteleS,
1488 2100 1724 2154 nondum
1767 2100 2013 2172 Ephorus
2050 2103 2415 2157 exactissima*

416 2207 548 2246 cura
586 2195 739 2243 erant
788 2189 1132 2257 perscrutati.
1220 2187 1482 2241 Volitabat
1533 2188 1673 2242 sama
1714 2206 1776 2242 ex
1819 2187 2096 2244 hominum
2134 2191 2415 2247 sermoni·¹

417 2279 518 2333 bus
560 2274 973 2345 rumoribusque
1018 2275 1237 2329 collecta

644 2371 752 2417 tam
799 2362 907 2416 ficti
948 2364 1207 2434 pravique
1250 2372 1405 2418 tenax
1447 2381 1606 2435 quam
1650 2365 1848 2418 nuncia
1888 2365 2016 2419 veri.

416 2454 595 2511 Facile
655 2451 869 2505 credam
921 2452 1210 2505 nescivisse
1275 2454 1451 2523 ipsum
1523 2452 1830 2522 Agesilaum
1890 2459 2235 2525 caeterosque
2284 2454 2389 2508 Xe·

417 2541 703 2614 nophontis
756 2539 957 2592 amicos
1012 2538 1300 2610 Spartanos
1354 2541 1474 2611 quis
1526 2557 1629 2611 quo
1669 2547 1911 2612 tempore
1950 2540 2188 2612 Ephoros
2238 2542 2389 2595 insti-

415 2632 625 2686 tuisset.
707 2626 844 2694 Quid
891 2627 1094 2697 igitur?
1160 2627 1267 2681 Hoc
1307 2644 1518 2699 quoque
1567 2628 1631 2682 ad
1672 2628 1906 2701 Lycurgi
1947 2630 2264 2700 sapientiam
2309 2646 2414 2697 re·>

374 2744 383 2756 κ
418 2720 606 2773 fertur.
686 2714 825 2768 Audi
867 2715 1268 2786 Xenophontem
1311 2715 1450 2770 VIII.
1493 2720 1542 2770 5.
1596 2717 1726 2777 εἰκὸς
1775 2717 1826 2770 δὲ
1873 2718 1959 2771 καὶ
1994 2718 2084 2778 τὴν
2128 2725 2220 2780 τῆς
2272 2720 2415 2790 {qvo-4

416 2807 552 2875 ρείας
601 2803 814 2867 δύναμιν
863 2804 980 2863 τοὺς
1028 2800 1213 2864 αὐτοὺς
1262 2806 1469 2865 τούτους
1511 2804 2050 2869 συγκατασκευάσαι,
2093 2806 2148 2858 in
2192 2802 2406 2876 quibus

416 2892 595 2947 verbis
634 2890 891 2955 >nonnulli
944 2892 1058 2944 sine
1109 2908 1270 2945 causa
1328 2892 1634 2946 haeserunt.
1715 2892 1954 2962 Namque
2006 2900 2250 2963 apertum
2308 2888 2405 2947 est

418 2978 838 3049 Xenophontem·
861 2977 1042 3033 dicere
1078 2967 1419 3052 Lycurgum,
1455 2997 1619 3051 quum
1665 2980 1906 3051 Ephoros
1940 2982 2279 3046 institueret,
2328 2981 2421 3051 inf¹

416 3086 480 3125 ea
518 3085 576 3122 re
637 3066 941 3137 principum
983 3066 1218 3120 civitatis
1274 3085 1431 3139 opera
1487 3068 1721 3122 adiutum
1762 3068 1924 3122 fuisse
1965 3068 2170 3123 videri:
2229 3070 2252 3123 ὅ
2289 3069 2413 3135 μὲν

417 3152 710 3222 Λυκοῦργος
747 3155 837 3215 τὴν
878 3159 970 3214 τῆς
1011 3155 1245 3221 ἐφορείας
1298 3157 1512 3221 δύναμιν
1557 3156 1942 3210 κατεσκεύασεν
1987 3156 2168 3229 (idque
2209 3158 2382 3228 ipsum
2401 3158 2409 3181 ’·

416 3263 482 3301 ex
522 3245 621 3298 hoc
665 3243 776 3296 loco
816 3242 1080 3312 excerpsit
1123 3242 1380 3297 Stobaeus
1441 3243 1579 3297 Flor.
1620 3247 1721 3304 44,
1768 3243 1901 3315 57),
1959 3245 2002 3298 οἱ
2055 3246 2107 3299 δὲ
2156 3245 2379 3312 nimia-1501

416 3339 513 3389 τῶν
549 3334 598 3385 ἐν
633 3318 885 3399 τῇπόλει
921 3330 1091 3396 αὐτῷ,
1130 3333 1194 3390 ὡς
1229 3333 1392 3395 εἰκὸς,
1434 3332 2131 3396 συγκατεσκεύασαν.
2211 3333 2381 3404 Ephe·

416 3439 510 3476 ros·
544 3437 573 3474 a
614 3410 861 3491 Lycurgo
902 3417 1177 3470 institutos
1220 3435 1313 3488 pro
1354 3425 1499 3471 certo
1555 3419 1734 3488 ponit,
1789 3421 2095 3491 principum
2148 3422 2381 3474 civitatis

415 3523 679 3563 consensu
719 3506 996 3558 institutos
1037 3521 1153 3558 esse
1206 3505 1472 3576 probabile
1513 3523 1626 3560 esse
1676 3506 1823 3560 dicit.
1903 3509 2070 3562 Error
2109 3515 2190 3562 est
2235 3516 2380 3562 vetus

416 3603 469 3651 et
512 3596 594 3669 (ὡς
630 3591 779 3665 εἰκός)
825 3599 946 3648 ante
999 3592 1339 3648 Aristotelem
1375 3602 1426 3648 et
1462 3593 1734 3666 Ephorum
1763 3586 2024 3650 'omnihus
2066 3597 2400 3652 communis
