<?xml version="1.0" encoding="UTF-8"?>
<!DOCTYPE html PUBLIC "-//W3C//DTD XHTML 1.0 Transitional//EN"
    "http://www.w3.org/TR/xhtml1/DTD/xhtml1-transitional.dtd">
<html xmlns="http://www.w3.org/1999/xhtml" xml:lang="en" lang="en">
 <head>
  <title>
</title>
<meta http-equiv="Content-Type" content="text/html;charset=utf-8" />
  <meta name='ocr-system' content='tesseract 3.04.00' />
  <meta name='ocr-capabilities' content='ocr_page ocr_carea ocr_par ocr_line ocrx_word'/>
</head>
<body>
  <div class='ocr_page' id='page_1' title='image "./novaelectionesqu00cobeuoft/novaelectionesqu00cobeuoft_0183.png"; bbox 0 0 2436 4068; ppageno 0'>
   <div class='ocr_carea' id='block_1_1' title="bbox 1050 231 1154 282">
    <p class='ocr_par' dir='ltr' id='par_1_1' title="bbox 1050 231 1154 282">
     <span class='ocr_line' id='line_1_1' title="bbox 1050 231 1154 282; baseline 0.01 -1"><span class='ocrx_word' id='word_1_1' title='bbox 1050 231 1154 282; x_wconf 81' lang='lat'><strong>149</strong></span> 
     </span>
    </p>
   </div>
   <div class='ocr_carea' id='block_1_2' title="bbox 32 372 2153 3702">
    <p class='ocr_par' dir='ltr' id='par_1_2' title="bbox 100 372 2153 881">
     <span class='ocr_line' id='line_1_2' title="bbox 107 372 2101 447; baseline -0.002 -15"><span class='ocrx_word' id='word_1_2' title='bbox 107 376 278 440; x_wconf 88' lang='lat' dir='ltr'><strong>didis,</strong></span> <span class='ocrx_word' id='word_1_3' title='bbox 335 375 427 447; x_wconf 90' lang='lat' dir='ltr'><strong>qui</strong></span> <span class='ocrx_word' id='word_1_4' title='bbox 469 373 621 428; x_wconf 81' lang='lat' dir='ltr'><strong>valde</strong></span> <span class='ocrx_word' id='word_1_5' title='bbox 672 372 1025 446; x_wconf 81' lang='lat' dir='ltr'><strong>interpolatus</strong></span> <span class='ocrx_word' id='word_1_6' title='bbox 1067 374 1134 428; x_wconf 92' lang='lat' dir='ltr'><strong>ad</strong></span> <span class='ocrx_word' id='word_1_7' title='bbox 1176 391 1271 428; x_wconf 90' lang='lat' dir='ltr'><strong>nos</strong></span> <span class='ocrx_word' id='word_1_8' title='bbox 1321 374 1591 445; x_wconf 88' lang='lat' dir='ltr'><strong>pervenit,</strong></span> <span class='ocrx_word' id='word_1_9' title='bbox 1648 373 1788 428; x_wconf 85' lang='lat' dir='ltr'><strong>idem</strong></span> <span class='ocrx_word' id='word_1_10' title='bbox 1830 373 1984 446; x_wconf 87' lang='lat' dir='ltr'><strong>plane</strong></span> <span class='ocrx_word' id='word_1_11' title='bbox 2027 374 2101 429; x_wconf 83' lang='lat' dir='ltr'><strong>sa·</strong></span> 
     </span>
     <span class='ocr_line' id='line_1_3' title="bbox 110 459 2101 534; baseline -0.002 -15"><span class='ocrx_word' id='word_1_12' title='bbox 110 472 257 519; x_wconf 86' lang='lat' dir='ltr'><strong>ctum</strong></span> <span class='ocrx_word' id='word_1_13' title='bbox 314 480 430 516; x_wconf 84' lang='lat' dir='ltr'><strong>esse</strong></span> <span class='ocrx_word' id='word_1_14' title='bbox 469 463 713 534; x_wconf 83' lang='lat' dir='ltr'><strong>suspicor</strong></span> <span class='ocrx_word' id='word_1_15' title='bbox 752 462 840 515; x_wconf 89' lang='lat' dir='ltr'><strong>lV.</strong></span> <span class='ocrx_word' id='word_1_16' title='bbox 881 465 954 516; x_wconf 87' lang='lat'><strong>60</strong></span> <span class='ocrx_word' id='word_1_17' title='bbox 999 459 1123 516; x_wconf 74' lang='grc' dir='ltr'><em>ὅταν</em></span> <span class='ocrx_word' id='word_1_18' title='bbox 1175 464 1359 527; x_wconf 70' lang='grc' dir='ltr'><em>γνῶσιν</em></span> <span class='ocrx_word' id='word_1_19' title='bbox 1398 463 1535 526; x_wconf 67' lang='grc' dir='ltr'><em>ὑμᾶς</em></span> <span class='ocrx_word' id='word_1_20' title='bbox 1586 462 2004 530; x_wconf 72' lang='grc' dir='ltr'><em>τετρυχωμένους</em></span> <span class='ocrx_word' id='word_1_21' title='bbox 2046 470 2101 515; x_wconf 83' lang='lat' dir='ltr'><strong>et.</strong></span> 
     </span>
     <span class='ocr_line' id='line_1_4' title="bbox 107 549 2094 618; baseline 0 -16"><span class='ocrx_word' id='word_1_22' title='bbox 107 551 221 605; x_wconf 84' lang='lat' dir='ltr'><strong>vll.</strong></span> <span class='ocrx_word' id='word_1_23' title='bbox 260 554 330 604; x_wconf 71' lang='lat'><strong>28</strong></span> <span class='ocrx_word' id='word_1_24' title='bbox 379 552 470 614; x_wconf 78' lang='grc' dir='ltr'><strong>ἤδη</strong></span> <span class='ocrx_word' id='word_1_25' title='bbox 510 553 582 618; x_wconf 80' lang='grc' dir='ltr'><strong>τῷ</strong></span> <span class='ocrx_word' id='word_1_26' title='bbox 626 551 835 617; x_wconf 84' lang='grc' dir='ltr'><em>πολέμῳ</em></span> <span class='ocrx_word' id='word_1_27' title='bbox 886 550 1026 603; x_wconf 71' lang='grc' dir='ltr'><em>κατὰ</em></span> <span class='ocrx_word' id='word_1_28' title='bbox 1068 549 1248 604; x_wconf 68' lang='grc' dir='ltr'><em>πάντα</em></span> <span class='ocrx_word' id='word_1_29' title='bbox 1295 549 1697 618; x_wconf 75' lang='grc' dir='ltr'><em>τετρυχωμέναι,</em></span> <span class='ocrx_word' id='word_1_30' title='bbox 1750 556 1802 603; x_wconf 83' lang='lat' dir='ltr'><strong>et</strong></span> <span class='ocrx_word' id='word_1_31' title='bbox 1847 550 2094 617; x_wconf 82' lang='grc' dir='ltr'><em>τετρυμέ-</em></span> 
     </span>
     <span class='ocr_line' id='line_1_5' title="bbox 102 635 2153 708; baseline -0.001 -15"><span class='ocrx_word' id='word_1_32' title='bbox 102 659 212 699; x_wconf 77' lang='grc' dir='ltr'><em>νους</em></span> <span class='ocrx_word' id='word_1_33' title='bbox 256 670 330 678; x_wconf 93' lang='grc'><strong>-</strong></span> <span class='ocrx_word' id='word_1_34' title='bbox 367 637 661 706; x_wconf 81' lang='grc' dir='ltr'><strong><em>τετρυμένοι</em></strong></span> <span class='ocrx_word' id='word_1_35' title='bbox 697 635 1098 690; x_wconf 90' lang='lat' dir='ltr'><strong>rescribendum</strong></span> <span class='ocrx_word' id='word_1_36' title='bbox 1141 653 1256 690; x_wconf 92' lang='lat' dir='ltr'><strong>esse</strong></span> <span class='ocrx_word' id='word_1_37' title='bbox 1293 654 1515 700; x_wconf 88' lang='lat' dir='ltr'><strong>censeo,</strong></span> <span class='ocrx_word' id='word_1_38' title='bbox 1550 637 1802 708; x_wconf 88' lang='lat' dir='ltr'><strong>quoniam</strong></span> <span class='ocrx_word' id='word_1_39' title='bbox 1831 638 2093 705; x_wconf 81' lang='grc' dir='ltr'><em>τρύχομαι</em></span> <span class='ocrx_word' id='word_1_40' title='bbox 2151 699 2153 703; x_wconf 18' lang='lat' dir='ltr'>s</span> 
     </span>
     <span class='ocr_line' id='line_1_6' title="bbox 100 723 2095 798; baseline -0.001 -18"><span class='ocrx_word' id='word_1_41' title='bbox 100 727 385 798; x_wconf 82' lang='lat' dir='ltr'><strong>antiquum</strong></span> <span class='ocrx_word' id='word_1_42' title='bbox 425 734 507 781; x_wconf 86' lang='lat' dir='ltr'><strong>est</strong></span> <span class='ocrx_word' id='word_1_43' title='bbox 538 732 590 780; x_wconf 84' lang='lat' dir='ltr'><strong>et</strong></span> <span class='ocrx_word' id='word_1_44' title='bbox 625 724 905 791; x_wconf 82' lang='grc' dir='ltr'><em>τέτρυμαι,</em></span> <span class='ocrx_word' id='word_1_45' title='bbox 946 723 1036 778; x_wconf 87' lang='lat' dir='ltr'><strong>sed</strong></span> <span class='ocrx_word' id='word_1_46' title='bbox 1065 729 1357 792; x_wconf 78' lang='grc' dir='ltr'><em>τρυχοῦμαι</em></span> <span class='ocrx_word' id='word_1_47' title='bbox 1393 732 1445 779; x_wconf 85' lang='lat' dir='ltr'><strong>et</strong></span> <span class='ocrx_word' id='word_1_48' title='bbox 1475 725 1849 794; x_wconf 82' lang='grc' dir='ltr'><em>τετρυχωμένοι</em></span> <span class='ocrx_word' id='word_1_49' title='bbox 1893 724 2095 779; x_wconf 79' lang='lat' dir='ltr'><strong>formae</strong></span> 
     </span>
     <span class='ocr_line' id='line_1_7' title="bbox 101 810 1104 881; baseline -0.004 -12"><span class='ocrx_word' id='word_1_50' title='bbox 101 820 190 869; x_wconf 82' lang='grc' dir='ltr'><strong>τοῦ</strong></span> <span class='ocrx_word' id='word_1_51' title='bbox 227 818 434 881; x_wconf 77' lang='grc' dir='ltr'><em>πονηροῦ</em></span> <span class='ocrx_word' id='word_1_52' title='bbox 471 812 742 877; x_wconf 77' lang='grc' dir='ltr'><em>κόμματος</em></span> <span class='ocrx_word' id='word_1_53' title='bbox 776 810 1104 881; x_wconf 85' lang='lat' dir='ltr'><strong>sequiorum.</strong></span> 
     </span>
    </p>

    <p class='ocr_par' dir='ltr' id='par_1_3' title="bbox 176 897 1561 972">
     <span class='ocr_line' id='line_1_8' title="bbox 176 897 1561 972; baseline -0.001 -15"><span class='ocrx_word' id='word_1_54' title='bbox 176 902 405 957; x_wconf 87' lang='lat' dir='ltr'><strong>Cratetis</strong></span> <span class='ocrx_word' id='word_1_55' title='bbox 436 900 798 972; x_wconf 71' lang='lat' dir='ltr'><strong>fragmentum</strong></span> <span class='ocrx_word' id='word_1_56' title='bbox 839 897 982 969; x_wconf 87' lang='lat' dir='ltr'><strong>apud</strong></span> <span class='ocrx_word' id='word_1_57' title='bbox 1022 898 1215 954; x_wconf 87' lang='lat' dir='ltr'><strong>Athen.</strong></span> <span class='ocrx_word' id='word_1_58' title='bbox 1259 917 1308 971; x_wconf 89' lang='lat' dir='ltr'><strong>p.</strong></span> <span class='ocrx_word' id='word_1_59' title='bbox 1337 905 1460 955; x_wconf 86' lang='lat'><strong>117.</strong></span> <span class='ocrx_word' id='word_1_60' title='bbox 1499 900 1561 955; x_wconf 89' lang='lat' dir='ltr'><strong>D.</strong></span> 
     </span>
    </p>

    <p class='ocr_par' dir='ltr' id='par_1_4' title="bbox 402 986 1709 1057">
     <span class='ocr_line' id='line_1_9' title="bbox 402 986 1709 1057; baseline -0.002 -12"><span class='ocrx_word' id='word_1_61' title='bbox 402 988 624 1055; x_wconf 65' lang='grc' dir='ltr'><em>Σκυτίνῃ</em></span> <span class='ocrx_word' id='word_1_62' title='bbox 660 987 777 1041; x_wconf 89' lang='grc' dir='ltr'><em>ποτ’</em></span> <span class='ocrx_word' id='word_1_63' title='bbox 816 987 867 1039; x_wconf 82' lang='grc' dir='ltr'><strong>ἐν</strong></span> <span class='ocrx_word' id='word_1_64' title='bbox 906 986 1082 1056; x_wconf 78' lang='grc' dir='ltr'><em>χύτρα</em></span> <span class='ocrx_word' id='word_1_65' title='bbox 1122 986 1336 1054; x_wconf 69' lang='grc' dir='ltr'><em>τάριχος</em></span> <span class='ocrx_word' id='word_1_66' title='bbox 1377 988 1709 1057; x_wconf 74' lang='grc' dir='ltr'><em>ἐλεφάντινον</em></span> 
     </span>
    </p>

    <p class='ocr_par' dir='ltr' id='par_1_5' title="bbox 94 1074 2092 1679">
     <span class='ocr_line' id='line_1_10' title="bbox 399 1074 1706 1144; baseline -0.002 -13"><span class='ocrx_word' id='word_1_67' title='bbox 399 1074 501 1144; x_wconf 75' lang='grc' dir='ltr'><strong>ἧψε</strong></span> <span class='ocrx_word' id='word_1_68' title='bbox 536 1076 749 1136; x_wconf 70' lang='grc' dir='ltr'><em>ποντιὰς</em></span> <span class='ocrx_word' id='word_1_69' title='bbox 788 1076 992 1143; x_wconf 75' lang='grc' dir='ltr'><em>χελώνη</em></span> <span class='ocrx_word' id='word_1_70' title='bbox 1027 1076 1302 1130; x_wconf 80' lang='grc' dir='ltr'><em>πευκίνοισι</em></span> <span class='ocrx_word' id='word_1_71' title='bbox 1338 1076 1564 1141; x_wconf 81' lang='grc' dir='ltr'><em>κύμασιν</em></span> <span class='ocrx_word' id='word_1_72' title='bbox 1597 1077 1706 1129; x_wconf 81' lang='grc' dir='ltr'><em>κτὲ.</em></span> 
     </span>
     <span class='ocr_line' id='line_1_11' title="bbox 99 1162 2090 1237; baseline -0.002 -17"><span class='ocrx_word' id='word_1_73' title='bbox 99 1166 176 1220; x_wconf 90' lang='lat' dir='ltr'><strong>ita</strong></span> <span class='ocrx_word' id='word_1_74' title='bbox 215 1166 477 1237; x_wconf 91' lang='lat' dir='ltr'><strong>scriptum</strong></span> <span class='ocrx_word' id='word_1_75' title='bbox 515 1171 624 1224; x_wconf 88' lang='lat' dir='ltr'><strong>est,</strong></span> <span class='ocrx_word' id='word_1_76' title='bbox 680 1170 740 1217; x_wconf 88' lang='lat' dir='ltr'><strong>ut</strong></span> <span class='ocrx_word' id='word_1_77' title='bbox 784 1162 1088 1217; x_wconf 82' lang='lat' dir='ltr'><strong>scurriliter</strong></span> <span class='ocrx_word' id='word_1_78' title='bbox 1125 1170 1577 1235; x_wconf 74' lang='lat' dir='ltr'><strong>componerentur</strong></span> <span class='ocrx_word' id='word_1_79' title='bbox 1615 1162 1847 1229; x_wconf 74' lang='grc' dir='ltr'><em>ὀνόματα</em></span> <span class='ocrx_word' id='word_1_80' title='bbox 1883 1163 1969 1218; x_wconf 80' lang='grc' dir='ltr'><strong>καὶ</strong></span> <span class='ocrx_word' id='word_1_81' title='bbox 2011 1167 2090 1232; x_wconf 77' lang='grc' dir='ltr'><strong>ῥή-</strong></span> 
     </span>
     <span class='ocr_line' id='line_1_12' title="bbox 94 1249 2092 1324; baseline -0.001 -17"><span class='ocrx_word' id='word_1_82' title='bbox 94 1273 248 1320; x_wconf 76' lang='grc' dir='ltr'><em>ματα</em></span> <span class='ocrx_word' id='word_1_83' title='bbox 287 1253 546 1319; x_wconf 73' lang='grc' dir='ltr'><em>μηδεμίαν</em></span> <span class='ocrx_word' id='word_1_84' title='bbox 593 1251 786 1320; x_wconf 80' lang='grc' dir='ltr'><em>ἔχοντα</em></span> <span class='ocrx_word' id='word_1_85' title='bbox 831 1249 1088 1315; x_wconf 68' lang='grc' dir='ltr'><em>διάνοιαν,</em></span> <span class='ocrx_word' id='word_1_86' title='bbox 1140 1258 1200 1305; x_wconf 86' lang='lat' dir='ltr'><strong>ut</strong></span> <span class='ocrx_word' id='word_1_87' title='bbox 1251 1250 1316 1305; x_wconf 91' lang='lat' dir='ltr'><strong>de</strong></span> <span class='ocrx_word' id='word_1_88' title='bbox 1362 1250 1647 1324; x_wconf 83' lang='lat' dir='ltr'><strong>Chrysippi</strong></span> <span class='ocrx_word' id='word_1_89' title='bbox 1677 1249 1810 1304; x_wconf 87' lang='lat' dir='ltr'><strong>·loco</strong></span> <span class='ocrx_word' id='word_1_90' title='bbox 1861 1251 2092 1306; x_wconf 85' lang='lat' dir='ltr'><strong>Galenus</strong></span> 
     </span>
     <span class='ocr_line' id='line_1_13' title="bbox 94 1338 2089 1410; baseline -0.002 -14"><span class='ocrx_word' id='word_1_91' title='bbox 94 1340 286 1396; x_wconf 75' lang='lat' dir='ltr'><strong>scribit</strong></span> <span class='ocrx_word' id='word_1_92' title='bbox 321 1341 470 1395; x_wconf 90' lang='lat' dir='ltr'><strong>Tom.</strong></span> <span class='ocrx_word' id='word_1_93' title='bbox 493 1339 556 1394; x_wconf 86' lang='lat' dir='ltr'><strong>V.</strong></span> <span class='ocrx_word' id='word_1_94' title='bbox 578 1342 686 1394; x_wconf 77' lang='lat'><strong>512</strong></span> <span class='ocrx_word' id='word_1_95' title='bbox 721 1338 899 1393; x_wconf 79' lang='lat' dir='ltr'><strong>Kuhn.</strong></span> <span class='ocrx_word' id='word_1_96' title='bbox 979 1339 1166 1410; x_wconf 90' lang='lat' dir='ltr'><strong>Itaque</strong></span> <span class='ocrx_word' id='word_1_97' title='bbox 1204 1338 1309 1393; x_wconf 93' lang='lat' dir='ltr'><strong>dici</strong></span> <span class='ocrx_word' id='word_1_98' title='bbox 1343 1355 1447 1392; x_wconf 92' lang='lat' dir='ltr'><strong>non</strong></span> <span class='ocrx_word' id='word_1_99' title='bbox 1489 1343 1663 1410; x_wconf 87' lang='lat' dir='ltr'><strong>potest</strong></span> <span class='ocrx_word' id='word_1_100' title='bbox 1706 1338 2089 1410; x_wconf 75' lang='lat' dir='ltr'><strong>Aristophanes</strong></span> 
     </span>
     <span class='ocr_line' id='line_1_14' title="bbox 95 1426 2089 1498; baseline -0.002 -14"><span class='ocrx_word' id='word_1_101' title='bbox 95 1428 324 1484; x_wconf 87' lang='lat' dir='ltr'><strong>Cratetis</strong></span> <span class='ocrx_word' id='word_1_102' title='bbox 380 1428 595 1496; x_wconf 73' lang='grc' dir='ltr'><em>τάριχος</em></span> <span class='ocrx_word' id='word_1_103' title='bbox 653 1426 988 1496; x_wconf 72' lang='grc' dir='ltr'><em>ἐλεφάντινον</em></span> <span class='ocrx_word' id='word_1_104' title='bbox 1050 1427 1264 1490; x_wconf 89' lang='lat' dir='ltr'><strong>risisse,</strong></span> <span class='ocrx_word' id='word_1_105' title='bbox 1322 1443 1494 1498; x_wconf 90' lang='lat' dir='ltr'><strong>neque</strong></span> <span class='ocrx_word' id='word_1_106' title='bbox 1549 1426 1832 1497; x_wconf 88' lang='lat' dir='ltr'><strong>quisquam</strong></span> <span class='ocrx_word' id='word_1_107' title='bbox 1895 1429 2089 1494; x_wconf 89' lang='lat' dir='ltr'><strong>poterit</strong></span> 
     </span>
     <span class='ocr_line' id='line_1_15' title="bbox 94 1513 2061 1590; baseline -0.002 -17"><span class='ocrx_word' id='word_1_108' title='bbox 94 1517 359 1590; x_wconf 85' lang='lat' dir='ltr'><strong>expiscari</strong></span> <span class='ocrx_word' id='word_1_109' title='bbox 395 1532 651 1588; x_wconf 86' lang='lat' dir='ltr'><strong>umquam</strong></span> <span class='ocrx_word' id='word_1_110' title='bbox 692 1513 820 1587; x_wconf 90' lang='lat' dir='ltr'><strong>quid</strong></span> <span class='ocrx_word' id='word_1_111' title='bbox 861 1531 957 1586; x_wconf 91' lang='lat' dir='ltr'><strong>pro</strong></span> <span class='ocrx_word' id='word_1_112' title='bbox 995 1517 1331 1583; x_wconf 67' lang='grc' dir='ltr'><em>ὑσοριμαχεῖν</em></span> <span class='ocrx_word' id='word_1_113' title='bbox 1369 1513 1544 1582; x_wconf 73' lang='grc' dir='ltr'><em>ἄνδρες</em></span> <span class='ocrx_word' id='word_1_114' title='bbox 1577 1514 1648 1568; x_wconf 88' lang='lat' dir='ltr'><strong>sit</strong></span> <span class='ocrx_word' id='word_1_115' title='bbox 1687 1531 1715 1568; x_wconf 91' lang='lat' dir='ltr'><strong>a</strong></span> <span class='ocrx_word' id='word_1_116' title='bbox 1758 1521 1914 1586; x_wconf 79' lang='lat' dir='ltr'><strong>poeta</strong></span> <span class='ocrx_word' id='word_1_117' title='bbox 1954 1516 2061 1569; x_wconf 88' lang='lat' dir='ltr'><strong>scri</strong></span> 
     </span>
     <span class='ocr_line' id='line_1_16' title="bbox 94 1612 267 1679; baseline -0.006 -18"><span class='ocrx_word' id='word_1_118' title='bbox 94 1612 267 1679; x_wconf 85' lang='lat' dir='ltr'><strong>ptum.</strong></span> 
     </span>
    </p>

    <p class='ocr_par' dir='ltr' id='par_1_6' title="bbox 93 1690 2086 2029">
     <span class='ocr_line' id='line_1_17' title="bbox 169 1690 2086 1763; baseline -0.001 -15"><span class='ocrx_word' id='word_1_119' title='bbox 169 1693 373 1748; x_wconf 85' lang='lat' dir='ltr'><strong>Cratini</strong></span> <span class='ocrx_word' id='word_1_120' title='bbox 426 1691 786 1763; x_wconf 82' lang='lat' dir='ltr'><strong>fragmentum</strong></span> <span class='ocrx_word' id='word_1_121' title='bbox 829 1707 860 1745; x_wconf 93' lang='lat' dir='ltr'><strong>a</strong></span> <span class='ocrx_word' id='word_1_122' title='bbox 910 1690 1185 1745; x_wconf 89' lang='lat' dir='ltr'><strong>Prisciano</strong></span> <span class='ocrx_word' id='word_1_123' title='bbox 1232 1698 1506 1747; x_wconf 89' lang='lat' dir='ltr'><strong>servatum</strong></span> <span class='ocrx_word' id='word_1_124' title='bbox 1549 1690 1738 1746; x_wconf 82' lang='lat' dir='ltr'><strong>XVIII.</strong></span> <span class='ocrx_word' id='word_1_125' title='bbox 1786 1708 1836 1762; x_wconf 93' lang='lat' dir='ltr'><strong>p.</strong></span> <span class='ocrx_word' id='word_1_126' title='bbox 1871 1694 1971 1746; x_wconf 62' lang='lat'><strong>274</strong></span> <span class='ocrx_word' id='word_1_127' title='bbox 2019 1691 2086 1746; x_wconf 89' lang='lat' dir='ltr'><strong>ab</strong></span> 
     </span>
     <span class='ocr_line' id='line_1_18' title="bbox 98 1779 2084 1855; baseline -0.002 -19"><span class='ocrx_word' id='word_1_128' title='bbox 98 1782 213 1855; x_wconf 86' lang='lat' dir='ltr'><strong>ipso</strong></span> <span class='ocrx_word' id='word_1_129' title='bbox 253 1781 528 1836; x_wconf 89' lang='lat' dir='ltr'><strong>Prisciano</strong></span> <span class='ocrx_word' id='word_1_130' title='bbox 569 1796 671 1833; x_wconf 92' lang='lat' dir='ltr'><strong>non</strong></span> <span class='ocrx_word' id='word_1_131' title='bbox 722 1779 1051 1834; x_wconf 83' lang='lat' dir='ltr'><strong>intellectum</strong></span> <span class='ocrx_word' id='word_1_132' title='bbox 1095 1785 1148 1834; x_wconf 90' lang='lat' dir='ltr'><strong>et</strong></span> <span class='ocrx_word' id='word_1_133' title='bbox 1196 1795 1225 1833; x_wconf 89' lang='lat' dir='ltr'><strong>a</strong></span> <span class='ocrx_word' id='word_1_134' title='bbox 1266 1779 1459 1834; x_wconf 88' lang='lat' dir='ltr'><strong>scribis</strong></span> <span class='ocrx_word' id='word_1_135' title='bbox 1498 1785 1814 1850; x_wconf 91' lang='lat' dir='ltr'><strong>corruptum</strong></span> <span class='ocrx_word' id='word_1_136' title='bbox 1857 1780 1931 1834; x_wconf 91' lang='lat' dir='ltr'><strong>ita</strong></span> <span class='ocrx_word' id='word_1_137' title='bbox 1982 1781 2084 1834; x_wconf 84' lang='lat' dir='ltr'><strong>cir-</strong></span> 
     </span>
     <span class='ocr_line' id='line_1_19' title="bbox 93 1866 2085 1939; baseline -0.002 -14"><span class='ocrx_word' id='word_1_138' title='bbox 93 1868 428 1925; x_wconf 80' lang='lat' dir='ltr'><strong>cumfertur:</strong></span> <span class='ocrx_word' id='word_1_139' title='bbox 482 1866 676 1922; x_wconf 83' lang='lat' dir='ltr'><strong>addam</strong></span> <span class='ocrx_word' id='word_1_140' title='bbox 733 1867 997 1921; x_wconf 91' lang='lat' dir='ltr'><strong>Prisciani</strong></span> <span class='ocrx_word' id='word_1_141' title='bbox 1038 1867 1224 1923; x_wconf 85' lang='lat' dir='ltr'><strong>verba:</strong></span> <span class='ocrx_word' id='word_1_142' title='bbox 1291 1867 1557 1934; x_wconf 82' lang='grc' dir='ltr'><em>»Χαμόθεν</em></span> <span class='ocrx_word' id='word_1_143' title='bbox 1611 1867 1747 1939; x_wconf 86' lang='lat' dir='ltr'><strong>quod</strong></span> <span class='ocrx_word' id='word_1_144' title='bbox 1793 1877 1866 1921; x_wconf 81' lang='lat' dir='ltr'><strong>est</strong></span> <span class='ocrx_word' id='word_1_145' title='bbox 1900 1885 1930 1922; x_wconf 92' lang='lat' dir='ltr'><strong>a</strong></span> <span class='ocrx_word' id='word_1_146' title='bbox 1971 1867 2085 1922; x_wconf 89' lang='lat' dir='ltr'><strong>loco</strong></span> 
     </span>
     <span class='ocr_line' id='line_1_20' title="bbox 96 1955 948 2029; baseline -0.002 -18"><span class='ocrx_word' id='word_1_147' title='bbox 96 1958 338 2013; x_wconf 75' lang='lat' dir='ltr'><strong>Cratinus</strong></span> <span class='ocrx_word' id='word_1_148' title='bbox 371 1975 469 2029; x_wconf 81' lang='lat' dir='ltr'><strong>pro</strong></span> <span class='ocrx_word' id='word_1_149' title='bbox 509 1956 562 2010; x_wconf 92' lang='lat' dir='ltr'><strong>in</strong></span> <span class='ocrx_word' id='word_1_150' title='bbox 596 1955 709 2009; x_wconf 90' lang='lat' dir='ltr'><strong>loco</strong></span> <span class='ocrx_word' id='word_1_151' title='bbox 742 1956 914 2026; x_wconf 79' lang='lat' dir='ltr'><strong>posuit</strong></span> <span class='ocrx_word' id='word_1_152' title='bbox 931 1976 948 2009; x_wconf 86' lang='lat'><strong>.-</strong></span> 
     </span>
    </p>

    <p class='ocr_par' dir='ltr' id='par_1_7' title="bbox 32 2040 2080 3702">
     <span class='ocr_line' id='line_1_21' title="bbox 1171 2040 1551 2106; baseline -0.003 -8"><span class='ocrx_word' id='word_1_153' title='bbox 1171 2040 1222 2104; x_wconf 78' lang='grc' dir='ltr'><strong>ὃς</strong></span> <span class='ocrx_word' id='word_1_154' title='bbox 1262 2045 1354 2106; x_wconf 70' lang='grc' dir='ltr'><strong>τὴν</strong></span> <span class='ocrx_word' id='word_1_155' title='bbox 1399 2043 1551 2099; x_wconf 83' lang='grc' dir='ltr'><em>πίτυν</em></span> 
     </span>
     <span class='ocr_line' id='line_1_22' title="bbox 398 2130 1641 2199; baseline -0.002 -11"><span class='ocrx_word' id='word_1_156' title='bbox 398 2134 666 2199; x_wconf 72' lang='grc' dir='ltr'><em>ἔκαμπτεν</em></span> <span class='ocrx_word' id='word_1_157' title='bbox 707 2131 827 2192; x_wconf 74' lang='grc' dir='ltr'><em>ἓςὼς</em></span> <span class='ocrx_word' id='word_1_158' title='bbox 866 2131 1101 2199; x_wconf 81' lang='grc' dir='ltr'><em>χαμόθεν</em></span> <span class='ocrx_word' id='word_1_159' title='bbox 1141 2130 1305 2197; x_wconf 74' lang='grc' dir='ltr'><em>ἄκρας</em></span> <span class='ocrx_word' id='word_1_160' title='bbox 1345 2138 1437 2194; x_wconf 76' lang='grc' dir='ltr'><strong>τῆς</strong></span> <span class='ocrx_word' id='word_1_161' title='bbox 1479 2132 1641 2197; x_wconf 79' lang='grc' dir='ltr'><em>κόμης</em></span> 
     </span>
     <span class='ocr_line' id='line_1_23' title="bbox 391 2221 708 2276; baseline -0.006 0"><span class='ocrx_word' id='word_1_162' title='bbox 391 2221 708 2276; x_wconf 76' lang='grc' dir='ltr'><em>καθέλκων.”</em></span> 
     </span>
     <span class='ocr_line' id='line_1_24' title="bbox 91 2306 2080 2379; baseline -0.001 -13"><span class='ocrx_word' id='word_1_163' title='bbox 91 2310 203 2366; x_wconf 84' lang='grc' dir='ltr'><strong>Νοη</strong></span> <span class='ocrx_word' id='word_1_164' title='bbox 244 2309 467 2365; x_wconf 82' lang='lat' dir='ltr'><strong>debebat</strong></span> <span class='ocrx_word' id='word_1_165' title='bbox 497 2309 794 2364; x_wconf 82' lang='lat' dir='ltr'><strong>Meinekius</strong></span> <span class='ocrx_word' id='word_1_166' title='bbox 826 2324 1247 2362; x_wconf 88' lang='lat' dir='ltr'><strong>commemorare</strong></span> <span class='ocrx_word' id='word_1_167' title='bbox 1278 2306 1545 2379; x_wconf 85' lang='lat' dir='ltr'><strong>Spengelii</strong></span> <span class='ocrx_word' id='word_1_168' title='bbox 1580 2316 1943 2364; x_wconf 87' lang='lat' dir='ltr'><strong>commentum</strong></span> <span class='ocrx_word' id='word_1_169' title='bbox 1987 2332 2080 2365; x_wconf 74' lang='lat' dir='ltr'><strong>ux-</strong></span> 
     </span>
     <span class='ocr_line' id='line_1_25' title="bbox 89 2396 2076 2469; baseline -0.001 -16"><span class='ocrx_word' id='word_1_170' title='bbox 89 2398 311 2454; x_wconf 79' lang='grc' dir='ltr'><em>θελκύων</em></span> <span class='ocrx_word' id='word_1_171' title='bbox 349 2397 683 2469; x_wconf 88' lang='lat' dir='ltr'><strong>reponentis,</strong></span> <span class='ocrx_word' id='word_1_172' title='bbox 739 2412 972 2468; x_wconf 89' lang='lat' dir='ltr'><strong>namque</strong></span> <span class='ocrx_word' id='word_1_173' title='bbox 1007 2398 1170 2451; x_wconf 75' lang='grc' dir='ltr'><em>ἓλκύω</em></span> <span class='ocrx_word' id='word_1_174' title='bbox 1209 2396 1470 2451; x_wconf 85' lang='lat' dir='ltr'><strong>Graecum</strong></span> <span class='ocrx_word' id='word_1_175' title='bbox 1513 2414 1613 2451; x_wconf 91' lang='lat' dir='ltr'><strong>non</strong></span> <span class='ocrx_word' id='word_1_176' title='bbox 1652 2404 1726 2451; x_wconf 82' lang='lat' dir='ltr'><strong>ost</strong></span> <span class='ocrx_word' id='word_1_177' title='bbox 1767 2398 1858 2452; x_wconf 85' lang='lat' dir='ltr'><strong>sed</strong></span> <span class='ocrx_word' id='word_1_178' title='bbox 1894 2416 1923 2452; x_wconf 89' lang='lat' dir='ltr'><strong>a</strong></span> <span class='ocrx_word' id='word_1_179' title='bbox 1967 2416 2076 2453; x_wconf 80' lang='lat' dir='ltr'><strong>nia-</strong></span> 
     </span>
     <span class='ocr_line' id='line_1_26' title="bbox 47 2482 2079 2558; baseline 0 -17"><span class='ocrx_word' id='word_1_180' title='bbox 47 2518 50 2524; x_wconf 92' lang='lat'>·</span> <span class='ocrx_word' id='word_1_181' title='bbox 89 2485 314 2558; x_wconf 79' lang='lat' dir='ltr'><strong>gisteltis</strong></span> <span class='ocrx_word' id='word_1_182' title='bbox 346 2485 532 2539; x_wconf 89' lang='lat' dir='ltr'><strong>fictum</strong></span> <span class='ocrx_word' id='word_1_183' title='bbox 562 2502 628 2540; x_wconf 87' lang='lat' dir='ltr'><strong>ex</strong></span> <span class='ocrx_word' id='word_1_184' title='bbox 659 2482 903 2549; x_wconf 80' lang='grc' dir='ltr'><em>εἵλκυσα,</em></span> <span class='ocrx_word' id='word_1_185' title='bbox 943 2501 1108 2557; x_wconf 89' lang='lat' dir='ltr'><strong>quum</strong></span> <span class='ocrx_word' id='word_1_186' title='bbox 1147 2484 1416 2539; x_wconf 86' lang='lat' dir='ltr'><strong>nescirent</strong></span> <span class='ocrx_word' id='word_1_187' title='bbox 1456 2485 1676 2540; x_wconf 87' lang='lat' dir='ltr'><strong>Veteres</strong></span> <span class='ocrx_word' id='word_1_188' title='bbox 1714 2483 1876 2551; x_wconf 76' lang='grc' dir='ltr'><em>ἕλκω,</em></span> <span class='ocrx_word' id='word_1_189' title='bbox 1917 2486 2079 2557; x_wconf 73' lang='grc' dir='ltr'><em>ἕλξω,</em></span> 
     </span>
     <span class='ocr_line' id='line_1_27' title="bbox 47 2571 2076 2659; baseline 0.001 -31"><span class='ocrx_word' id='word_1_190' title='bbox 47 2571 330 2659; x_wconf 47' lang='grc' dir='ltr'><em>ὶεῖλκυσα,</em></span> <span class='ocrx_word' id='word_1_191' title='bbox 372 2571 614 2638; x_wconf 78' lang='grc' dir='ltr'><em>εἵλκυκα,</em></span> <span class='ocrx_word' id='word_1_192' title='bbox 654 2576 936 2638; x_wconf 82' lang='grc' dir='ltr'><em>εἱλκυσμαι</em></span> <span class='ocrx_word' id='word_1_193' title='bbox 970 2572 1201 2638; x_wconf 85' lang='lat' dir='ltr'><strong>dixisse,</strong></span> <span class='ocrx_word' id='word_1_194' title='bbox 1242 2572 1691 2644; x_wconf 85' lang='lat' dir='ltr'><strong>quemadmodum</strong></span> <span class='ocrx_word' id='word_1_195' title='bbox 1727 2571 1885 2642; x_wconf 74' lang='grc' dir='ltr'><em>ἕρπω,</em></span> <span class='ocrx_word' id='word_1_196' title='bbox 1926 2577 2076 2643; x_wconf 80' lang='grc' dir='ltr'><em>ἑρπύ-</em></span> 
     </span>
     <span class='ocr_line' id='line_1_28' title="bbox 85 2660 2075 2740; baseline 0 -23"><span class='ocrx_word' id='word_1_197' title='bbox 85 2682 183 2725; x_wconf 73' lang='lat' dir='ltr'><strong>w,</strong></span> <span class='ocrx_word' id='word_1_198' title='bbox 223 2660 486 2740; x_wconf 56' lang='grc' dir='ltr'><em>εἵρπυσα,</em></span> <span class='ocrx_word' id='word_1_199' title='bbox 522 2660 587 2717; x_wconf 92' lang='lat' dir='ltr'><strong>de</strong></span> <span class='ocrx_word' id='word_1_200' title='bbox 627 2679 731 2733; x_wconf 89' lang='lat' dir='ltr'><strong>qua</strong></span> <span class='ocrx_word' id='word_1_201' title='bbox 769 2678 827 2716; x_wconf 91' lang='lat' dir='ltr'><strong>re</strong></span> <span class='ocrx_word' id='word_1_202' title='bbox 877 2661 1008 2716; x_wconf 83' lang='lat' dir='ltr'><strong>alias</strong></span> <span class='ocrx_word' id='word_1_203' title='bbox 1048 2660 1240 2715; x_wconf 87' lang='lat' dir='ltr'><strong>dicam.</strong></span> <span class='ocrx_word' id='word_1_204' title='bbox 1322 2660 1556 2727; x_wconf 80' lang='grc' dir='ltr'><em>Χαμόθεν</em></span> <span class='ocrx_word' id='word_1_205' title='bbox 1609 2678 1713 2715; x_wconf 92' lang='lat' dir='ltr'><strong>non</strong></span> <span class='ocrx_word' id='word_1_206' title='bbox 1763 2670 1843 2717; x_wconf 91' lang='lat' dir='ltr'><strong>est</strong></span> <span class='ocrx_word' id='word_1_207' title='bbox 1895 2664 2075 2718; x_wconf 89' lang='lat' dir='ltr'><strong>minus</strong></span> 
     </span>
     <span class='ocr_line' id='line_1_29' title="bbox 86 2749 2075 2821; baseline 0.002 -18"><span class='ocrx_word' id='word_1_208' title='bbox 86 2749 338 2804; x_wconf 79' lang='lat' dir='ltr'><strong>vitiosum</strong></span> <span class='ocrx_word' id='word_1_209' title='bbox 404 2766 564 2821; x_wconf 86' lang='lat' dir='ltr'><strong>quam</strong></span> <span class='ocrx_word' id='word_1_210' title='bbox 628 2750 810 2804; x_wconf 82' lang='grc' dir='ltr'><em>ὲλκύω.</em></span> <span class='ocrx_word' id='word_1_211' title='bbox 903 2749 1121 2804; x_wconf 80' lang='lat' dir='ltr'><strong>Veteres</strong></span> <span class='ocrx_word' id='word_1_212' title='bbox 1174 2749 1422 2804; x_wconf 84' lang='lat' dir='ltr'><strong>dicebant</strong></span> <span class='ocrx_word' id='word_1_213' title='bbox 1471 2749 1686 2816; x_wconf 75' lang='grc' dir='ltr'><em>χαμαὶ,</em></span> <span class='ocrx_word' id='word_1_214' title='bbox 1732 2751 1956 2820; x_wconf 69' lang='grc' dir='ltr'><em>χαμᾶζε</em></span> <span class='ocrx_word' id='word_1_215' title='bbox 2022 2761 2075 2807; x_wconf 80' lang='lat' dir='ltr'><strong>ot</strong></span> 
     </span>
     <span class='ocr_line' id='line_1_30' title="bbox 82 2837 2066 2907; baseline 0.002 -15"><span class='ocrx_word' id='word_1_216' title='bbox 82 2839 359 2907; x_wconf 74' lang='grc' dir='ltr'><em>χαμᾶθεν,</em></span> <span class='ocrx_word' id='word_1_217' title='bbox 414 2846 474 2893; x_wconf 87' lang='lat' dir='ltr'><strong>ut</strong></span> <span class='ocrx_word' id='word_1_218' title='bbox 516 2838 720 2903; x_wconf 71' lang='grc' dir='ltr'><em>θύρασι,</em></span> <span class='ocrx_word' id='word_1_219' title='bbox 771 2838 950 2906; x_wconf 78' lang='grc' dir='ltr'><em>θύραζε</em></span> <span class='ocrx_word' id='word_1_220' title='bbox 1008 2845 1060 2892; x_wconf 85' lang='lat' dir='ltr'><strong>et</strong></span> <span class='ocrx_word' id='word_1_221' title='bbox 1110 2837 1331 2905; x_wconf 80' lang='grc' dir='ltr'><em>θύραθεν.</em></span> <span class='ocrx_word' id='word_1_222' title='bbox 1431 2837 1634 2892; x_wconf 85' lang='lat' dir='ltr'><strong>Vitiosa</strong></span> <span class='ocrx_word' id='word_1_223' title='bbox 1685 2838 2066 2895; x_wconf 76' lang='lat' dir='ltr'><strong>Graecutornm</strong></span> 
     </span>
     <span class='ocr_line' id='line_1_31' title="bbox 68 2919 2070 3002; baseline -0.001 -17"><span class='ocrx_word' id='word_1_224' title='bbox 68 2919 318 2990; x_wconf 60' lang='lat' dir='ltr'><strong>‘sunjoma</strong></span> <span class='ocrx_word' id='word_1_225' title='bbox 359 2926 560 2981; x_wconf 83' lang='lat' dir='ltr'><strong>invexit</strong></span> <span class='ocrx_word' id='word_1_226' title='bbox 595 2926 820 2980; x_wconf 80' lang='lat' dir='ltr'><strong>sormam</strong></span> <span class='ocrx_word' id='word_1_227' title='bbox 859 2926 1124 2993; x_wconf 79' lang='grc' dir='ltr'><em>χαμόθεν,</em></span> <span class='ocrx_word' id='word_1_228' title='bbox 1164 2942 1324 2997; x_wconf 80' lang='lat' dir='ltr'><strong>quam</strong></span> <span class='ocrx_word' id='word_1_229' title='bbox 1363 2931 1583 2979; x_wconf 89' lang='lat' dir='ltr'><strong>excusat</strong></span> <span class='ocrx_word' id='word_1_230' title='bbox 1623 2926 1932 2998; x_wconf 68' lang='lat' dir='ltr'><strong>Apollonius</strong></span> <span class='ocrx_word' id='word_1_231' title='bbox 1967 2929 2070 3002; x_wconf 72' lang='lat' dir='ltr'><strong>ny-</strong></span> 
     </span>
     <span class='ocr_line' id='line_1_32' title="bbox 32 3012 2067 3093; baseline 0.001 -24"><span class='ocrx_word' id='word_1_232' title='bbox 32 3031 45 3093; x_wconf 60' lang='lat'><em>3</em></span> <span class='ocrx_word' id='word_1_233' title='bbox 82 3012 259 3069; x_wconf 63' lang='lat' dir='ltr'><strong>molus</strong></span> <span class='ocrx_word' id='word_1_234' title='bbox 300 3017 352 3068; x_wconf 90' lang='lat' dir='ltr'><strong>in</strong></span> <span class='ocrx_word' id='word_1_235' title='bbox 390 3014 552 3069; x_wconf 81' lang='lat' dir='ltr'><strong>Bekk.</strong></span> <span class='ocrx_word' id='word_1_236' title='bbox 595 3013 792 3069; x_wconf 81' lang='lat' dir='ltr'><strong>Anecd.</strong></span> <span class='ocrx_word' id='word_1_237' title='bbox 835 3030 883 3084; x_wconf 87' lang='lat' dir='ltr'><strong>p.</strong></span> <span class='ocrx_word' id='word_1_238' title='bbox 909 3016 1046 3077; x_wconf 73' lang='lat'><strong>602,</strong></span> <span class='ocrx_word' id='word_1_239' title='bbox 1094 3014 1177 3066; x_wconf 70' lang='lat'><strong>12.</strong></span> <span class='ocrx_word' id='word_1_240' title='bbox 1218 3016 1271 3068; x_wconf 83' lang='grc' dir='ltr'><strong>οὐ</strong></span> <span class='ocrx_word' id='word_1_241' title='bbox 1312 3014 1483 3079; x_wconf 78' lang='grc' dir='ltr'><em>βίαιον</em></span> <span class='ocrx_word' id='word_1_242' title='bbox 1521 3013 1572 3067; x_wconf 82' lang='grc' dir='ltr'><strong>δὲ</strong></span> <span class='ocrx_word' id='word_1_243' title='bbox 1621 3016 1706 3070; x_wconf 77' lang='grc' dir='ltr'><strong>καὶ</strong></span> <span class='ocrx_word' id='word_1_244' title='bbox 1752 3016 1810 3070; x_wconf 86' lang='grc' dir='ltr'><strong>τὸ</strong></span> <span class='ocrx_word' id='word_1_245' title='bbox 1858 3018 2067 3085; x_wconf 78' lang='grc' dir='ltr'><em>χαμό-</em></span> 
     </span>
     <span class='ocr_line' id='line_1_33' title="bbox 33 3096 2066 3171; baseline 0.001 -16"><span class='ocrx_word' id='word_1_246' title='bbox 33 3096 45 3161; x_wconf 63' lang='grc' dir='ltr'><strong>,ἱ</strong></span> <span class='ocrx_word' id='word_1_247' title='bbox 79 3101 182 3158; x_wconf 63' lang='grc' dir='ltr'><em>θεν</em></span> <span class='ocrx_word' id='word_1_248' title='bbox 228 3102 408 3156; x_wconf 67' lang='grc' dir='ltr'><em>κατὰ</em></span> <span class='ocrx_word' id='word_1_249' title='bbox 457 3105 524 3157; x_wconf 85' lang='grc' dir='ltr'><strong>τὸ</strong></span> <span class='ocrx_word' id='word_1_250' title='bbox 577 3104 883 3166; x_wconf 68' lang='grc' dir='ltr'><em>σύνηθες,</em></span> <span class='ocrx_word' id='word_1_251' title='bbox 930 3105 1018 3156; x_wconf 79' lang='grc' dir='ltr'><strong>τοῦ</strong></span> <span class='ocrx_word' id='word_1_252' title='bbox 1056 3102 1334 3168; x_wconf 78' lang='grc' dir='ltr'><em>σχήματος</em></span> <span class='ocrx_word' id='word_1_253' title='bbox 1366 3103 1710 3164; x_wconf 70' lang='grc' dir='ltr'><em>ἀπαιτοῦντος</em></span> <span class='ocrx_word' id='word_1_254' title='bbox 1749 3105 1807 3157; x_wconf 82' lang='grc' dir='ltr'><strong>τὸ</strong></span> <span class='ocrx_word' id='word_1_255' title='bbox 1845 3108 2066 3171; x_wconf 73' lang='grc' dir='ltr'><em>χαμα-</em></span> 
     </span>
     <span class='ocr_line' id='line_1_34' title="bbox 53 3189 2068 3262; baseline -0.001 -15"><span class='ocrx_word' id='word_1_256' title='bbox 53 3189 211 3261; x_wconf 53' lang='lat' dir='ltr'><strong>th,</strong></span> <span class='ocrx_word' id='word_1_257' title='bbox 250 3191 343 3262; x_wconf 88' lang='lat' dir='ltr'><strong>qui</strong></span> <span class='ocrx_word' id='word_1_258' title='bbox 382 3189 605 3246; x_wconf 86' lang='lat' dir='ltr'><strong>debebat</strong></span> <span class='ocrx_word' id='word_1_259' title='bbox 645 3190 878 3246; x_wconf 88' lang='lat' dir='ltr'><strong>adiicere</strong></span> <span class='ocrx_word' id='word_1_260' title='bbox 919 3189 1054 3244; x_wconf 85' lang='lat' dir='ltr'><strong>hanc</strong></span> <span class='ocrx_word' id='word_1_261' title='bbox 1111 3190 1277 3260; x_wconf 83' lang='lat' dir='ltr'><strong>ipsam</strong></span> <span class='ocrx_word' id='word_1_262' title='bbox 1325 3189 1582 3254; x_wconf 82' lang='lat' dir='ltr'><strong>formam,</strong></span> <span class='ocrx_word' id='word_1_263' title='bbox 1621 3207 1781 3262; x_wconf 83' lang='lat' dir='ltr'><strong>quain</strong></span> <span class='ocrx_word' id='word_1_264' title='bbox 1825 3191 2068 3262; x_wconf 81' lang='lat' dir='ltr'><strong>analogia</strong></span> 
     </span>
     <span class='ocr_line' id='line_1_35' title="bbox 39 3263 2059 3360; baseline -0 -28"><span class='ocrx_word' id='word_1_265' title='bbox 39 3263 339 3360; x_wconf 49' lang='lat' dir='ltr'><strong>{requirah</strong></span> <span class='ocrx_word' id='word_1_266' title='bbox 380 3281 646 3334; x_wconf 87' lang='lat' dir='ltr'><strong>constanti</strong></span> <span class='ocrx_word' id='word_1_267' title='bbox 691 3287 929 3334; x_wconf 87' lang='lat' dir='ltr'><strong>veterum</strong></span> <span class='ocrx_word' id='word_1_268' title='bbox 968 3294 1068 3332; x_wconf 86' lang='lat' dir='ltr'><strong>usu</strong></span> <span class='ocrx_word' id='word_1_269' title='bbox 1109 3277 1435 3332; x_wconf 80' lang='lat' dir='ltr'><strong>confirmari.</strong></span> <span class='ocrx_word' id='word_1_270' title='bbox 1515 3278 1582 3332; x_wconf 84' lang='lat' dir='ltr'><strong>At</strong></span> <span class='ocrx_word' id='word_1_271' title='bbox 1618 3277 1825 3333; x_wconf 84' lang='lat' dir='ltr'><strong>scribae</strong></span> <span class='ocrx_word' id='word_1_272' title='bbox 1865 3279 2059 3349; x_wconf 85' lang='lat' dir='ltr'><strong>passim</strong></span> 
     </span>
     <span class='ocr_line' id='line_1_36' title="bbox 64 3366 2062 3438; baseline -0.001 -17"><span class='ocrx_word' id='word_1_273' title='bbox 64 3370 325 3434; x_wconf 70' lang='grc' dir='ltr'><em>ἲχιμῖὶθεν</em></span> <span class='ocrx_word' id='word_1_274' title='bbox 364 3367 417 3420; x_wconf 91' lang='lat' dir='ltr'><strong>in</strong></span> <span class='ocrx_word' id='word_1_275' title='bbox 450 3369 684 3435; x_wconf 74' lang='grc' dir='ltr'><em>χαμόθεν</em></span> <span class='ocrx_word' id='word_1_276' title='bbox 726 3367 1050 3438; x_wconf 83' lang='lat' dir='ltr'><strong>depravant,</strong></span> <span class='ocrx_word' id='word_1_277' title='bbox 1109 3373 1162 3420; x_wconf 86' lang='lat' dir='ltr'><strong>et</strong></span> <span class='ocrx_word' id='word_1_278' title='bbox 1203 3383 1268 3420; x_wconf 88' lang='lat' dir='ltr'><strong>ne</strong></span> <span class='ocrx_word' id='word_1_279' title='bbox 1309 3373 1541 3421; x_wconf 87' lang='lat' dir='ltr'><strong>metrum</strong></span> <span class='ocrx_word' id='word_1_280' title='bbox 1579 3366 1794 3438; x_wconf 86' lang='lat' dir='ltr'><strong>quidem</strong></span> <span class='ocrx_word' id='word_1_281' title='bbox 1836 3366 2062 3420; x_wconf 86' lang='lat' dir='ltr'><strong>homun-</strong></span> 
     </span>
     <span class='ocr_line' id='line_1_37' title="bbox 71 3454 1133 3525; baseline 0 -16"><span class='ocrx_word' id='word_1_282' title='bbox 71 3454 261 3510; x_wconf 57' lang='lat' dir='ltr'><strong>ciones</strong></span> <span class='ocrx_word' id='word_1_283' title='bbox 301 3455 511 3509; x_wconf 89' lang='lat' dir='ltr'><strong>retinet.</strong></span> <span class='ocrx_word' id='word_1_284' title='bbox 594 3455 649 3509; x_wconf 83' lang='lat' dir='ltr'><strong>ln</strong></span> <span class='ocrx_word' id='word_1_285' title='bbox 694 3454 880 3525; x_wconf 72' lang='lat' dir='ltr'><strong>Vos-pis</strong></span> <span class='ocrx_word' id='word_1_286' title='bbox 922 3472 997 3510; x_wconf 84' lang='lat' dir='ltr'><strong>vs,</strong></span> <span class='ocrx_word' id='word_1_287' title='bbox 1026 3458 1133 3509; x_wconf 74' lang='lat'><strong>249</strong></span> 
     </span>
     <span class='ocr_line' id='line_1_38' title="bbox 312 3542 1794 3612; baseline 0 -17"><span class='ocrx_word' id='word_1_288' title='bbox 312 3542 504 3611; x_wconf 76' lang='grc' dir='ltr'><em>κάρφος</em></span> <span class='ocrx_word' id='word_1_289' title='bbox 545 3545 789 3612; x_wconf 72' lang='grc' dir='ltr'><em>χαμᾶθέν</em></span> <span class='ocrx_word' id='word_1_290' title='bbox 825 3565 905 3598; x_wconf 81' lang='grc' dir='ltr'><strong>νυν</strong></span> <span class='ocrx_word' id='word_1_291' title='bbox 942 3545 1119 3609; x_wconf 78' lang='grc' dir='ltr'><em>λαβὼν</em></span> <span class='ocrx_word' id='word_1_292' title='bbox 1157 3543 1241 3597; x_wconf 82' lang='grc' dir='ltr'><strong>τὸν</strong></span> <span class='ocrx_word' id='word_1_293' title='bbox 1282 3543 1471 3611; x_wconf 81' lang='grc' dir='ltr'><em>λύχνον</em></span> <span class='ocrx_word' id='word_1_294' title='bbox 1511 3543 1794 3609; x_wconf 79' lang='grc' dir='ltr'><em>πρόβυσον,</em></span> 
     </span>
     <span class='ocr_line' id='line_1_39' title="bbox 97 3628 2074 3702; baseline -0.001 -18"><span class='ocrx_word' id='word_1_295' title='bbox 97 3629 149 3684; x_wconf 89' lang='lat' dir='ltr'><strong>in</strong></span> <span class='ocrx_word' id='word_1_296' title='bbox 189 3629 387 3684; x_wconf 84' lang='lat' dir='ltr'><strong>Veneto</strong></span> <span class='ocrx_word' id='word_1_297' title='bbox 426 3630 614 3687; x_wconf 79' lang='lat' dir='ltr'><strong>Codice</strong></span> <span class='ocrx_word' id='word_1_298' title='bbox 653 3632 886 3699; x_wconf 73' lang='grc' dir='ltr'><em>χαμόθεν</em></span> <span class='ocrx_word' id='word_1_299' title='bbox 925 3631 1184 3702; x_wconf 82' lang='lat' dir='ltr'><strong>scriptum</strong></span> <span class='ocrx_word' id='word_1_300' title='bbox 1229 3638 1332 3696; x_wconf 87' lang='lat' dir='ltr'><strong>est,</strong></span> <span class='ocrx_word' id='word_1_301' title='bbox 1372 3628 1820 3702; x_wconf 82' lang='lat' dir='ltr'><strong>quemadmodum</strong></span> <span class='ocrx_word' id='word_1_302' title='bbox 1865 3629 1914 3683; x_wconf 88' lang='lat' dir='ltr'><strong>in</strong></span> <span class='ocrx_word' id='word_1_303' title='bbox 1959 3630 2074 3686; x_wconf 83' lang='lat' dir='ltr'><strong>Dio-</strong></span> 
     </span>
    </p>
   </div>
   <div class='ocr_carea' id='block_1_3' title="bbox 23 2568 26 2579">
    <p class='ocr_par' dir='ltr' id='par_1_8' title="bbox 23 2568 26 2579">
     <span class='ocr_line' id='line_1_40' title="bbox 23 2568 26 2579; baseline 0 0"><span class='ocrx_word' id='word_1_304' title='bbox 23 2568 26 2579; x_wconf 70' lang='grc' dir='ltr'><em>ι</em></span> 
     </span>
    </p>
   </div>
   <div class='ocr_carea' id='block_1_4' title="bbox 37 2684 79 2972">
    <p class='ocr_par' dir='ltr' id='par_1_9' title="bbox 37 2684 79 2972">
     <span class='ocr_line' id='line_1_41' title="bbox 37 2684 79 2748; baseline 0 1320"><span class='ocrx_word' id='word_1_305' title='bbox 37 2684 79 2748; x_wconf 95' lang='lat' dir='ltr'><strong> </strong></span> 
     </span>
     <span class='ocr_line' id='line_1_42' title="bbox 37 2748 79 2972; baseline 0 -95"><span class='ocrx_word' id='word_1_306' title='bbox 37 2748 79 2972; x_wconf 95' lang='lat' dir='ltr'><strong>  </strong></span> 
     </span>
    </p>
   </div>
   <div class='ocr_carea' id='block_1_5' title="bbox 29 2780 37 2845">
    <p class='ocr_par' dir='ltr' id='par_1_10' title="bbox 29 2780 37 2845">
     <span class='ocr_line' id='line_1_43' title="bbox 29 2780 37 2845; baseline 0 0"><span class='ocrx_word' id='word_1_307' title='bbox 29 2780 37 2845; x_wconf 73' lang='lat' dir='ltr'><strong>i</strong></span> 
     </span>
    </p>
   </div>
  </div>
 </body>
</html>
