2436 4068
1345 192 1408 242 12

680 334 891 404 κεςρεὺο·
931 334 1195 392 λεπισθεὶο·
1236 333 1492 386 σποισθεὶσ
1537 335 1761 402 ςροιφεὶσ

377 422 630 492 χρωσθεὶο·
678 425 802 489 ὁμοῦ
847 443 896 476 τι
936 423 1062 489 προο-
1104 421 1259 474 τέλοο·
1303 420 1458 488 μέροο·
1498 420 1678 488 δρόμου
1721 425 1879 488 περῶν
1930 421 2035 486 ἥξει
2087 426 2356 492 κεκραγὼο·

375 516 510 564 ποεῖο-
552 511 596 564 δ’
635 511 886 579 ἐφέςηκεν
925 510 1099 577 ῥοινῶντ
1183 507 1269 561 Sic
1310 525 1499 580 nempe
1538 508 1668 562 haec
1710 526 1738 563 e
1773 508 2072 562 scribarum
2112 512 2360 565 manibus

378 598 712 669 accepimus,
754 615 890 668 quae
924 595 1209 650 emendare
1249 601 1301 649 et
1334 597 1389 649 in
1432 597 1720 667 pristinum
1760 597 1989 650 nitorem
2026 598 2101 650 ita
2141 600 2358 653 restitu-

379 701 497 750 ere,
557 692 618 739 ut
668 686 838 756 ipsam
888 684 1081 736 Poetae
1136 700 1358 737 manum
1407 701 1718 738 revocemus
1767 685 1938 738 nostri
1981 692 2062 738 est
2112 685 2358 748 artificii,

377 778 659 844 potestque
697 772 749 823 in
792 771 908 834 his,
949 787 1085 841 quae
1114 771 1532 842 adscripsimuS,
1578 773 1856 842 praestari.
1935 772 2134 843 Nempe
2169 789 2263 843 per
2302 790 2364 827 ea

378 859 509 912 vitia
548 865 600 911 et
641 857 822 911 sordes
856 857 987 912 haec
1025 858 1254 929 pellucet
1288 860 1485 913 vetusti
1525 858 1648 912 libri
1686 861 1988 930 scriptura:

491 953 2240 1012 ΚΕΣΤΡΕΤΣΛΕΠΙΣΘΕΙΣΑΛΣΙΠΑΣΘΕΙΣΕΚΣΤΡΑΦΕΙΣ,

381 1032 574 1088 deinde
613 1040 832 1104 apparet
870 1033 1025 1088 τέλοσ
1063 1034 1219 1101 μέροο-
1255 1034 1329 1087 nil
1367 1036 1472 1088 nisi
1513 1034 1929 1106 dittographiam
1962 1052 2106 1099 esse,
2162 1037 2216 1088 in
2259 1044 2365 1106 qua

379 1120 535 1176 τέλοο·
568 1120 792 1192 probum
836 1126 945 1185 est,
985 1122 1138 1190 μέροο-
1174 1123 1305 1175 vitio
1347 1129 1551 1176 natum.
1633 1123 1734 1175 Pro
1771 1120 1877 1186 ἥξει
1907 1125 2170 1190 κεκραγώς
2205 1123 2362 1178 Grae·

382 1208 538 1264 culus
577 1225 683 1262 non
731 1208 1014 1275 indoctus,
1075 1211 1167 1281 qui
1203 1227 1268 1263 ex
1303 1210 1573 1263 Marciano
1613 1209 1802 1264 Codice
1846 1211 2160 1280 Epitomen,
2202 1227 2363 1281 quam

383 1295 600 1360 dicunt,
653 1295 913 1361 confecit,
954 1315 1014 1352 ac
1059 1299 1261 1352 rectius
1310 1297 1520 1353 dicetur
1554 1315 1618 1352 ex
1662 1298 1751 1351 illo
1794 1298 1975 1352 codice
2012 1297 2240 1351 fideliter
2279 1297 2363 1352 de-

383 1385 660 1456 scripsisse
690 1386 893 1451 omnia,
934 1403 1070 1457 quae
1105 1385 1407 1456 intelligere
1439 1387 1611 1457 potuit
1646 1386 1869 1440 resectis
1905 1385 2183 1445 omnibus,
2229 1401 2364 1456 quae

380 1471 667 1544 depravata
708 1479 861 1526 erant
883 1480 976 1527 aut
1014 1475 1062 1528 ei
1096 1479 1240 1528 certe
1266 1474 1609 1538 videbantur,
1645 1480 1697 1528 et
1739 1474 1794 1526 in
1829 1474 1926 1538 iis,
1965 1491 2101 1544 quae
2132 1473 2363 1544 descrip-

380 1561 490 1623 sit,
547 1559 634 1613 hic
676 1559 785 1613 illic
824 1559 1058 1631 aliquam
1100 1562 1584 1617 correctiunculam
1627 1578 1780 1616 suam
1821 1562 2051 1632 recepit,
2112 1562 2157 1614 is
2197 1562 2365 1631 igitur

381 1647 481 1701 hoc
532 1646 646 1700 loco
690 1648 942 1702 eximiam
987 1650 1412 1704 emendationem
1460 1651 1660 1720 reperit
1707 1650 1833 1717 σίζει
1878 1666 1971 1720 pro
2009 1648 2147 1714 ἥξει,
2201 1664 2362 1719 quam

381 1735 624 1807 probavit
658 1735 922 1789 omnibus.
1002 1738 1189 1809 Itaque
1228 1740 1304 1792 sic
1344 1738 1674 1809 Antiphanes
1715 1739 2000 1808 scripserat
2019 1732 2035 1790 :⁷

685 1824 891 1890 κεςρεὺς
920 1826 1203 1889 λεπισθεὶς,
1248 1827 1373 1880 οὶλσὶ
1415 1827 1660 1889 ποισθεὶρ,
1702 1826 2011 1894 ε’κςροοφείς,Ι

683 1911 930 1978 χρωσθεὶς
952 1956 966 1974 ,
1010 1914 1134 1978 ὁμοῦ
1168 1935 1218 1968 τι
1258 1915 1377 1982 πρὸς
1418 1914 1565 1974 τέλος
1596 1913 1776 1980 δρόμου
1811 1919 1970 1981 περῶν

683 1998 809 2066 σίζει
852 2003 1144 2068 κεκραγώς,
1185 2009 1311 2062 ποεῖς
1353 2004 1400 2055 τ’
1441 2001 1666 2071 ἕφέςηκε
1702 2002 1876 2069 ῥοονῶν.

382 2086 442 2140 In
483 2087 744 2148 λεπισθείς
794 2087 971 2158 aliqua
1021 2095 1101 2142 est
1160 2089 1454 2152 dubitatio,
1510 2089 1687 2143 sintne
1740 2104 1998 2159 umquam
2050 2087 2214 2141 Attici
2266 2085 2366 2141 hac

381 2171 552 2227 forma
594 2175 694 2228 usi.
776 2174 996 2230 Veteres
1034 2176 1212 2231 λέπειν
1246 2177 1494 2231 dicebant
1532 2183 1584 2230 et
1616 2176 1881 2240 ἐκλέπειν,
1919 2175 2233 2239 ἀπολέπειν,
2273 2196 2363 2238 πε.-

376 2261 635 2329 νριλέπεινε
678 2261 803 2317 hinc
842 2263 1036 2330 λέπος,
1076 2264 1264 2330 λέμμοο
1300 2271 1351 2318 et
1391 2264 1579 2327 λοπός,
1624 2263 1764 2318 unde
1801 2263 2024 2330 λοπίζω,
2064 2263 2362 2330 οὶπολοπίζω

380 2349 547 2403 Attici
589 2349 887 2420 dicebant,j
928 2369 1031 2405 non
1064 2351 1291 2419 λεπίζω,
1332 2370 1436 2423 quo
1484 2359 1715 2406 utuntur
1754 2353 2025 2422 sequiores
2066 2368 2160 2422 pro
2202 2351 2361 2405 λέπω.

381 2438 634 2509 Apposite
655 2438 710 2490 in
752 2438 889 2493 hanc
928 2457 1042 2494 rem
1066 2440 1319 2495 Photius:
1361 2440 1604 2507 Λοπίζειν
1639 2442 1692 2494 οὐ
1729 2439 1988 2506 λεπίζειν,
2022 2446 2073 2494 et
2111 2438 2362 2493 οέπολοπί-

381 2523 511 2592 ζεινε
564 2525 648 2579 διοὶ
691 2531 780 2580 τοῦ
837 2547 859 2580 ο
905 2530 996 2590 τὴν
1035 2529 1208 2596 τρίτην
1261 2532 1325 2583 οὐΓ
1365 2531 1448 2583 διὰ
1501 2533 1589 2582 τοῦ
1632 2550 1655 2581 ε
1705 2528 1759 2580 in
1812 2528 2039 2582 Bekkeri
2079 2526 2276 2582 Anecd.
2320 2526 2360 2580 I.

379 2628 430 2684 p.
456 2617 551 2678 25,
594 2617 684 2668 26.
762 2615 821 2668 In
854 2616 1225 2687 Aristophanis
1260 2615 1560 2687 fragmento
1592 2615 1717 2670 ibid.
1756 2615 1795 2669 I.
1840 2632 1888 2686 p.
1915 2619 2053 2680 450,
2099 2620 2165 2669 17

681 2702 781 2767 ἐγὼ
815 2704 857 2756 δ’
891 2704 1224 2771 ἀπολογίζων
1257 2725 1316 2758 τε
1356 2703 1477 2774 κᾷτ’
1517 2706 1600 2757 ἐπ’
1640 2703 1898 2771 οἷνθροὲκων
2006 2713 2010 2718 ’

380 2793 525 2842 recte
565 2790 843 2860 corrigunt
884 2793 1247 2859 οὶπολοπίζειν,
1301 2799 1419 2863 post
1469 2792 1727 2860 ἀνθράκων
1765 2791 2024 2846 excidisse
2066 2794 2234 2846 ὅπα-οἷν
2275 2809 2361 2846 su-

378 2876 580 2947 spicor:
637 2878 798 2931 verbo
840 2879 1068 2946 λεπίζειν
1122 2887 1356 2934 utuntur
1403 2879 1651 2935 Graeculi
1698 2887 1751 2934 et
1798 2867 2046 2950 magistri
2095 2880 2161 2934 ad
2208 2887 2361 2935 vetus

377 2962 555 3017 λέπειν
577 2964 966 3036 explicandum.
1034 2975 1314 3032 Λοιπῆνοιι,
1344 2969 1666 3031 ἕκλοιπῆνοοι,
1707 2969 2066 3031 ἐκλοοπήσετοιι
2089 2967 2364 3023 Graeculis

375 3049 561 3121 ignota
609 3058 661 3105 et
702 3053 945 3107 inaudita
994 3054 1160 3109 fuisse
1200 3055 1325 3110 alibi
1366 3055 1745 3110 demonstravi.
1827 3055 1980 3126 Apud
2034 3055 2362 3128 Hesychiutn

377 3137 749 3204 θεῖ-ἑλέπουνε
795 3138 890 3195 οἷον
924 3142 1185 3209 ἐλέπιζον,
1222 3149 1272 3196 et
1296 3143 1560 3197 ἐλέτοιιονε
1600 3142 1808 3204 ἔπαιον,
1851 3143 2136 3213 utrobique
2167 3159 2364 3213 repone

379 3223 562 3279 ἕλεπον
613 3233 665 3279 et
718 3228 771 3279 in
825 3237 1091 3291 λοιπῆνοοι;
1151 3232 1464 3293 λοιπισθῆνοιι
1516 3231 1749 3284 rescribe
1795 3231 2114 3292 λεπισθῆνοιι.
2209 3229 2361 3299 Ipsae

378 3329 634 3383 squamae
679 3315 949 3369 veteribus
990 3317 1125 3379 λέπη
1169 3318 1356 3385 ἰχθύων
1406 3317 1697 3382 dicuntur,
1746 3334 1880 3387 quas
1928 3318 2108 3370 minus
2149 3317 2360 3387 antiqui

379 3417 564 3455 omnes
595 3401 861 3472 appellant
889 3404 1126 3464 λεπίδως.
1207 3405 1469 3475 Equidem
1500 3405 1668 3475 igitur
1695 3405 1952 3465 λοπισθείς
1984 3404 2358 3474 praetulerim,

382 3493 445 3541 ut
498 3489 742 3543 certioris
789 3489 927 3544 fidei.
1010 3492 1147 3544 Tum
1184 3492 1239 3544 in
1286 3501 1782 3546 ΑΛΣΙΠΑΣΘΕΙΣ
1837 3492 2012 3546 scriba
2065 3490 2361 3545 dormitans

379 3575 526 3631 visus
560 3583 640 3631 est
677 3577 776 3632 sibi
812 3579 1058 3641 σποισθείς
1094 3578 1303 3644 videre,
1346 3579 1701 3650 fugientibuS,
1741 3580 2064 3644 utvidetur,
2107 3579 2362 3635 litterulis
