2436 4068
1292 165 1397 215 664

358 313 665 382 negotium,
723 313 786 362 ut
838 307 937 360 sibi
987 305 1279 360 orationem
1336 307 1389 359 in
1443 306 1711 362 Socratem
1755 310 2151 375 conscriberet,
2209 331 2313 385 qua

355 398 496 470 apud
538 397 739 451 iudices
779 401 1058 457 uteretur,
1112 392 1271 464 idque
1312 394 1646 467 Polycratem
1702 396 1971 452 hominem
2024 417 2321 472 paupercu-

351 486 466 541 lum
508 483 752 538 mercede
792 481 998 536 fecisse.
1076 481 1293 535 Falsum
1335 482 1434 536 hoc
1475 499 1590 537 esse
1646 490 1700 539 et
1753 489 2191 542 commenticium
2243 489 2319 541 vi-

353 574 479 638 des,
536 571 627 625 sed
673 576 787 624 erat
825 569 950 623 olim
991 568 1080 622 illa
1118 569 1431 640 pervulgata
1480 572 1673 641 opinio.
1768 572 2027 643 Diogenes
2074 576 2322 629 Laertius

356 661 420 715 Il.
465 664 556 718 58.
609 657 944 722 άπηνέγκατο
997 658 1092 723 μὲν
1143 655 1223 711 οὖν
1270 659 1360 719 την
1408 660 1619 726 γραφὴν
1665 659 1828 732 (κατά
1867 667 1954 716 τοῦ
1997 662 2318 735 Σωκράτους)

352 750 375 801 ὅ
414 747 685 810 Μέλητος,
725 742 840 799 εἷπε
881 746 931 798 δὲ
970 747 1062 807 την
1100 745 1238 807 δίκην
1277 745 1630 809 Πολύευκτος,
1688 747 1981 816 συνέγραψε
2018 751 2069 804 δὲ
2109 751 2194 804 τὸν
2235 750 2321 804 λό-

348 856 440 900 γον
497 833 831 901 Πολυκράτης
885 834 906 886 ὂ
961 834 1213 901 τοφιςης,
1271 831 1332 894 ὥς
1391 838 1548 901 φησιν
1599 833 1913 901 Ἕρμιππος.
2006 837 2148 892 Fieri
2212 855 2316 891 non

349 930 558 995 potest,
615 929 676 975 ut
717 922 815 975 hoc
855 921 1176 992 Hermippus
1227 921 1534 992 scripserit,
1577 921 1734 975 homo
1781 923 2065 993 perdoctus
2105 931 2158 979 et
2200 925 2319 978 dili·

355 1028 524 1081 genS,
576 1026 735 1081 quem
785 1009 1202 1064 disertissimum
1257 1008 1508 1062 Isocratis
1561 1011 1928 1065 testimonium
1991 1011 2175 1084 sugere
2215 1031 2318 1068 non

355 1099 561 1172 potuit,
603 1098 920 1169 praesertim
961 1113 1126 1168 quum
1169 1102 1221 1150 et
1262 1095 1325 1149 de
1361 1096 1592 1150 Isocrate
1633 1105 1686 1151 et
1725 1099 1836 1165 περὶ
1871 1105 1969 1153 τῶν
2009 1101 2324 1168 Ἰσοκράτους

352 1190 591 1254 μαθητῶν
627 1191 877 1240 accurate
898 1184 1067 1238 multa
1089 1185 1484 1254 conscripserit.
1528 1184 2074 1253 Commemoraverat,
2107 1191 2323 1261 opinor,

357 1277 679 1346 Hermippus
719 1272 914 1327 alicubi
950 1263 1259 1345 Polycratis*
1294 1274 1606 1340 κατηγορίαν
1641 1274 1941 1342 Σωκράτους
1966 1318 1981 1341 ,
2022 1276 2164 1331 unde
2199 1278 2321 1331 Dio-

352 1381 549 1436 geneS‚
603 1361 803 1415 nullius
851 1360 1039 1414 iudicii
1097 1360 1283 1423 hoin0,
1341 1360 1553 1431 collegit
1594 1362 1647 1415 in
1690 1364 1802 1434 ipso
1844 1364 2042 1419 iudicio
2086 1365 2321 1420 habitam

354 1470 469 1507 esse
510 1468 631 1505 eum
671 1449 864 1503 dicere.
944 1448 1129 1518 Itaque
1168 1447 1244 1502 ὅτι
1296 1449 1591 1516 συνέγραψε
1644 1452 1976 1519 Πολυκράτης
2018 1453 2318 1520 Σωκράτους

352 1540 666 1606 κατηγορίαν
706 1533 985 1592 verissime
1041 1537 1364 1608 Hermippus
1404 1540 1694 1593 memoriae
1747 1540 2017 1610 prodidit,
2074 1541 2164 1596 sed
2204 1559 2320 1597 eam

354 1635 447 1683 aut
506 1645 536 1681 a
595 1625 817 1690 Melet0,
873 1632 966 1678 aut
1022 1642 1052 1678 a
1102 1625 1423 1698 PolyeuctO,
1485 1627 1811 1697 nequissimo
1862 1629 2152 1700 demagogo
2210 1630 2323 1704 (qui

351 1725 567 1779 tamen,
609 1714 804 1777 credo,
844 1730 967 1766 suas
1009 1714 1120 1784 ipse
1160 1714 1425 1767 orationes
1467 1715 1823 1789 scriptitabat)
1868 1717 1923 1770 in
1966 1717 2201 1772 Socratis
2242 1719 2320 1772 iu-

353 1806 494 1859 dicio
529 1820 643 1858 esse
692 1801 929 1856 habitam
970 1802 1221 1872 Diogenis
1264 1819 1414 1856 error
1455 1809 1567 1865 est,
1612 1803 1795 1874 quales
1834 1805 2129 1876 permultos
2178 1823 2320 1861 com-

352 1894 520 1948 misit.
601 1891 776 1957 Quum
826 1890 920 1943 diu
972 1891 1071 1944 iste
1125 1890 1388 1960 opinionis
1429 1907 1579 1944 error
1631 1893 1978 1947 inveterasset
2027 1894 2324 1948 Favorinus

353 1985 444 2044 την
486 1979 787 2046 Σωκράτους
827 1978 1138 2045 κατηγορίαν
1192 1977 1440 2032 lectitans
1493 1986 1637 2033 certo
1686 1979 1883 2034 indicio
1943 1980 2182 2036 fraudem
2234 1982 2321 2037 de·

352 2068 637 2144 prehendit
677 2073 730 2121 et
763 2066 1055 2136 redarguit.
1136 2066 1276 2120 Audi
1316 2067 1602 2137 Diogenem
1645 2067 1920 2123 Laertium
1957 2070 2022 2124 11.
2066 2075 2152 2125 59.
2215 2079 2319 2125 Φα-

352 2163 558 2227 βωρῖνος
599 2156 651 2210 δέ
684 2160 843 2224 φησιν
877 2157 927 2207 ἐν
958 2157 1027 2222 τῷ
1060 2155 1234 2222 πρώτῳ
1271 2161 1366 2208 τῶν
1402 2156 1974 2221 Ἀπομνημονευμάτων
2013 2160 2097 2223 μη
2139 2156 2316 2214 εἶναι

353 2248 556 2309 ἀληθῆ
614 2245 698 2298 τὸν
756 2242 909 2308 λόγον
964 2243 1049 2296 τὸν
1105 2243 1462 2309 Πολυκράτους
1513 2245 1654 2297 κατα
1696 2245 2027 2311 Σωκράτους·
2086 2248 2136 2299 ἐν
2180 2249 2319 2315 αὐτῷ

352 2338 493 2404 γὰρ,
545 2333 715 2402 φησὶ,
771 2331 1072 2397 μνημονεύει
1126 2336 1223 2384 τῶν
1281 2333 1378 2384 ὑπὸ
1428 2332 1643 2392 Κόνωνος
1691 2339 1879 2400 τειχῶν
1928 2334 2318 2398 άναςαθέντων,

354 2424 391 2481 ἃ
431 2424 643 2489 γέγονεν
685 2419 849 2474 ἔτεσιν
903 2416 959 2481 ἓξ
997 2426 1089 2481 τῆς
1143 2418 1443 2486 Σωκράτους
1484 2427 1731 2482 τελευτῆς
1788 2418 1991 2488 ὕςερον,
2051 2422 2142 2475 ubi
2191 2423 2322 2477 scri-

355 2513 590 2568 bendum
629 2524 743 2564 esse
779 2506 802 2561 ‘3
843 2508 1086 2573 γέγονεν,
1128 2524 1229 2558 ηοιι
1271 2505 1306 2560 ἃ
1345 2506 1593 2572 «γέγονεν,
1650 2507 1809 2560 verbo
1859 2509 1964 2562 iam
2008 2527 2168 2581 supra
2215 2528 2324 2565 mo·

357 2603 594 2657 nuimus
676 2596 814 2664 Quid
870 2597 1037 2667 igitur
1089 2595 1386 2649 Favorinus
1441 2594 1826 2666 deprehendit?
1881 2598 1953 2662 μη
1991 2595 2120 2652 εἶναι
2161 2602 2324 2661 άληθῆ

355 2693 439 2746 τὸν
479 2689 664 2753 λόγον,
717 2685 770 2738 id
807 2692 920 2738 est:
963 2701 1066 2737 non
1102 2701 1214 2738 esse
1259 2701 1444 2737 revera
1482 2684 1617 2738 hanc
1659 2686 1951 2740 orationem
1992 2687 2046 2739 in
2090 2687 2201 2757 ipso
2243 2688 2324 2741 iu-

357 2780 496 2833 dicio
547 2781 732 2843 contra
789 2773 1059 2827 Socratem
1123 2772 1393 2836 habitam,
1437 2772 1487 2825 id
1532 2772 1671 2843 quod
1711 2772 1828 2826 luce
1870 2773 2066 2828 clarius
2108 2791 2171 2829 ex
2217 2775 2323 2829 Iso-

358 2867 523 2922 cratis
547 2863 852 2918 testimonio
874 2868 1107 2932 apparet.
1152 2861 1443 2915 Verissime
1478 2862 1645 2932 igitur
1683 2862 1991 2915 Perizonius
2021 2862 2086 2916 ad
2122 2863 2322 2917 Aelian.

355 2957 420 3010 V.
452 2955 514 3008 H.
545 2952 631 3005 XI.
676 2955 760 3004 10.
821 2950 1049 3002 »Revera
1086 2949 1219 3003 enim
1243 2948 1546 3020 Polycrates
1566 2950 1771 3019 scripsit
1792 2949 2018 3004 Socratis
2050 2953 2322 3006 accusatio·

354 3061 500 3107 nem,
541 3059 642 3095 non
681 3046 850 3091 autem
893 3056 1032 3101 eam,
1085 3056 1184 3108 qua-
1238 3039 1321 3090 usi
1360 3046 1477 3092 sunl
1515 3037 1717 3109 Anytus
1757 3046 1804 3091 ec
1853 3037 2090 3101 Melicas,
2146 3058 2323 3093 verum

354 3133 518 3187 aliam
556 3126 879 3198 aliquamdiu
919 3133 1071 3195 post,
1112 3127 1337 3197 inqenii,
1390 3134 1447 3179 ut
1501 3126 1732 3189 videtur,
1791 3127 2076 3179 ostentandi
2129 3145 2316 3192 causa,

356 3228 490 3276 certe
543 3217 718 3271 eodem
768 3213 974 3277 anime,
1027 3232 1122 3283 quo
1176 3215 1379 3285 scripsit
1417 3214 1552 3267 idem
1609 3214 1870 3266 Busiridis
1922 3213 2322 3269 laudationem?

353 3308 662 3364 Assentitur
701 3302 786 3356 his
820 3302 1082 3355 Kusterus
1123 3301 1187 3354 ad
1224 3301 1441 3355 Suidam
1480 3320 1527 3355 ν.
1570 3300 1928 3367 Πολυκράτης,
1969 3309 2021 3355 et
2063 3304 2211 3356 novis
2241 3320 2322 3357 ar·

356 3395 626 3467 gumentis
683 3391 823 3445 idem
874 3395 1029 3443 acute
1076 3388 1460 3443 demonstravit
1517 3389 1784 3442 Bentleius
1842 3390 1895 3441 in
1938 3390 2321 3446 Dissertatione

354 3485 418 3540 de
456 3483 624 3554 Epist.
669 3479 872 3533 Socrat.
914 3496 1027 3549 cap.
1065 3477 1151 3530 VI.
1233 3477 1400 3544 Quam
1438 3494 1521 3531 me
1559 3476 1784 3531 delectat
1834 3477 2179 3550 Bernhardy,
2221 3482 2314 3549 qui

348 3571 569 3628 Bentleii
613 3570 894 3623 immemor
931 3567 1203 3621 Perizonio
1246 3574 1298 3621 et
1339 3567 1568 3621 Kustcro
1605 3567 1679 3621 sic
1721 3566 2022 3638 obloquitur
2063 3566 2149 3639 (ad
2197 3565 2316 3621 Sui-
