2436 4068
1303 211 1371 261 28

335 362 388 411 61
428 353 678 410 confusae
719 370 834 408 esse
874 352 1159 408 videantur
1200 351 1337 405 alius
1388 350 1602 403 dabitur
1656 349 1866 403 dicendi
1899 351 2072 414 locus,
2115 349 2178 404 de
2217 368 2319 405 uno

335 450 549 498 tantum
588 458 757 513 pauca
797 441 989 495 dicam.
1070 441 1130 493 In
1171 439 1324 491 Pluto
1365 455 1440 491 ve.
1466 442 1534 491 44
1573 454 1685 508 sqq.
1725 436 1953 506 legitur:

639 529 725 583 καὶ
764 530 833 596 τῷ
868 528 1123 596 ξυναντᾷς
1165 527 1296 588 δῆτα
1335 527 1547 594 πρώτους
1590 535 1648 580 Β.
1689 526 1904 591 τουτῳΐ.

523 628 588 672 A.
644 614 738 670 εἶτ’
779 619 832 669 οὐ
874 615 1041 678 ξυνίης
1085 615 1176 676 την
1211 613 1434 667 ἐπίνοιαν
1470 617 1557 666 τοῦ
1601 614 1735 676 θεοῦ,

639 703 937 772 φράζουσαν
973 699 1008 755 ὦ
1041 700 1322 756 σκαιότατέ
1363 721 1437 754 σοι
1474 700 1761 769 σαφέςατα

639 791 940 844 οέσκεῖντὸν
975 788 1075 844 υἱὸν
1105 790 1190 843 τὸν
1224 791 1490 857 ἐπιχώριον
1527 787 1738 855 τρόπον;
2089 860 2092 862 .

337 879 546 951 quoties
588 878 730 931 hunc
766 876 943 930 locum
973 877 1148 948 relego
1178 876 1283 930 duo
1316 883 1470 939 sunt,
1511 892 1647 946 quae
1683 891 1768 928 me
1802 890 2011 944 semper
2039 874 2317 930 vehemen-

339 974 424 1020 ter
463 963 740 1019 offendunt
780 971 834 1019 et
881 967 1134 1037 antiquae
1176 963 1510 1034 corruptelae
1552 962 1912 1032 suspicionem
1959 961 2104 1015 haud
2152 963 2322 1017 levem

339 1054 608 1107 iniiciunt.
689 1052 959 1107 Insulsum
997 1059 1050 1107 et
1074 1051 1350 1105 inficetum
1390 1058 1470 1105 est
1508 1049 1563 1102 id
1598 1065 1856 1120 quaerere
1889 1065 1953 1101 ex
1989 1049 2116 1103 hero
2150 1051 2323 1104 Cario-

339 1158 475 1196 nem.
511 1141 670 1212 idque
716 1140 1062 1214 Chremylum
1113 1138 1458 1211 respondere,
1508 1136 1649 1208 quod
1698 1153 1869 1206 neque
1910 1153 2096 1190 servus
2136 1155 2326 1193 scurra

340 1235 394 1284 61
433 1229 686 1293 6611111118,
725 1245 898 1299 neque
926 1234 1289 1299 spectatorum
1320 1228 1630 1298 quisquam,
1673 1240 1845 1294 neque
1885 1241 2028 1277 nunc
2062 1224 2325 1280 lectorum

340 1317 617 1388 requirere
652 1322 888 1388 poterat,
927 1317 985 1370 τὸ
1017 1319 1248 1384 πρᾶγμα
1280 1316 1500 1383 φανερόν
1535 1314 1665 1376 ἐςιν,
1706 1313 1834 1366 αὐτὸ
1869 1312 1972 1379 γαρ
2010 1313 2135 1381 βοᾷ.
2217 1314 2322 1367 Ita-

342 1421 445 1476 que
490 1405 667 1469 Cari0,
710 1403 799 1458 ubi
843 1405 938 1458 Dei
977 1411 1321 1475 praeceptum
1363 1401 1594 1465 audivit,
1636 1401 1888 1454 continuo
1923 1399 2040 1454 heri
2087 1417 2324 1456 errorem

341 1491 548 1547 scilicet
586 1492 842 1564 perspicit
876 1498 928 1545 et
961 1492 1035 1545 ita
1070 1491 1223 1545 dicit:

646 1579 788 1650 κᾷτα
822 1579 1078 1650 ξυναντᾷς
1117 1580 1249 1641 δῆτα
1283 1580 1459 1647 πρώτῳ
1496 1578 1711 1646 τουτῳΐ.

647 1665 744 1720 εἶτ’
785 1669 839 1720 οὐ
875 1666 1059 1730 ξυνιεῖς
1092 1669 1183 1729 την
1217 1667 1437 1722 διάνοιαν
1465 1670 1554 1721 τοῦ
1603 1667 1742 1727 θεοῦς
2027 1735 2035 1737 q

343 1761 618 1826 praeterea
659 1772 754 1825 pro
785 1754 1084 1823 φράζουσαν
1129 1755 1346 1807 omnino
1378 1753 1660 1823 φράζοντος
1700 1753 2019 1806 sententiam
2058 1751 2324 1824 postulare

335 1842 477 1895 mihi
501 1859 817 1914 persuasum
845 1849 955 1904 est,
994 1858 1117 1895 nam
1147 1841 1276 1912 quid
1300 1859 1496 1912 quaeso
1515 1848 1596 1894 est
1631 1844 1658 1904 ἡ
1683 1841 1876 1893 διάνοια
1895 1844 1984 1894 τοῦ
2009 1842 2116 1894 θεοῦ
2138 1839 2326 1908 φράζει

343 1929 457 1983 coc?
501 1937 688 1983 natum
723 1929 823 1984 hoc
854 1946 1065 2000 quoque
1091 1930 1285 1982 vitium
1317 1936 1396 1983 est
1419 1927 1603 1983 eodem
1636 1927 1791 1982 modo
1813 1944 1917 1998 quo
1939 1927 2080 1998 apud
2114 1929 2327 1999 Euripi-

345 2016 464 2071 dem
499 2019 598 2079 τοὶς
643 2018 758 2090 (pro
797 2018 904 2090 τόν)
947 2017 1005 2081 ἐξ
1042 2019 1260 2079 Ἀθηνῶν
1301 2016 1602 2084 παρθένους,
1643 2014 1708 2069 de
1745 2032 1848 2085 quo
1882 2022 2005 2069 ante
2037 2015 2286 2070 diximus,

416 2103 617 2158 Comici
665 2106 1011 2174 παρῳδοῦντες
1063 2105 1317 2174 Tragicos
1370 2105 1532 2157 etiam
1586 2104 1639 2156 in
1694 2104 1978 2157 verborum
2027 2104 2327 2174 quantitate

341 2190 535 2246 ludunt
576 2198 629 2246 et
667 2192 769 2246 ioci
803 2210 963 2247 causa
1000 2192 1301 2263 prosodiam
1354 2191 1590 2246 Ionicam
1643 2191 1928 2244 imitantur
1970 2191 2326 2261 producentes

322 2291 478 2351 ¹quae
535 2281 766 2336 οέττικιςί
823 2281 1022 2351 corripi
1063 2279 1324 2333 debebant
1371 2295 1516 2332 more
1563 2284 1615 2332 et
1663 2279 1902 2350 exemplo
1953 2279 2324 2349 Tragicorum.

343 2368 445 2435 Qui
498 2367 744 2421 Comicus
792 2369 847 2422 in
894 2368 1125 2434 πατρῷος
1169 2369 1344 2438 prima
1393 2366 1549 2436 longa
1593 2367 1768 2420 utitur
1812 2366 2106 2433 γελοιαζει,
2163 2373 2219 2419 111
2269 2367 2324 2419 in

338 2455 580 2518 Nubibus
622 2460 765 2510 1468

645 2543 757 2608 ναὶ,
797 2545 907 2611 ναὶ,
948 2544 1310 2607 καταιδέσθητι
1347 2546 1579 2612 πατρῷον
1619 2542 1756 2597 Δία.

340 2630 440 2686 hoc
481 2631 657 2702 ipsum
700 2633 806 2686 iam
849 2631 1139 2687 ridiculum
1181 2639 1234 2698 61
1275 2632 1502 2686 scurrile
1544 2637 1651 2685 est:
1707 2631 1753 2684 si
1807 2628 1941 2683 nihil
1993 2630 2187 2700 leporis
2231 2635 2326 2684 aut

342 2718 566 2774 facetiae
614 2705 922 2774 huiusmodi
978 2720 1162 2774 subest
1217 2719 1564 2773 manifestum
1610 2719 1770 2773 metri
1817 2718 2010 2771 vitium
2060 2724 2324 2774 tenemus.

341 2806 402 2860 In
438 2806 618 2860 Alcaei
659 2806 960 2877 fragmento
1000 2810 1050 2862 ἐν
1090 2807 1575 2876 Κωμῳδοτροιγῳδίᾳ
1598 2826 1610 2837 ·

645 2896 938 2962 ἐτύγχανον
977 2897 1072 2961 μὲν
1111 2895 1325 2962 οέγρόθεν
1365 2896 1604 2956 πλεῖς-ους
1646 2895 1842 2963 φέρων,

342 2980 484 3053 apud
522 2982 750 3036 Macrob.
795 2983 1010 3037 Saturn.
1044 2983 1119 3048 -V.
1167 2987 1236 3038 20
1273 2985 1472 3054 optime
1515 2983 1768 3038 viderunt
1817 2981 2034 3036 subesse
2089 2981 2322 3035 versicu-

341 3069 454 3127 lum
507 3069 886 3140 Euripideum:
942 3072 1236 3138 ἐτύγχανον
1282 3072 1376 3136 μὲν
1422 3071 1635 3139 ἀγρόθεν
1689 3077 1862 3124 πυλῶν
1915 3069 2009 3123 ἔσω
2052 3071 2066 3142 f
2109 3069 2319 3134 βαίνων.

344 3155 498 3229 Apud
539 3156 897 3227 Antiphanem
938 3159 1131 3214 Athen.
1170 3161 1212 3212 1.
1255 3175 1305 3229 p.
1346 3161 1432 3212 28.
1464 3160 1534 3231 F.

646 3245 696 3297 ἐν
739 3255 1010 3316 πλησμονῇ
1051 3248 1155 3314 γὰρ
1196 3247 1419 3314 Κύπρις,
1459 3249 1509 3300 ἐν
1549 3247 1599 3300 δὲ
1635 3253 1739 3308 τοῖς
1782 3251 1948 3304 κακῶς

647 3332 958 3400 πράσσουσιν
996 3337 1083 3388 οὐκ
1120 3334 1278 3391 ἔνεςιν
1313 3324 1590 3404 Ἀφροδίτη
1631 3336 1831 3402 βροτοῖς
1856 3374 1866 3385 .

347 3421 526 3475 omnia
564 3427 691 3474 sunt
725 3437 789 3474 ex
819 3422 1118 3476 imitatione
1155 3423 1523 3492 Tragicorum.
1605 3420 1879 3492 Euripidis
1914 3425 1994 3473 est
2026 3419 2323 3474 versiculus

349 3510 398 3561 ἔν
438 3516 711 3578 πλησμονῇ
751 3529 826 3563 τοι
861 3510 1080 3576 Κύπρις,
1119 3512 1168 3562 ἐν
1204 3517 1406 3564 πεινῶσι
1444 3512 1488 3564 δ’
1525 3510 1612 3571 οὔ,
1653 3509 1835 3562 eodem
1859 3508 2127 3579 pertinent
2161 3507 2322 3574 προέσ-

349 3615 515 3651 σουσιν
556 3603 607 3650 61
647 3598 863 3664 βροτοῖς.
948 3597 1206 3652 Similiter
1245 3599 1382 3653 ludit
1423 3597 1665 3653 Eubulus
1701 3595 1889 3651 Athen.
1930 3594 2066 3649 Xlll.
2113 3599 2236 3649 568.
2262 3595 2322 3649 F.
