2436 4068
36 327 46 343 ιι

36 354 50 382 l

36 393 44 426 ἔ

1 429 44 514 l.-

0 551 48 636 ..l

1067 205 1173 258 219

127 353 218 404 25.
296 344 544 402 Nondum
585 362 704 402 sero
742 355 860 413 est,
901 356 962 403 ut
999 366 1062 404 ea
1101 351 1282 405 omnia
1331 351 1462 406 vitia
1501 366 1566 405 ex
1606 350 1835 406 Homero
1865 350 2118 406 eluantur

125 443 181 491 et
209 433 481 489 scribatur
520 433 670 489 Iliad.
706 436 768 490 A.
794 441 885 493 70.
929 435 981 498 ὃς
1019 439 1122 506 ᾔδει
1162 438 1235 493 τοὶ
1268 442 1319 494 τ’
1359 439 1542 503 ε’όντοι,
1578 446 1631 494 et
1670 448 1731 493 Z.
1755 443 1880 494 551.
1924 436 1975 499 ὃς
2009 440 2113 508 ᾔδει

122 522 363 588 νέμεσιν,
403 527 460 575 et
499 523 699 593 passim
734 525 840 592 ᾔδει
882 526 936 578 in
972 532 1214 580 extremo
1253 543 1435 583 versu.
1478 525 1682 582 Deinde
1719 533 1781 581 ut
1813 543 1971 599 saepe
2011 528 2113 596 ᾔδε’

121 610 362 666 occurrit
412 625 507 681 pro
545 610 704 678 ᾔδεοο,
747 609 915 665 veluti
956 609 1146 685 odyss,
1190 621 1255 666 Δ.
1300 618 1425 669 745.
1478 615 1582 684 ᾔδε’
1622 615 1726 680 ἐγὼ
1764 614 1893 670 τάδε
1931 614 2113 669 ποὶντοο

121 704 178 753 et
214 704 285 752 N.
323 701 451 752 540.
492 698 596 762 ἐγὼ
628 698 698 751 ἐνὶ
741 699 879 766 θυμῷ
923 697 933 772 Ι
977 700 1080 768 ᾔδε’
1116 696 1140 754 ὃ
1189 701 1446 764 νοςήσεις,
1484 708 1538 757 et
1583 702 1736 757 Iliad.
1779 712 1844 758 Θ.
1887 705 2019 760 566.
2067 703 2112 756 εἶ

120 785 230 852 γὰρ
274 785 376 850 ἐγὼ
427 784 554 839 τάδε
602 785 705 853 ᾔδε’
746 785 816 839 ἐνὶ
868 787 1054 854 Φρεσί,
1094 787 1173 842 sic
1223 788 1327 856 ᾔδε’
1370 787 1496 842 olim
1543 806 1639 860 pro
1688 790 1802 859 ᾔδεε
1846 791 2111 862 scriptum

120 871 288 927 fuisse
319 871 536 927 videtur
570 871 655 926 his
691 871 849 926 locis:
889 871 1039 927 Iliad.
1081 874 1141 932 B.
1181 878 1272 931 58.
1314 876 1487 938 νήπιος
1528 876 1639 931 οὐδὲ
1674 878 1747 931 τὰ
1777 879 1881 947 ᾔδε’
1922 876 1959 933 ἅ
2000 879 2110 933 κτὲ.

119 966 175 1016 et
213 969 282 1015 A.
326 963 452 1015 741.
506 956 534 1021 ἢ
584 959 718 1014 τόσοι
764 958 1032 1028 φοὶρμοικοο
1074 963 1177 1031 ᾔδε’
1205 1004 1218 1027 ,
1260 959 1359 1016 ὅσοι
1395 963 1573 1033 τρέφει
1625 965 1797 1032 εὐρεῖοο
1846 967 2019 1033 χθών,
2059 972 2115 1020 el.

119 1057 183 1103 T.
227 1050 355 1103 466.
396 1048 507 1103 οὐδὲ
541 1049 601 1102 τὸ
641 1049 744 1118 ᾔδε’
782 1046 806 1102 ὃ
841 1051 896 1104 οὐ
937 1049 1206 1104 πείσεσθαι
1248 1049 1502 1116 ἔμελλεν,
1543 1057 1597 1106 et
1636 1050 1793 1116 alibi,
1834 1069 1940 1123 quo
1974 1051 2115 1108 sacto

120 1137 284 1191 tertia
333 1151 561 1208 persona
613 1137 705 1205 ἤδη
760 1152 826 1191 ex
877 1152 1062 1192 rerum
1116 1143 1314 1192 natura
1354 1137 1566 1193 sublata
1605 1139 1745 1203 erit,
1797 1155 1966 1210 quum
2008 1156 2114 1193 non

120 1224 295 1294 magis
334 1223 618 1278 Homerica
653 1239 715 1278 ea
754 1222 928 1279 forma
968 1225 1073 1280 erit
1110 1241 1274 1297 quam
1314 1225 1632 1280 recentioris
1671 1225 1964 1282 Atticismi.
2044 1226 2114 1280 Et

119 1310 373 1367 facillime
429 1310 647 1383 quidem
699 1310 1060 1367 refutabimus
1107 1320 1426 1384 corruptum
1481 1319 1674 1369 testem
1733 1314 1789 1368 in
1839 1312 2115 1386 Sophoclis

119 1398 422 1472 fragmento
462 1397 605 1471 apud
639 1398 804 1455 Glem.
847 1399 993 1455 Alex.
1039 1399 1238 1455 Strom.
1274 1399 1341 1454 ΙΙ.
1380 1417 1433 1472 p.
1472 1404 1600 1457 494.

498 1485 551 1549 ὃς
590 1486 709 1543 οὔτε
747 1490 1035 1549 τούπιεικὲς
1074 1488 1193 1543 οὔτε
1233 1489 1327 1552 τὴν
1364 1487 1523 1566 χοέριν

497 1575 588 1644 ἤδη
611 1617 627 1638 ,
668 1574 827 1642 μόνην
866 1578 910 1631 δ’
951 1575 1133 1645 ἔςεργε
1172 1579 1265 1639 τὴν
1305 1578 1487 1639 οὶπλῶς
1528 1577 1689 1640 δίκην.

115 1662 210 1719 sed
249 1664 431 1719 aerius
466 1661 734 1718 obnititur
790 1663 993 1727 πύκτης
1032 1663 1167 1727 ὅπως
1224 1667 1296 1726 εἰς
1349 1671 1535 1734 χεῖρας
1586 1663 1874 1737 Sophocles
1914 1666 1969 1720 in
2012 1665 2110 1722 Oe-

115 1749 241 1824 dipo
283 1752 538 1826 Tyranno
579 1755 725 1806 1524
766 1768 882 1824 sqq.
923 1750 1010 1806 his
1047 1751 1321 1807 versibus:

344 1838 381 1894 ὦ
418 1840 625 1908 ποὶτροος
661 1840 846 1906 Θήβης
886 1838 1097 1905 ἔνοικοι,
1136 1841 1415 1907 λεύσσετ’,
1461 1841 1704 1902 Οἰδίπους
1744 1839 1828 1896 ὅδε

344 1926 398 1989 ὃς
437 1929 511 1982 τοὶ
549 1927 709 1983 κλείν’
749 1927 1026 1994 αἰνίγματ’
1069 1929 1160 1998 ἤδη
1201 1930 1288 1984 καὶ
1332 1927 1571 1998 κροέτιςος
1612 1927 1669 1993 ἦν
1702 1930 1862 1997 οένῆρ,

343 2013 452 2076 iss-ac
486 2017 542 2070 οὖ
578 2014 716 2084 ζήλῳ
748 2020 970 2070 πολιτῶν
1006 2015 1094 2070 ux)
1136 2017 1332 2084 τύχοιις
1370 2015 1672 2082 ἐπιβλέπων

345 2103 419 2164 εἰς
455 2100 569 2157 ὅσον
607 2103 844 2158 κλύδωνα
882 2103 1043 2167 δεινῆς
1083 2107 1358 2173 συμφορᾶς
1397 2105 1678 2170 ἐλήλυθεν,

116 2188 209 2246 sed
247 2188 383 2244 nihil
434 2188 647 2245 facilius
686 2197 769 2246 est
808 2197 863 2246 et
903 2190 1007 2263 ipsi
1056 2191 1304 2265 Sophocli
1356 2191 1550 2248 utilius
1590 2207 1754 2264 quam
1795 2191 1935 2246 hanc
1974 2190 2108 2247 dissi-

114 2276 374 2333 cultatem
433 2294 726 2334 removere.
805 2278 1007 2351 Nempe
1042 2279 1097 2334 in
1145 2278 1230 2334 his
1271 2279 1522 2336 Graeculi
1569 2278 1726 2352 plane
1774 2281 2110 2335 contrarium

113 2380 352 2421 errorem
393 2373 648 2422 errarunt
699 2372 862 2439 atque
914 2367 971 2421 in
1027 2368 1160 2437 ᾔδειν
1206 2368 1579 2433 ostendimuS‚
1620 2368 1711 2422 cui
1751 2375 2111 2441 pepercerunt

112 2453 242 2526 quia
281 2454 487 2526 primae
527 2470 783 2527 personae
823 2471 940 2510 esse
979 2454 1375 2527 opinabantur,
1429 2471 1598 2528 quum
1633 2461 1780 2510 reete
1820 2456 2110 2527 cogitanti-

111 2539 215 2597 bus
254 2543 444 2597 tertiae
483 2559 600 2598 esse
637 2549 919 2616 appareat:
962 2560 1108 2598 nunc
1149 2550 1436 2599 servarunt
1475 2545 1564 2614 ἤδη
1607 2543 1802 2599 tertiae
1850 2559 2111 2616 personae

112 2643 230 2686 esse
278 2631 383 2684 rati
443 2647 610 2703 quum
665 2632 872 2703 primae
928 2632 1015 2686 sit.
1111 2631 1410 2703 Diligenter
1463 2632 1641 2687 locum
1695 2631 2110 2703 inspicientibus

111 2718 460 2791 perspicuum
500 2719 606 2773 erit
646 2719 817 2791 ipsius
870 2717 1155 2791 Oedipodis
1208 2720 1339 2775 haec
1394 2719 1555 2775 verba
1607 2735 1758 2784 esse,
1810 2736 1948 2791 quae
2001 2738 2106 2775 non

112 2820 222 2861 uno
258 2804 415 2861 modo
462 2813 655 2862 vexata
698 2823 843 2862 nunc
884 2813 1223 2880 praepostere
1253 2808 1411 2862 Chori
1453 2824 1569 2862 esse
1604 2814 1885 2879 putantur.
1966 2807 2107 2876 Quid

111 2890 418 2949 faciendum
459 2895 532 2949 sit
564 2894 742 2950 verbis
782 2910 944 2950 sensu
985 2897 1170 2950 vacuis
1208 2894 1314 2956 δ’ςις
1355 2898 1409 2950 οὐ
1450 2894 1585 2964 ζήλῳ
1626 2900 1847 2951 πολιτῶν
1889 2896 1976 2951 καὶ
2015 2899 2104 2953 τύ-

108 3002 239 3051 χαις
278 2981 580 3047 ἐπιβλέπων
623 2983 832 3039 neseio:
879 2982 1014 3037 nihil
1052 2984 1196 3039 enim
1236 2983 1570 3055 significant,
1608 2990 1662 3038 et
1696 2983 1838 3055 quod
1877 2983 2104 3040 obscure

108 3069 419 3141 significare
474 3069 727 3126 videntur
780 3071 846 3126 ab
887 3070 986 3126 hoc
1027 3070 1142 3126 loco
1201 3071 1592 3127 alienissimum
1648 3078 1763 3127 est:
1819 3088 1925 3127 non
1967 3074 2107 3128 inest

111 3156 169 3212 in
211 3156 295 3212 his
331 3174 501 3213 unum
541 3158 859 3214 vocabulum
901 3158 1042 3231 quod
1079 3161 1379 3216 sententiae
1412 3167 1598 3232 aptum
1640 3161 1710 3215 sit
1746 3166 1799 3215 et
1828 3177 1952 3215 eum
1988 3178 2103 3215 cac·

113 3245 247 3299 teris
287 3244 394 3300 ullo
428 3246 584 3302 modo
621 3247 877 3319 coniungi
912 3249 1164 3320 potuerit.
1245 3248 1314 3303 Ut
1352 3248 1408 3302 in
1458 3248 1638 3303 Babrii
1693 3248 1807 3303 loco
1846 3250 2007 3311 κακὴν
2047 3249 2099 3303 δὲ

111 3331 340 3398 μελέτην
380 3334 462 3387 ἐπ’
505 3334 597 3400 ἐμὲ
636 3342 728 3398 τῆς
771 3336 880 3390 ὀδοῦ
920 3337 1122 3404 τρίβει,
1163 3344 1216 3392 et
1268 3337 1321 3390 in
1378 3336 1629 3411 Aeschyli
1685 3336 1841 3392 πλέον
1882 3337 2101 3391 ‚coelom-x

114 3424 214 3474 τῶν
260 3421 528 3487 εἰρημένων
581 3428 634 3476 et
670 3422 790 3477 aliis
843 3422 1008 3488 loeiS‚
1051 3430 1286 3479 veterem
1329 3424 1578 3479 lacunam
1619 3432 1725 3486 τοῖς
1768 3426 2102 3490 ἐπιτυχοῦσιν

116 3507 358 3572 ὀνόμασιν
395 3507 656 3580 expletam
692 3527 807 3565 esse
847 3511 1115 3584 suspicor:
1158 3529 1296 3584 quae
1337 3518 1517 3567 autem
1560 3510 1721 3567 verba
1756 3511 2105 3575 interierunt,

117 3612 180 3651 ea
220 3594 363 3651 salva
405 3598 670 3653 sententia
710 3599 874 3657 eximi
910 3606 962 3656 et
1002 3600 1183 3657 abesse
1236 3607 1512 3673 poterant,
1571 3614 1803 3669 namque
1845 3597 1978 3653 nihil
2019 3597 2104 3655 de-

1652 3691 1695 3722 17
1723 3686 1744 3711 9
