2436 4068
1309 192 1412 243 692

390 357 505 394 ram
550 347 1024 400 ΦΙΛΟΝΕΙΚΟΣ,
1067 342 1248 408 utpote
1284 353 1347 389 ex
1387 338 1493 397 νίκη
1539 352 1639 388 non
1674 353 1733 388 ex
1778 344 1932 399 νεῖκος
1970 343 2349 411 compositam,

386 427 700 498 productam
743 424 971 478 vocalem
1026 441 1127 477 non
1173 422 1562 493 diphthongum
1606 423 1887 494 postulare.
1969 426 2168 482 Neutra
2205 432 2347 486 enim

388 516 441 567 in
484 546 556 555 —-
598 535 646 573 ος
688 513 948 566 adieetiva
1002 513 1293 582 composita
1340 509 1573 564 formant
1610 513 1661 563 in
1703 542 1777 551 ——
1808 514 1864 574 ἧς
1919 517 2198 579 exeuntia,
2249 518 2353 578 δέος

385 603 571 664 ἀδεής,
626 602 769 664 γένος
812 601 1039 664 οέγενής,
1095 599 1239 658 κλέος
1300 599 1530 662 ἀκλεής,
1576 599 1786 664 βλάβος
1833 602 2087 666 ἀβλαβής
2142 604 2349 675 aliaque

384 705 543 760 quam
583 687 842 758 plurima:
897 690 953 742 τὸ
999 694 1155 746 νεῖκος
1199 686 1368 755 igitur
1412 703 1476 739 ex
1513 686 1752 756 analogia
1794 689 2095 742 certissima
2130 696 2349 759 φιλονει-

384 778 473 839 κής
527 793 588 829 ex
641 791 754 827 sese
795 775 1124 844 peperisset,
1182 781 1239 826 nt
1277 775 1618 837 Πολυνείκης,
1672 791 1827 844 quem
1880 775 2046 830 frater
2098 779 2152 831 in
2191 780 2352 834 Phoe-

381 864 543 917 nissis
598 862 791 915 νεικέων
840 863 1098 925 ἐπώνυμον
1141 861 1271 914 dicit
1322 877 1452 914 esse.
1535 860 1635 914 Sed
1688 863 1796 924 νίκη
1837 865 2095 930 φιλόνικος
2152 865 2348 921 format

377 958 439 1004 ut
479 950 788 1010 καλλίνικος.
869 949 1206 1020 Deprehenso
1255 947 1418 1001 semel
1459 965 1638 1002 errore
1686 966 1864 1003 veram
1910 951 2104 1022 ubique
2160 953 2345 1007 lectio-
2425 943 2427 948 ¹

379 1055 502 1092 nem
553 1036 908 1107 reponendam
953 1054 1066 1090 esse
1106 1043 1340 1108 apparet.
1419 1036 1694 1106 Nusquam
1736 1037 1832 1090 hoo
1884 1038 2141 1093 audacius
2187 1039 2348 1096 facies

378 1143 538 1196 quam
582 1127 634 1178 in
674 1126 890 1178 Memor.
923 1125 1014 1179 ΙΙΙ.
1049 1142 1114 1178 iv.
1153 1130 1203 1178 5.
1246 1124 1392 1178 οὶλλοὶ
1432 1124 1516 1177 καὶ
1560 1126 1919 1192 φιλόνικος
1970 1128 2097 1190 ,ἐς-ιν,
2139 1161 2211 1170 --
2249 1133 2349 1197 οὐχ

378 1216 493 1284 ὁρᾷς
535 1214 611 1268 δ’τι
661 1213 747 1267 καὶ
810 1211 984 1271 ὃσακις
1031 1213 1351 1280 κεχορήγηκε
1397 1216 1527 1266 πᾶσι
1577 1220 1681 1272 τοῖς
1727 1221 1895 1280 χοροῖς
1953 1217 2347 1279 νενίκηκεν;
2424 1199 2430 1244 3

375 1302 705 1356 Luculentus
760 1301 920 1354 etiam
980 1299 1126 1353 loeus
1178 1307 1259 1354 est
1303 1300 1606 1353 Aristotelis
1659 1301 1711 1352 in
1755 1301 1969 1354 Rhetor.
2009 1302 2047 1355 Ι.
2094 1308 2180 1358 10.
2230 1305 2252 1357 ὂ
2293 1305 2345 1358 δὲ

375 1390 653 1458 φιλότιμος
703 1388 786 1442 δια
832 1389 1021 1453 τιμὴν,
1075 1389 1098 1440 ὂ
1138 1389 1180 1442 δ’
1222 1386 1465 1463 ὀξύθυμος
1519 1388 1580 1442 δι’
1629 1391 1812 1455 ὀργὴν,
1855 1391 1877 1442 ὁ
1915 1390 1967 1444 δὲ
2017 1392 2343 1459 φιλόνικος

373 1479 458 1532 δια
499 1478 704 1538 νίκην.

447 1566 642 1619 Narrat
694 1562 951 1617 Prodicus
994 1563 1058 1616 II.
1102 1581 1135 1616 1.
1179 1567 1267 1617 22.
1324 1567 1414 1627 τὴν
1462 1565 1661 1619 Κακίαν
1711 1569 2152 1621 κατασκοπεῖσθαι
2199 1569 2343 1633 θαμοὶ
2426 1611 2427 1614 ¹

372 1656 587 1717 ἑαυτὴν,
647 1654 1054 1706 ἐπισκοπεῖν
1110 1652 1161 1704 δὲ
1221 1652 1306 1706 καὶ
1349 1652 1398 1706 εἴ
1441 1674 1518 1712 τις
1567 1651 1728 1713 ἄλλος
1770 1656 1931 1715 αὐτὴν
1980 1657 2192 1709 θεοῖται·
2248 1656 2340 1710 sed

367 1745 662 1797 ἐπισκοπεῖν
723 1746 1033 1811 corruptum
1097 1746 1215 1804 est,
1270 1757 1392 1794 vera
1442 1740 1598 1794 lectio
1669 1758 1699 1794 a
1762 1741 2073 1814 Pluygersio
2126 1752 2337 1815 reperta

367 1838 449 1886 est
507 1836 847 1897 περισκοπεῖν.
929 1828 1030 1894 Qui
1073 1828 1170 1882 hoo
1215 1827 1418 1882 faciunt
1479 1829 1869 1900 circumspicere
1921 1831 2090 1885 solent
2133 1839 2183 1886 et
2227 1835 2334 1886 ἐπι·

368 1927 574 1973 σκοπεῖν
616 1917 680 1970 ab
722 1934 780 1970 ea
822 1933 882 1970 re
933 1933 1154 1986 prorsus
1211 1916 1444 1970 alienum
1489 1924 1583 1970 est.
1666 1918 1835 1983 Quam
1877 1916 2029 1973 facile
2068 1926 2120 1973 et
2175 1938 2335 1992 quam

367 2008 676 2078 frequenter
734 2004 1133 2059 confundantur
1183 2006 1298 2072 περί
1336 2011 1389 2058 et
1429 2006 1517 2058 ἐπί
1559 2005 1632 2078 (in
1677 2005 1852 2059 verbis
1894 2008 2202 2078 compositis
2258 2010 2335 2062 sic

789 2093 806 2116 ὅ
963 2094 994 2115 π

365 2130 529 2185 scribi
579 2129 734 2183 solita
772 2150 812 2182 π
859 2135 911 2183 et
967 2127 1012 2200 ε)
1069 2128 1122 2180 in
1183 2127 1377 2198 vulgus
1435 2134 1620 2180 notum
1675 2134 1774 2182 est.
1858 2127 2006 2195 Quod
2061 2133 2334 2186 annotavit

361 2217 547 2273 Pollux
586 2217 677 2271 III.
724 2221 844 2271 108.
901 2217 981 2270 ἐπὶ
1039 2217 1090 2269 δὲ
1143 2221 1396 2276 νοσοῦντος
1447 2216 1850 2270 ἐπισκοπεῖν
1898 2217 2027 2284 φησὶ
2070 2224 2330 2287 Ξενοφῶν,

367 2305 644 2361 sciendum
701 2313 781 2358 est
834 2303 1081 2357 omnihus
1137 2302 1490 2374 scriptoribus
1546 2303 1762 2357 Graecis
1816 2303 1957 2357 huno
2012 2321 2166 2359 usum
2222 2324 2336 2362 esse

365 2410 724 2449 communem.
806 2392 909 2459 Qui
949 2398 1312 2462 aegrotantem
1354 2390 1472 2443 visit
1512 2391 1622 2444 sive
1664 2390 1904 2445 medicus
1943 2398 2023 2446 est
2055 2393 2165 2447 sive
2202 2396 2331 2448 ami·

363 2500 460 2538 cus
495 2482 696 2536 dicitur
730 2497 852 2535 eum
901 2481 1197 2534 ἐπισκοπεῖν
1237 2479 1347 2532 sive
1389 2480 1812 2542 ἐπισκοπεῖσθαι,
1869 2496 2095 2550 quarum
2139 2480 2330 2538 forma-

362 2588 485 2624 rum
530 2571 867 2640 promiscuus
905 2584 1116 2638 semper
1153 2584 1283 2620 usus
1319 2565 1436 2620 suit.
1519 2565 1655 2619 Vera
1698 2565 1882 2619 multis
1919 2567 2186 2621 videbitur
2219 2587 2334 2626 esse

363 2658 690 2730 aegrotantis
723 2656 938 2727 querela
979 2655 1120 2726 apud
1161 2654 1522 2709 Philemonem
1566 2653 1709 2709 Stob.
1752 2653 1932 2707 Floril.
1976 2659 2110 2720 100,
2153 2662 2202 2711 5.
2323 2649 2331 2654 ”

665 2747 795 2799 πολὺ
837 2744 1012 2812 μεῖζόν
1053 2746 1128 2801 ε’ςι
1169 2749 1256 2798 τοῦ
1298 2747 1466 2804 κακῶς
1508 2744 1648 2810 ἔχειν
1688 2742 1843 2796 κακόν

665 2837 723 2888 τὸ
764 2835 876 2887 καθ’
917 2831 1004 2887 ἕνα
1046 2836 1176 2887 πᾶσι
1217 2839 1320 2893 τοῖς
1363 2832 1806 2897 ε’πισκοπουμένοις

664 2922 764 2974 δεῖν
805 2923 890 2975 τὸν
931 2926 1098 2981 κακῶς
1140 2920 1332 2988 ἔχοντα
1371 2927 1475 2979 πῶς
1516 2920 1627 2986 ἔχει
1667 2920 1860 2984 λέγειν.

366 3010 493 3064 hinc
535 3007 752 3062 demum
800 3014 947 3062 recte
1000 3009 1321 3078 intelligitur
1368 3008 1591 3078 Philippi
1635 3009 1783 3062 iocus
1835 3007 1975 3077 apud
2019 3007 2332 3065 Demosthe-

365 3115 489 3152 nem
525 3095 629 3157 IX,
675 3099 763 3151 12.
806 3102 910 3155 τοῖς
950 3097 1292 3163 ταλαιπώροις
1332 3098 1600 3163 Ὠρείταις
1644 3096 1860 3150 τουτοισὶ
1903 3097 2332 3163 ἐπισκεψομέ-

366 3206 506 3245 νους
560 3183 660 3251 ἔφη
702 3185 816 3244 τοὺς
868 3185 1152 3250 ςρατιώτας
1197 3185 1531 3252 πεπομφέναι
1575 3186 1693 3237 κατ’
1732 3184 1943 3237 εὔνοιαν.
1996 3185 2331 3241 πυνθάνεσθαι

366 3274 471 3340 γὰρ
521 3271 706 3332 αὐτοὺς
756 3274 832 3331 ὡς
887 3275 1225 3335 νοσοῦσιν,
1267 3278 1319 3325 et
1375 3273 1451 3325 sio
1492 3272 1690 3342 passim
1746 3273 2038 3325 ἐπισκοπεῖν
2091 3277 2332 3329 νοσοῦντα

365 3359 449 3415 vel
490 3361 798 3413 ἀσθενοῦντα
839 3358 920 3413 vel
961 3364 1128 3419 κακῶς
1172 3359 1364 3426 ἔχοντα
1405 3359 1618 3428 legitur.
1698 3366 2025 3424 Περισκοπεῖν
2069 3360 2209 3414 idem
2252 3371 2332 3416 est

369 3455 530 3519 atque
570 3448 935 3515 περιβλέπειν,
979 3448 1258 3514 περιαθρεῖν
1284 3488 1298 3510 ,
1343 3445 1792 3516 quemadmodum
1827 3456 2177 3514 παρασκοπεῖν
2220 3449 2333 3519 pla·

370 3553 438 3590 ne
488 3535 628 3590 idem
678 3534 946 3606 signifieat
988 3541 1146 3606 atque
1199 3534 1596 3602 παραβλέπειν,
1646 3541 1698 3588 et
1745 3541 1804 3588 ut
1846 3536 2226 3607 Aristophanes
2267 3537 2330 3591 de
