2436 4068
985 244 1088 295 185

53 398 281 473 Lysistr.
318 396 444 448 288.

430 478 571 534 τουτὶ
610 477 999 546 προσαναβῆναι
1040 477 1101 531 τὸ
1142 477 1292 541 σιμὸν
1330 475 1423 530 δεῖ.

53 572 212 630 Codd.
247 570 349 625 ἀεί.
385 567 599 639 supple:

354 657 496 711 τουτὶ
538 654 928 724 προσαναβῆναι
964 654 1023 708 τὸ
1062 653 1211 718 σιμὸν
1249 653 1330 707 δεῖ
1360 657 1409 705 ‹r'
1445 650 1540 707 ἔτι.

51 748 144 805 sed
181 746 375 801 melius
414 745 577 799 etiam
615 744 736 811 πρὸς
777 741 1040 805 ἀναβῆναι
1073 740 1358 795 scribetur.

125 836 187 891 ln
226 833 462 888 Platonis
500 847 660 886 versu
699 828 841 901 apud
881 827 1328 900 Hephaestionem
1371 845 1421 899 p.
1464 830 1562 882 91:

201 929 360 989 Χαῖρε
396 918 756 984 παλαιογόνων
790 917 977 983 ἀνδρῶν
1017 918 1208 971 θεατῶν
1243 914 1476 980 ξύλλογε
1510 912 1884 984 παντοσόφων,

48 1018 258 1069 mutata
304 1026 412 1063 una
464 1006 634 1062 vocali
684 1009 1043 1071 παλαιογενῶν
1092 1003 1337 1075 suspicor
1376 1002 1557 1057 verius
1597 1018 1742 1066 esse,
1782 1002 2036 1074 quoniam

50 1099 180 1157 ulia
224 1115 289 1153 ex
325 1098 473 1163 γένος
510 1112 617 1150 non
652 1111 718 1149 ex
756 1092 905 1159 γόνος
944 1091 1230 1164 propagari
1283 1089 1426 1162 apud
1477 1091 1684 1145 Atticos
1738 1090 1934 1156 solent,
1976 1098 2039 1148 ut

32 1188 293 1255 -J'n’eyemic,
333 1186 599 1251 δυσγενής.
680 1181 881 1237 Eadem
916 1180 1088 1236 forma
1124 1187 1206 1236 est
1242 1180 1299 1233 in
1331 1178 1575 1234 Nubibus
1609 1194 1687 1235 VS.
1713 1183 1838 1234 558:
1870 1185 2038 1250 χαῖρ’)

39 1274 91 1335 ’ἦ
126 1277 405 1344 πρεσβῦτα
444 1270 809 1336 παλαιογενὲς.

36 1352 44 1428 J
123 1363 371 1421 Nondum
403 1369 652 1416 sanatum
691 1367 773 1415 est
807 1357 964 1412 ulcus
998 1358 1054 1412 in
1090 1355 1327 1412 Platonis
1361 1354 1663 1427 fragmento
1698 1355 1841 1428 apud
1878 1355 2040 1413 Scho-

36 1443 191 1512 iliast.
232 1450 503 1523 Aristoph.
547 1446 869 1519 Thesmoph.
903 1450 1041 1502 808:

36 1535 46 1545 '⁴
917 1533 993 1589 ὅτι
1034 1533 1225 1600 πονηρῷ
1263 1532 1350 1587 καὶ
1387 1532 1511 1602 ξένῳ

35 1688 45 1707 ρ
430 1626 699 1693 ε’πέλαχες
738 1623 877 1692 ἀνδρὶ
920 1622 1112 1678 οὐδέπω
1153 1621 1260 1690 γὰρ
1295 1622 1552 1690 ἐλευθέρῳ.

15 1712 177 1777 fuam
213 1714 354 1788 quod
391 1721 659 1787 reponunt
693 1712 935 1779 μηδέπω,
975 1710 1201 1767 κούδέπω
1237 1712 1294 1776 γ’
1331 1716 1386 1764 et
1417 1711 1650 1775 οὐδαμῶς
1683 1712 1739 1774 γ’
1775 1710 2040 1766 eiusmodi

13 1809 210 1876 (suunt,
251 1812 312 1859 ut
347 1804 529 1859 statim
580 1801 802 1857 meliora
844 1816 1104 1871 quaerere
1157 1799 1430 1854 instituas,
1510 1797 1723 1852 Conieci
1757 1801 1845 1853 κού
1881 1802 2042 1854 καθα·

13 1879 143 1972 Ἀἶρῦς
182 1891 449 1959 ἐλευθέρῳ,
488 1889 631 1962 quod
673 1889 804 1944 bene
846 1890 1089 1943 Atticum
1131 1894 1214 1943 est
1262 1893 1316 1941 et
1355 1886 1436 1941 rei
1484 1887 1727 1958 apprime
1774 1889 2043 1944 convenit.

12 1985 136 2043 τοῦ
175 1983 402 2048 καθαρῶς
445 1979 702 2046 ἐλεύθερος
748 1977 848 2031 οὐδ’
888 1978 1016 2039 debe
1055 1977 1118 2031 ὤν
1171 1991 1237 2030 ex
1286 1974 1589 2029 imitatione
1638 1973 1897 2030 Veterum
1938 1976 2045 2031 Lu-

53 2072 243 2126 cianns
279 2069 333 2122 in
377 2068 601 2123 Timone
649 2065 786 2119 dixit
826 2069 856 2138 §
894 2068 983 2119 52.
1065 2064 1245 2119 Iocose
1298 2061 1632 2134 Antiphanes
1669 2065 1885 2130 καθαρὸν
1935 2066 2046 2121 δοῦ-

51 2171 140 2216 λον
174 2158 310 2212 dixit
349 2157 713 2227 mancipium,
754 2154 806 2207 in
854 2170 960 2224 quo
1001 2151 1076 2207 nil
1113 2153 1312 2206 inesset
1350 2149 1518 2205 libero
1562 2149 1778 2205 homine
1815 2151 2042 2223 dignum

39 2247 110 2304 -in
162 2246 325 2301 Bekk.
378 2243 579 2299 Anecd.
622 2259 744 2314 pag.
789 2245 928 2305 105,
963 2245 1016 2295 5.
1098 2239 1158 2293 In
1195 2239 1310 2294 loco
1357 2246 1468 2292 tam
1521 2237 1660 2293 male
1700 2238 1910 2305 habito,
1948 2244 2044 2314 qui

11 2313 121 2404 {³⁶¹
154 2351 263 2391 uno
299 2332 491 2388 Codice
530 2332 660 2386 Rav.
704 2337 1001 2400 utcumque
1031 2327 1337 2400 descriptus
1375 2333 1489 2390 est,
1531 2325 1667 2381 nihil
1702 2328 1897 2384 attinet
1935 2332 2047 2404 api-

13 2389 145 2512 spoe
178 2421 419 2493 singulos
452 2421 756 2476 litterarum
789 2417 1136 2488 investigare.
1215 2415 1393 2484 Quum
1429 2414 1570 2487 quod
1607 2416 1869 2488 scriptum
1905 2429 2047 2476 esset

6 2470 161 2605 lm
195 2512 328 2566 satis
361 2508 650 2583 apparebat
697 2506 962 2562 dederunt
1008 2504 1148 2578 quod
1189 2506 1427 2576 primum
1480 2505 1534 2558 in
1581 2511 1818 2560 mentem
1871 2510 2042 2566 venit:

27 2614 30 2618 ·
128 2598 357 2656 ἰιιειηοᾱί
397 2604 480 2653 est
513 2596 654 2669 quod
706 2595 848 2668 apud
901 2592 1250 2649 Plutarchum
1291 2592 1491 2664 legitur
1539 2593 1593 2646 in
1643 2596 2046 2666 comparatione

99 2686 319 2764 ysandri
358 2694 411 2742 et
450 2685 630 2760 Syllae
667 2702 787 2757 cap.
826 2683 918 2739 111.
980 2682 1285 2755 Lysander,
1336 2683 1541 2753 inquit,
1581 2682 1819 2738 servabat
1852 2684 1908 2738 in
1947 2686 2044 2741 im-

157 2776 170 2788 '
227 2776 432 2848 patriae
468 2792 637 2829 mores
672 2775 714 2828 εἰ
748 2774 808 2836 δή
842 2794 922 2834 τις
963 2771 1127 2833 ἄλλος
1169 2771 1510 2841 ἐκπεφευγὼς
1547 2770 1689 2825 τουτὶ
1729 2772 1788 2827 τὸ
1834 2773 2046 2842 περίακ-

436 2951 557 3007 olma
591 2950 827 3014 λέοντες,
865 2950 916 3003 ἐν
954 2949 1175 3016 ὑπαίθρῳ
1209 2947 1253 3001 δ’
1285 2947 1575 3008 ἀλώπεκες.

0 3076 13 3086 »·
133 3038 337 3096 Bonum
381 3039 614 3102 sactum,
655 3036 798 3109 quod
835 3036 902 3092 de
958 3037 1145 3091 iocoso
1185 3037 1240 3090 in
1292 3034 1583 3107 Spartanos
1631 3034 1776 3090 dicto
1827 3035 2046 3093 aliunde

189 3128 361 3186 tabat:
405 3145 527 3183 nam
584 3127 706 3199 quis
758 3127 1019 3198 potuisset
1068 3140 1171 3179 non
1220 3122 1340 3178 dico
1393 3125 1630 3196 reperire
1680 3123 1772 3179 sed
1818 3125 2046 3197 probare

136 3216 183 3273 is
218 3217 672 3273 emendationem:

79 3351 89 3355 -
437 3305 559 3360 οἴκοι
598 3305 826 3367 λέοντες,
867 3305 918 3358 ἐν
957 3302 1165 3372 Ἐφέσῳ
1198 3301 1241 3355 δ’
1282 3300 1570 3362 ἀλώπεκες.

0 3408 3 3434 ³
69 3388 207 3447 tude
256 3393 423 3464 igitur
485 3396 704 3462 ὑπαίθρῳ
771 3398 959 3447 natum
1001 3399 1081 3448 est
1137 3389 1435 3445 sententiae
1489 3405 1591 3443 non
1648 3388 1830 3443 minus
1882 3405 2043 3460 quam

0 3495 2 3523 ¹
67 3483 235 3535 metro
270 3482 587 3537 inimicum?
668 3480 869 3552 Nempe
910 3479 1178 3551 fugientes
1227 3477 1532 3531 litterarum
1583 3475 1778 3531 ductus
1834 3484 2044 3533 utcum-

0 3588 3 3611 ν
66 3578 168 3637 que
201 3569 599 3641 suppleverunt.
678 3569 823 3624 Ideni
876 3585 1096 3641 prorsus
1147 3566 1351 3622 lactum
1402 3571 1484 3619 est
1537 3564 1590 3618 in
1642 3564 1860 3626 vicinis,
1916 3581 2043 3621 nam

63 3655 333 3722 περίακτον
373 3658 504 3714 mihi
547 3657 698 3713 dabis
739 3655 1029 3713 ridiculum
1072 3662 1123 3712 et
1164 3651 1457 3711 absurdum
1510 3669 1642 3707 esse.
1725 3650 2042 3724 Supererat,
