2436 4068
1335 228 1440 277 594

394 374 603 442 παρέχω
646 379 698 426 et
738 372 893 437 ὄχλον
935 370 1146 436 παρέχω
1190 385 1312 422 cum
1368 370 1631 423 infinitivo
1684 373 1966 442 coniungi,
2026 374 2366 445 quemadmo-

394 463 521 516 dum
564 460 942 529 Aristophanes
978 457 1111 509 dixit
1143 453 1202 508 ἵν’
1239 457 1347 521 ἐμοὶ
1390 458 1623 523 παρέχῃς
1662 458 1961 525 πράγματα
1993 462 2201 526 βόσκειν
2245 464 2365 536 (σε).

393 550 472 603 Ita
513 549 724 601 locutus
772 552 851 598 est
894 542 1183 614 Xenophon
1229 544 1279 596 in
1324 544 1611 615 Cyropaed.
1651 546 1738 598 IV.
1761 533 1847 639 siv.
1893 551 1981 600 46.
2035 551 2183 616 ὁροῖτε
2218 548 2365 604 ἵπποι

391 635 492 690 ὅσοι
541 639 660 701 ἡμῖν
716 632 936 699 πάρεισι.
989 631 1197 691 τούτους
1239 629 1319 685 οὖν
1359 634 1402 686 εἷ
1442 634 1537 698 μὲν
1579 632 1798 698 εὀἒσομεν
1850 636 2194 700 ἀναμβάτους
2236 641 2367 705 ὧφε·

389 725 598 786 λη’σουσι
639 722 734 786 μὲν
773 721 909 774 οὐδὲν
962 721 1141 784 ἡμᾶς,
1196 719 1553 786 πράγματα
1608 722 1660 775 δὲ
1718 720 2096 787 παρέξουσιν
2150 726 2367 789 ἐπιμέ-

389 812 633 865 λεσθαι.
713 807 912 861 Eodem
952 807 1108 878 plane
1153 823 1347 876 genere
1387 807 1600 862 dicendi
1644 826 1771 863 usus
1809 818 1888 863 est
1924 811 1977 863 in
2017 811 2246 865 Anabasi
2277 812 2367 865 111.

390 917 443 953 ιι.
489 902 577 952 27.
619 893 776 951 αὗται
819 895 923 963 γαρ
963 892 1030 950 αὖ
1070 894 1270 963 ὄχλον
1324 897 1418 960 μὲν
1480 897 1901 964 παρέχουσιν
1955 895 2179 962 ἄγειν,
2219 921 2371 954 συνω-

390 989 608 1054 φελοῦσι
651 984 702 1037 δὲ
741 983 898 1037 οὐδέν.
977 982 1071 1036 Vel
1113 982 1222 1035 sola
1258 999 1371 1036 rem
1413 983 1673 1038 conficere
1722 992 1937 1055 possent
1978 985 2137 1039 verba
2187 986 2370 1040 Socra-

388 1075 460 1128 tis
497 1074 551 1126 in
596 1071 831 1125 Platonis
871 1068 1150 1124 Phaedone
1202 1087 1254 1141 p.
1303 1076 1403 1124 115
1447 1079 1514 1125 A.
1571 1073 1709 1126 δοκεῖ
1743 1073 1846 1140 γαρ
1887 1074 1944 1135 δη
1983 1074 2192 1139 βέλτιον
2238 1071 2366 1129 εἶναι

389 1159 706 1226 λουσάμενον
749 1165 882 1214 πιεῖν
915 1161 974 1213 τὸ
1007 1158 1287 1227 φάρμακον
1329 1160 1415 1213 καὶ
1459 1162 1534 1225 μη
1576 1160 1964 1228 πράγματα
2002 1169 2120 1222 ταῖς
2162 1161 2367 1226 γυναιξὶ

388 1249 724 1317 παρέχειν
785 1248 950 1314 νεκρὸν
1002 1248 1271 1311 λούειν,
1331 1263 1467 1318 quae
1508 1249 1552 1301 si
1594 1249 1716 1318 quis
1769 1265 1890 1302 cum
1947 1248 2124 1302 verbis
2163 1250 2366 1303 Aristo·

388 1337 582 1409 phanis
622 1336 1016 1407 composuerit,
1057 1335 1124 1389 ad
1172 1343 1404 1390 veterem
1447 1335 1730 1390 lectionem
1773 1345 1825 1390 et
1871 1337 2366 1408 interpretationem

389 1424 715 1486 subridebit,
773 1430 823 1476 et
860 1439 1016 1478 nemo
1072 1424 1303 1495 amplius
1343 1440 1460 1478 eam
1501 1422 1779 1487 defendet,
1834 1423 1891 1478 ἵν’
1932 1426 2043 1490 ἐμοὶ
2086 1424 2366 1491 πράγματ’

387 1513 632 1580 ἐλέγχειν
668 1510 894 1579 παρέχη.
973 1510 1172 1565 Eodem
1215 1511 1370 1566 modo
1411 1511 1747 1567 adiuvandus
1786 1519 1868 1566 est
1905 1512 2178 1585 Sophoclis
2219 1513 2367 1567 locus

388 1600 528 1672 apud
570 1599 714 1654 Stob.
757 1597 939 1653 Floril.
975 1597 1233 1653 LXXVII.
1278 1603 1332 1653 9.

766 1688 820 1740 οὐ
853 1686 923 1748 ’δη
965 1685 1095 1747 νόθος
1131 1693 1238 1747 τοῖς
1279 1687 1501 1751 γνησίοις
1543 1686 1646 1741 ἴσον
1687 1688 1876 1749 σθένει;

763 1772 909 1829 ἅπαν
950 1775 1008 1828 τὸ
1044 1776 1236 1842 χρηςὸν
1276 1775 1494 1839 γνησίαν
1535 1774 1647 1841 ἔχει
1688 1777 1863 1844 φύσιν.

390 1881 524 1937 quae
564 1865 643 1918 sic
685 1869 812 1918 sunt
852 1861 1135 1916 dividenda
1177 1869 1230 1916 et
1268 1862 1618 1932 corrigenda:

762 1961 826 2005 A.
883 1955 946 2004 ‘O
989 1950 1048 2011 δη
1088 1951 1219 2012 νόθος
1258 1957 1363 2011 τοῖς
1404 1951 1626 2015 γνησίοις
1667 1950 1771 2006 ἴσον
1811 1951 2003 2012 σθένει;

761 2049 819 2093 Β.
884 2035 1029 2092 ἅπαν
1067 2040 1126 2093 τὸ
1164 2039 1356 2107 χρηςὸν
1395 2041 1612 2104 γνησίαν
1655 2039 1767 2109 ἔχει
1806 2039 1982 2109 φύσιν.

461 2130 574 2184 Una
615 2125 854 2182 litterula
888 2127 1180 2180 oscitanter
1216 2125 1394 2180 addita
1442 2126 1597 2197 plane
1646 2130 1887 2199 corrupit
1933 2127 2105 2182 locum
2162 2129 2216 2181 in
2270 2129 2366 2202 Gy-

386 2215 749 2289 1'0paed.VII.
792 2232 825 2268 1.
872 2218 958 2266 11.
1012 2213 1179 2273 ἀλλ’,
1236 2210 1271 2267 ὦ
1325 2212 1536 2281 ἄνδρες,
1594 2216 1780 2280 οὲγαθοὶ
1840 2216 2127 2282 γενώμεθα.
2222 2216 2366 2271 Nihil

383 2308 527 2362 enim
566 2302 837 2375 significat
879 2301 1021 2373 apud
1065 2302 1292 2356 Graecos
1345 2303 1531 2367 οέγαθοὶ
1587 2304 1891 2368 γενώμεθα,
1945 2303 2036 2357 sed
2091 2305 2363 2375 corrigen-

384 2393 547 2448 dum:
588 2394 713 2446 ἀλλ’
750 2389 924 2457 ἄνδρες
966 2389 1152 2455 οέγαθοὶ
1194 2390 1463 2456 γενώμεθα
1503 2407 1666 2445 sensu
1707 2391 1989 2446 notissimo
2028 2398 2082 2446 et
2117 2391 2363 2464 frequen-

385 2483 594 2536 tissimo
635 2497 753 2534 usn.
832 2481 894 2534 In
945 2479 1067 2546 ἀνὴρ
1117 2478 1315 2543 ἀγαθός
1379 2495 1486 2533 una
1542 2479 1688 2533 notio
1732 2480 1872 2534 inest
1927 2479 2134 2534 duobus
2185 2481 2364 2536 verbis

382 2585 663 2641 expressa,
704 2568 842 2621 utin
880 2569 1005 2628 θεοῖς
1045 2566 1256 2634 ἐχθρός,
1294 2568 1545 2635 ὁ”Αρειος
1589 2565 1798 2633 πάγος,
1838 2570 1866 2632 ἦ
1908 2567 2143 2634 Μεγάλη
2183 2570 2362 2640 πόλις,

381 2657 532 2722 aliis,
573 2655 714 2711 unde
738 2656 796 2711 fit
833 2663 891 2710 ut
913 2672 976 2710 ex
1015 2655 1100 2709 his
1138 2655 1431 2727 composita
1468 2662 1865 2726 propagentur,
1899 2663 1952 2712 et
1985 2674 2050 2712 ex
2085 2658 2360 2725 παραθέσει

382 2751 638 2800 nascatur
674 2746 900 2806 σύνθεσις
941 2744 997 2797 in
1036 2742 1222 2798 formis
1262 2743 1617 2810 ἀνδραγαθία,
1671 2744 2014 2812 θεοισεχθρία,
2053 2746 2359 2812 Ἀρεοπαγί-

384 2855 512 2898 της,
550 2833 1035 2899 Μεγαλοπολίτης,
1076 2831 1142 2886 de
1191 2847 1296 2902 qua
1336 2848 1394 2886 re
1435 2831 1609 2886 dicam
1652 2832 1907 2888 nonnulla
1944 2833 2011 2888 ad
2050 2833 2362 2888 Demosthe-

382 2938 523 2976 nem.
604 2920 808 2974 Novum
850 2920 1114 2975 emblema
1154 2918 1292 2973 male
1330 2918 1461 2975 latet
1497 2921 1550 2973 in
1591 2920 1884 2993 Cyl-opaed.
1926 2921 2038 2976 VII.
2082 2938 2128 2974 v.
2172 2925 2260 2975 50.
2301 2922 2358 2975 in

382 3008 595 3064 verbis:
636 3014 818 3076 πρῶτοι
857 3010 1002 3078 φίλοι
1044 3011 1164 3074 ἡμῖν
1206 3007 1434 3073 ἐγένοντο
1473 3008 1560 3062 καὶ
1600 3007 1756 3074 μάλα
1788 3013 1990 3063 πεινῶσι
2026 3009 2358 3076 συμμάχων,

383 3095 479 3155 εἵς-ε
518 3094 666 3162 μόνον
706 3098 793 3149 οὐκ
833 3096 883 3148 ἐν
923 3102 1041 3157 ταῖς
1102 3095 1372 3161 οέγκοὶλαις
1423 3097 1785 3164 περιεφέρομεν
1839 3096 2026 3157 αὐτοὺς
2088 3097 2357 3169 [dymnu-

382 3187 516 3255 τες].
594 3182 851 3237 Dicebant
890 3182 1077 3238 Graeci
1111 3183 1300 3238 festive
1350 3192 1403 3239 et
1451 3191 1673 3238 venuste
1709 3185 1759 3237 ἐν
1799 3192 1917 3245 ταῖς
1953 3184 2226 3250 οέγκοὲλαις
2266 3207 2356 3241 πε-

382 3273 598 3342 ριφέρειν
636 3270 754 3325 τινα
793 3277 846 3324 et
884 3271 970 3324 ἐπὶ
1009 3278 1126 3333 ταῖς
1167 3277 1435 3341 κεφαλαῖς
1476 3272 1760 3340 περιφέρειν
1799 3271 1914 3326 τινα
1957 3289 2050 3343 pro
2089 3274 2355 3341 ὑπεραγα-

379 3364 526 3423 πᾶν,
585 3375 745 3431 quam
802 3358 980 3429 inepte
1018 3359 1187 3429 igitur
1239 3358 1518 3430 putabitur
1571 3358 1865 3431 Xenophon
1919 3360 2033 3432 ipse
2087 3360 2356 3416 addidisse

379 3452 712 3516 ἀγαπῶντες.
791 3445 991 3501 Eodem
1042 3445 1220 3518 lepore
1259 3445 1396 3500 dixit
1447 3445 1597 3500 Plato
1644 3445 1709 3501 de
1762 3446 1892 3519 Rep.
1930 3449 1995 3503 X.
2051 3466 2101 3521 p.
2141 3453 2250 3504 600
2289 3449 2351 3505 D.

381 3535 507 3593 οὕτω
549 3536 749 3605 σφόδρα
787 3538 1062 3605 φιλοῦνται
1102 3532 1199 3592 ὥςε
1252 3532 1402 3600 μόνον
1450 3536 1540 3590 οὐκ
1591 3533 1677 3589 ἐπὶ
1727 3541 1846 3597 ταῖς
1894 3541 2159 3606 κεφαλαῖς
2219 3557 2353 3606 περι·
2430 3549 2436 3592 5

385 3625 620 3696 φέρουσιν
666 3625 851 3686 αὐτοὺς
904 3624 946 3679 οἱ
999 3624 1201 3691 ἑταῖροι.
1296 3622 1571 3695 Apponam
1629 3623 1796 3680 animi
1849 3640 2011 3682 causa
2064 3625 2348 3682 mirificam
2431 3610 2436 3708 ξ

2433 3710 2436 3750 ἕ
