2436 4068
1005 191 1108 243 545

76 341 169 398 sed
213 339 549 413 praevalebat
589 337 762 392 nobile
796 352 987 391 nomen
1021 343 1075 390 ct
1106 334 1430 388 disertorum
1467 330 1746 385 hominum
1783 331 2049 387 facundia.

74 429 217 485 Nihil
249 429 315 483 de
352 446 413 483 ea
453 445 512 483 re
554 426 843 498 Xenophon
884 427 999 496 ipse
1029 423 1246 484 scribit,
1288 419 1421 475 nibil
1453 419 1701 491 Ephorus
1739 421 2052 492 scripserat,

72 516 358 572 vincebant
404 523 584 570 tamen
626 517 668 568 οἱ
713 515 834 581 πρὸς
880 513 1036 582 χάριν
1089 511 1351 576 λέγοντες.
1429 510 1604 579 Atque
1653 508 1783 563 haec
1836 509 2054 579 quidem

72 622 163 660 res
201 613 283 660 est
302 603 566 658 eiusmodi
605 612 690 665 ut,
727 618 1055 672 quamquam
1077 613 1201 653 vera
1236 614 1339 651 non
1376 605 1487 662 est,
1516 603 1698 651 tamen
1735 613 1832 669 per
1867 614 2052 652 rerum

75 700 324 747 naturam
372 700 424 746 et
479 690 722 745 ordinem
770 697 824 743 et
873 696 1178 759 temporum
1231 686 1494 739 rationem
1544 702 1668 740 vera
1707 703 1823 741 esse
1854 693 2052 758 posset.

73 781 244 850 Quam
294 780 496 835 multae
534 786 662 832 sunt
703 776 839 831 aliae
880 778 934 830 in
980 775 1259 829 historiam
1302 781 1575 844 receptae,
1627 775 1680 827 in
1723 773 1920 846 quibus
1962 775 2053 830 ho-

70 885 193 923 rum
244 869 488 922 omnium
538 866 671 920 nibil
719 873 818 920 est.
913 863 1051 932 Quid
1106 870 1188 916 est
1237 862 1476 932 apertius
1524 860 1591 914 ad
1642 863 2049 934 intelligendum

70 974 231 1029 quam
263 956 461 1028 quibus
489 955 555 1010 de
583 954 760 1008 causis
793 952 989 1007 bellum
1014 949 1515 1021 Peloponnesiacum
1539 952 1804 1021 eruperit,
1835 960 1887 1006 et
1921 953 2051 1024 quid

69 1062 186 1099 esse
226 1051 399 1117 potest
434 1043 688 1098 disertius
728 1043 825 1106 iis,
866 1058 1003 1113 quae
1042 1040 1107 1095 de
1152 1037 1242 1092 illo
1275 1045 1593 1108 argumento
1645 1039 1865 1111 scripsit
1906 1042 2049 1096 Thu-

70 1133 324 1206 cydides?
390 1132 650 1203 Compara
692 1130 825 1183 mihi
861 1146 987 1184 cum
1017 1127 1123 1182 illis
1162 1143 1223 1181 ea
1255 1142 1391 1197 quae
1425 1125 1688 1180 Diodorus
1723 1129 2049 1198 scriptitavit

69 1221 183 1276 ΧΠ.
228 1225 325 1286 58,
364 1220 456 1275 ubi
499 1219 727 1275 Pericles
773 1225 1028 1273 narratur
1081 1215 1335 1289 pecunias
1388 1213 1628 1286 publicas
1673 1216 1726 1269 in
1778 1218 2050 1289 privatum

70 1326 228 1365 usum
250 1310 604 1371 convertisse,
643 1309 823 1379 itaque
855 1323 1021 1379 quum
1056 1305 1294 1360 rationes
1322 1311 1696 1374 poscerentur,
1727 1322 1860 1376 quas
1904 1308 2050 1364 nullo

70 1397 225 1452 modo
262 1404 438 1470 posset
471 1397 722 1460 reddere,
762 1394 1102 1467 aegritudine
1140 1391 1309 1446 animi
1347 1392 1399 1444 in
1425 1390 1672 1445 morbum
1713 1410 1831 1448 esse
1871 1396 2051 1468 impli-

69 1488 239 1541 citum
281 1486 373 1560 (εἰς
412 1486 660 1553 appe-:lav
699 1484 989 1557 ἐνέπεσεν),
1029 1482 1121 1538 sed
1165 1479 1499 1536 convaluisse
1548 1483 1702 1552 pueri
1759 1484 2048 1542 Alcibiadis

66 1574 317 1639 consilio,
359 1575 562 1628 videret
598 1575 774 1645 potius
815 1590 921 1645 quo
961 1580 1114 1645 pacto
1155 1569 1390 1624 rationes
1427 1567 1601 1622 nullas
1634 1570 1905 1629 redderet:
1947 1576 2063 1630 ita-v

65 1679 170 1735 que
205 1663 534 1735 quaesivisse
570 1663 632 1716 δι’
666 1659 724 1716 οὗ
761 1663 947 1730 τρόπον
982 1662 1099 1721 τοὺς
1132 1658 1424 1719 Ἀθηναίους
1461 1658 1656 1712 δύναιτ’
1691 1660 1754 1715 ἂν
1788 1663 2049 1728 ἐμβαλεῖν

64 1754 136 1812 εἰς
175 1751 350 1816 μέγαν
390 1751 634 1817 πόλεμον.
718 1750 954 1805 Eandem
1004 1746 1290 1802 absurdam
1335 1745 1577 1800 fabellam
1627 1747 1950 1808 Plutarchus
1991 1755 2047 1810 in

66 1838 233 1894 Alcib.
268 1855 382 1910 cap.
409 1839 503 1892 Vll
538 1840 612 1892 ita
648 1846 832 1893 narrat
864 1856 925 1893 ac
954 1839 1000 1891 si
1038 1853 1160 1891 cum
1202 1835 1428 1889 ianitore
1463 1834 1765 1891 Alcibiades
1795 1839 1860 1895 de
1895 1849 2046 1900 tanta

65 1943 125 1982 re
166 1926 324 1981 suerit
356 1926 757 1981 confabulatus:
797 1925 1131 2000 Thucydidis
1169 1931 1348 1978 autem
1386 1924 1579 1978 similis
1614 1926 1823 1983 vivebat
1863 1949 2045 2002 nemo,

63 2017 156 2088 qui
198 2015 474 2070 Plutarchi
507 2014 711 2070 similes
749 2023 902 2070 erant
944 2012 1247 2069 scribebant
1281 2011 1666 2084 complusculi,
1711 2017 1926 2074 Diodori
1962 2022 2041 2078 Si.

62 2103 170 2159 culi
213 2104 578 2176 Diogenesque
626 2120 820 2176 magno
862 2120 1086 2159 numero
1127 2099 1559 2174 propullulabant
1606 2110 1658 2158 et
1701 2106 1936 2164 nondum
1979 2129 2040 2168 ea

59 2193 263 2248 soboles
297 2192 508 2248 defecit.

133 2281 309 2335 Etiam
348 2280 490 2353 apud
527 2281 794 2337 Romanos
828 2283 1027 2355 passim
1075 2278 1465 2338 eiusdemmodi
1503 2282 1784 2348 ἀδέσποτος
1817 2288 1905 2342 καὶ
1947 2311 2036 2344 πε-

57 2370 335 2436 πλασμένη
375 2369 654 2437 παράδοσις
703 2378 756 2425 et
796 2378 1279 2443 rerumgestarum
1328 2366 1486 2424 fidem
1520 2378 1573 2424 et
1615 2374 1854 2431 virorum
1890 2380 2036 2451 prin-

57 2458 239 2531 cipum
276 2458 414 2513 vitas
450 2458 669 2530 perinde
710 2460 973 2532 inquinat.
1056 2459 1344 2521 Suetonius
1378 2464 1434 2517 in
1467 2462 1578 2515 vita
1618 2462 1850 2534 Augusti
1891 2483 1937 2521 c.
1963 2471 2033 2524 94

55 2547 223 2603 refert
265 2554 427 2600 »ante
464 2565 657 2619 paucos
707 2566 865 2620 quam
907 2560 1205 2606 nasceretur
1258 2551 1578 2629 (Augustus)
1621 2569 1820 2606 menses
1855 2556 2035 2626 prodi·

16 2636 200 2709 >pium
251 2634 441 2689 Romae
482 2638 683 2707 sactum
724 2636 959 2709 publice,
1014 2657 1112 2711 quo
1168 2642 1575 2697 denunciabalur
1625 2658 1800 2712 reqem
1843 2645 2037 2717 populo

54 2723 284 2779 Romano
332 2732 575 2778 naturam
622 2725 918 2795 parturire:
973 2726 1230 2783 Senatum
1285 2733 1602 2786 exterritum
1654 2732 1930 2789 censuisse
1967 2751 2035 2790 ne

53 2813 177 2884 quis
207 2810 296 2865 illo
334 2828 474 2865 anno
510 2814 728 2883 genitus
767 2812 1113 2872 educaretur:
1156 2838 1239 2873 eos
1281 2820 1371 2892 qui
1418 2817 1666 2891 qravidas
1711 2838 1903 2875 uxores
1943 2822 2032 2878 Ιια-

56 2897 230 2955 berent
267 2917 366 2971 quo
403 2900 472 2954 ad
508 2918 563 2954 se
607 2901 824 2973 quisque
869 2922 1010 2975 spem
1057 2906 1308 2973 traheret,
1348 2925 1557 2962 curasse
1593 2925 1658 2961 ne
1695 2906 2030 2967 Senatuscon·

52 2987 248 3042 cultum
301 2987 369 3041 ad
421 2989 684 3043 aerarium
735 2990 1082 3063 deferretur.''
1161 2996 1331 3064 Quam
1380 2996 1672 3050 miraretur
1721 2994 1934 3065 Cicero,
1985 3001 2033 3056 si

0 3103 1 3107 κ
51 3072 238 3130 Setum
281 3074 586 3131 huiusmodi
621 3095 676 3132 se
715 3078 941 3135 Consule
982 3081 1182 3139 sactum
1225 3102 1340 3140 esse
1376 3084 1603 3139 audiret.
1649 3084 1788 3140 Bene
1822 3087 1893 3142 sit
1935 3089 2030 3155 iis,

52 3163 147 3234 qui
201 3165 378 3218 nescio
429 3166 693 3237 quomodo
736 3168 896 3223 veluti
950 3171 1334 3244 surripuerunt
1395 3172 1707 3246 pestiferum
1755 3173 2032 3233 decretum

50 3249 240 3303 multis
294 3251 568 3308 hominum
632 3254 867 3310 millibus
921 3267 1122 3315 certam
1178 3262 1468 3334 perniciem
1524 3261 1830 3317 allaturum.
1931 3264 2034 3321 Sed

0 3373 2 3402 z
50 3352 188 3409 quae
221 3346 327 3404 cst,
366 3357 590 3412 quaeso,
631 3359 767 3398 anus
809 3351 915 3399 tam
960 3348 1138 3420 inepta
1189 3358 1250 3405 ut
1302 3351 1355 3405 in
1407 3351 1526 3406 istis
1573 3349 1865 3422 quidquam
1916 3354 2031 3408 veri

0 3438 1 3442 ’
51 3423 227 3479 inesse
260 3429 423 3498 possit
459 3430 513 3483 in
549 3433 790 3487 animum
822 3433 1111 3492 inducere?
1192 3438 1480 3494 Suetonius
1513 3446 1692 3494 tamen
1730 3439 1896 3510 ipsius
1925 3441 2030 3496 Au-

0 3530 2 3537 ·
51 3514 196 3583 gusti
239 3512 488 3570 libertum
526 3527 799 3575 auctorem
838 3521 1026 3590 habet,
1075 3527 1166 3599 qui
1211 3527 1275 3583 dc
1313 3527 1520 3600 patroni
1576 3528 1683 3582 vita
1725 3528 2026 3600 scripserat.

0 3610 3 3623 '
53 3605 215 3668 Νἷιφε
257 3604 343 3657 καὶ
385 3605 612 3670 ubuum-⁹
641 3610 868 3669 etms-av.
