2436 4068
1290 192 1321 240 6

629 340 795 391 αὐτῶν
832 334 1051 396 κάθηται
1093 330 1473 398 λοιδορουμένων
1511 331 1560 383 τ’
1600 329 1685 383 ἀεί

627 424 650 477 0‘
692 424 848 489 δῆμος
888 422 1024 477 οὐδὲν
1065 420 1174 474 οὔτ’
1213 418 1408 472 ἀκούων
1454 416 1558 472 οὔθ’
1605 418 1740 484 ὁρῶν.

327 511 517 567 deinde
556 511 813 582 leguntur
851 509 1072 572 mutila,
1114 511 1367 577 corrupta
1409 512 1462 560 et
1499 504 1639 559 male
1678 503 1849 558 divisa
1887 503 2045 557 haec:

706 604 812 659 πῶς
848 597 952 664 γὰρ
993 595 1181 660 γένοιτ’
1221 592 1315 658 ἂν,
1354 590 1389 647 ὦ
1427 592 1624 661 πάτερ,
1662 593 1820 661 ῥήτωρ
1843 592 1860 609 *
1886 592 1904 610 *

703 684 908 754 ἄφωνος
942 683 1000 746 ἣν
1036 683 1111 748 μὴ
1147 682 1257 750 οὲλῷ
1296 679 1403 749 τρὶς
1447 679 1789 748 ποιροινόμωνς

627 783 684 827 Β.
726 771 813 826 uxi
852 773 966 841 μὴνΙ
991 770 1216 839 ἀκριβῶς
1258 767 1425 836 ᾠόμην
1461 768 1738 833 ἐγνωκέναι

705 860 763 914 τὸ
803 859 943 928 ῥηθέν
983 898 1277 913 ......
1318 857 1469 911 ἄλλοι
1508 857 1566 918 δὴ
1606 855 1754 920 λέγε.

325 947 587 1003 Meinekio
620 953 742 1019 post
770 948 927 1016 ῥήτωρ
966 946 1230 1003 excidisse
1262 945 1478 1000 videtur
1498 944 1625 998 ποτέ
1665 943 1747 998 vel
1780 941 1884 1010 ἄρα
1906 947 1958 996 et
1991 942 2046 996 in
2070 942 2314 1014 sequenti

326 1036 536 1090 senario
570 1034 677 1106 legi
711 1052 886 1106 posse:

626 1122 829 1193 ἄφωνος
871 1124 929 1188 ἤν
968 1143 1047 1184 τις
1087 1124 1162 1188 μή
1203 1124 1258 1187 γ’
1298 1121 1410 1189 οὶλῷ
1450 1119 1556 1188 τρὶς
1597 1117 1924 1186 παρανόμων.

325 1211 420 1266 ubi
449 1231 528 1272 τις
561 1210 700 1265 male
735 1210 954 1265 additur
986 1216 1040 1264 et
1075 1230 1140 1274 ys
1175 1225 1396 1281 prorsus
1424 1206 1618 1262 inutile
1648 1211 1754 1272 est,
1796 1223 1969 1277 neque
2004 1205 2135 1260 haec
2169 1222 2316 1259 scur-

322 1299 444 1354 rilis
465 1297 657 1352 facetia
678 1298 946 1354 eruditam
982 1304 1060 1362 et,
1095 1304 1156 1351 ut
1192 1299 1326 1351 istae
1359 1296 1560 1360 solent,
1598 1310 1815 1365 gravem
1852 1299 1906 1347 et
1940 1294 2151 1348 tristem
2174 1293 2318 1365 puel·

323 1386 434 1441 lam
470 1386 602 1440 satis
648 1385 817 1441 decet.
897 1388 988 1441 Bis
1032 1385 1230 1440 excidit
1279 1384 1494 1456 dipodia
1542 1383 1804 1447 iambica,
1853 1398 2014 1453 quam
2056 1382 2102 1435 si
2143 1397 2207 1435 ex
2243 1387 2318 1435 to-

326 1475 439 1529 tius
479 1475 776 1529 sententiae
821 1473 1242 1528 conformatione
1277 1471 1528 1527 elicueris
1567 1477 1622 1526 et
1658 1484 1910 1525 numeros
1946 1475 1999 1524 et
2036 1468 2173 1524 sales
2214 1469 2316 1522 An-

327 1561 550 1634 tiphane
575 1561 764 1633 dignos
797 1561 1031 1617 habebis.
1083 1563 1148 1617 In
1185 1561 1330 1616 hunc
1366 1561 1534 1632 igitur
1566 1558 1785 1614 modum
1818 1557 1949 1612 haec
1986 1557 2320 1614 restituenda

325 1667 539 1705 censeo:

555 1747 617 1793 Σ.
677 1738 815 1794 οὐδὲν
848 1739 1057 1804 λέγεις,
1097 1743 1203 1799 πῶς
1238 1738 1343 1805 γὰρ
1380 1736 1572 1802 γένοιτ’
1610 1735 1701 1800 ἂν,
1741 1733 1777 1789 ὦ
1815 1734 2012 1803 πάτερ,

665 1827 824 1895 ῥήτωρ
863 1826 1098 1897 &moenem
1137 1835 1195 1882 B.
1239 1825 1298 1888 ἢν
1337 1825 1449 1892 ozac}
1488 1824 1598 1892 τρὶς
1630 1822 1959 1892 παρανόμων.

554 1922 617 1969 Σ.
677 1913 881 1983 παίζεις
921 1915 1075 1982 ἔχων.
1115 1924 1173 1968 B.
1214 1912 1301 1966 καὶ
1339 1913 1442 1978 μὴν
1475 1911 1700 1979 ἀκριβῶς
1742 1910 1910 1979 ᾠόμην

665 2002 940 2067 ἐγνωκέναι
980 2003 1037 2057 τὸ
1077 2002 1245 2070 ῥηθὲν,
1283 2001 1411 2054 ἀλλ’
1449 2000 1539 2064 ἤδη
1580 1999 1728 2065 λέγε.

326 2090 526 2158 Qui-in
563 2089 660 2144 tali
707 2107 766 2145 re
813 2097 1083 2145 errantem
1133 2088 1447 2158 redarguit,
1493 2088 1540 2141 si
1582 2087 1806 2141 liberius
1858 2085 2098 2157 loquitur
2147 2093 2316 2155 ληρεῖς

322 2177 406 2232 vel
438 2184 610 2246 ληρεῖς
645 2177 781 2246 ἔχων
815 2178 949 2232 solet
983 2179 1039 2231 in
1073 2194 1163 2231 ore
1195 2176 1422 2237 habere,
1465 2182 1527 2230 ut
1562 2174 1704 2246 apud
1736 2174 2016 2229 Cratinum
2048 2175 2103 2228 in
2142 2173 2317 2229 Schol.

325 2265 392 2320 ad
429 2265 699 2338 Aristoph.
739 2265 875 2320 Nub.
917 2282 993 2318 VS.
1038 2268 1164 2321 554.
1213 2270 1266 2319 et
1320 2262 1462 2335 apud
1514 2262 1927 2334 Aristophanem
1979 2261 2321 2333 saepissime,

324 2360 387 2408 nt
435 2354 490 2407 in
542 2354 710 2408 Ranis
748 2370 827 2408 vs,
870 2357 1001 2408 512.
1066 2352 1266 2407 Avibus
1314 2355 1439 2406 541.
1495 2351 1722 2424 Lysistr.
1766 2355 1893 2405 945.
1948 2350 2039 2405 sed
2078 2350 2320 2422 petulan-

326 2443 439 2496 tius
471 2442 571 2497 1100
606 2448 715 2507 est,
756 2458 918 2514 quam
953 2447 1014 2496 ut
1049 2440 1226 2512 puella
1261 2441 1338 2495 sic
1372 2439 1513 2511 patri
1543 2438 1876 2511 respondeat.
1918 2438 2117 2493 Lenius
2150 2439 2321 2510 igitur

325 2536 406 2585 est
452 2531 589 2585 οὐδὲν
641 2531 851 2596 λέγεις,
906 2546 1013 2602 quo
1066 2546 1250 2583 omnes
1298 2527 1604 2600 improbant
1639 2525 1902 2598 quidquid
1938 2526 2186 2599 displicet
2224 2533 2319 2581 aut

325 2635 432 2672 non
472 2618 809 2690 intelligunt,
849 2624 908 2672 ut·
951 2616 1092 2688 apud
1133 2617 1310 2687 ipsum
1353 2615 1712 2687 Antiphanem
1755 2614 1947 2670 Athen.
1989 2615 2053 2670 X.
2094 2619 2223 2672 450.
2261 2615 2316 2670 C.

628 2709 717 2762 οὐκ
756 2703 850 2761 οἷδ’
886 2703 918 2760 δ’
946 2726 996 2760 τι
1036 2704 1212 2770 λέγεις
1258 2705 1266 2778 Ι
1308 2705 1445 2759 οὐδὲν
1484 2703 1661 2769 λέγεις
1697 2702 1820 2772 γάρ.

327 2801 380 2850 et
430 2795 628 2866 passim
682 2794 822 2867 apud
859 2794 1006 2849 alios,
1069 2792 1240 2859 Quam
1293 2792 1427 2847 bene
1471 2792 1612 2864 patri
1660 2791 1859 2846 iocanti
1904 2791 2186 2847 conveniat
2238 2806 2316 2845 re-

330 2882 590 2955 spondere
630 2884 687 2947 ἢν
725 2884 837 2951 ἁλῷ
870 2883 977 2950 τρὶς
1018 2880 1326 2949 παρανόμων
1362 2887 1415 2935 et
1449 2896 1613 2952 quam
1653 2886 1775 2951 apte
1809 2879 1918 2934 filia
1957 2878 2168 2951 Sappho
2205 2894 2319 2933 ver-

326 2971 412 3025 bis
459 2971 661 3038 παίζεις
706 2969 842 3038 ἔχων
890 2976 1099 3042 patrem
1148 2968 1215 3023 ad
1264 2970 1598 3040 propositum
1646 2974 1860 3023 revocet
1904 2974 2152 3040 apertum
2200 2983 2315 3021 esse

328 3057 579 3112 arbitror.
650 3059 903 3124 Ἔγνωκα
944 3075 1040 3130 pro
1077 3057 1319 3111 intellexi
1358 3056 1610 3127 frequens
1661 3057 1716 3109 in
1771 3056 1950 3110 Attica
2000 3062 2105 3119 est,
2159 3057 2315 3109 cuius

325 3146 407 3199 rei
446 3161 616 3216 pauca
653 3146 896 3218 exempla
931 3145 1265 3212 adscribam,
1308 3162 1412 3217 quo
1451 3143 1664 3198 facilius
1716 3144 1928 3198 vincam
1980 3143 2081 3198 hoc
2137 3144 2312 3214 ipsum

329 3232 387 3288 in
423 3233 615 3306 Lysiae
652 3233 767 3288 loco
807 3235 1036 3305 pessime
1065 3233 1352 3304 depravato
1391 3249 1507 3288 esse
1546 3232 1931 3303 reponendum.
1986 3230 2316 3304 Antiphanes

330 3321 522 3375 Athen.
564 3322 627 3375 X.
668 3325 794 3375 448.
830 3322 891 3376 E.

631 3408 732 3463 νυνὶ
772 3408 824 3462 δὲ
866 3412 1005 3463 τοῦτ’
1042 3408 1237 3476 ἔγνωχ’
1274 3407 1348 3464 ὅτι
1393 3408 1402 3483 1
1443 3410 1630 3471 ἀληθὲς
1670 3406 1743 3471 ἦν.

331 3494 507 3551 Alexis
548 3497 740 3554 Athen.
782 3497 873 3555 xl.
911 3501 1033 3551 465.
1076 3497 1136 3551 D.
