2436 4068
1038 161 1143 210 643

95 316 179 366 est
229 306 407 362 verbis
457 305 680 378 parasiti
733 302 875 376 apud
929 302 1315 358 Nicomachum
1370 303 1582 361 Stobaei
1629 305 1811 367 Floril.
1847 307 1982 362 XIV.
2030 315 2079 364 7.

0 385 1 456 ξ
99 414 176 451 vs,
211 400 299 450 41.

930 480 1112 536 πάντα
1153 482 1260 549 γάρ
1300 481 1514 550 πρόσεςί
1550 502 1638 547 μοι

397 566 592 636 ὅσαπερ
632 569 774 636 ἔχειν
807 568 1099 636 τάλλότρια
1138 571 1224 625 τὸν
1265 571 1568 626 δειπνοῦντα
1607 572 1718 635 δεῖ,

97 658 191 715 uhi
258 657 467 713 duobus
520 657 699 712 verbis
761 657 1102 728 transpositis
1161 657 1446 728 legendum
1508 666 1592 714 est
1648 661 1736 715 τὸν
1795 659 2086 729 τάλλότρια

4 791 7 816 η,
97 750 400 804 δειπνοῦντα
436 746 530 801 δεῖ.

172 834 323 902 Quod
363 834 496 888 dicit
534 832 827 905 Xenophon
858 832 950 887 111.
995 837 1045 886 4.
1085 834 1228 900 λέγω
1269 835 1390 900 ὑμῖν
1431 836 1520 901 ἐφ’
1559 831 1594 904 ᾧ
1629 835 1845 901 μέγιςον
1885 842 2082 907 φρονῶ,

5 954 7 965 «
97 930 152 980 et
207 923 460 978 similiter
514 921 664 988 μέγα
710 927 912 989 φρονεῖν
964 921 1054 976 ε’πί
1091 943 1186 977 τινι
1230 930 1282 977 et
1339 923 1558 988 μέγιςον
1610 929 1809 992 φρονεῖν
1850 927 2087 982 recurrit

101 1015 243 1084 §5‚
286 1017 350 1077 7,
391 1015 456 1074 8,
499 1014 561 1074 9,
605 1015 707 1074 10,
751 1015 858 1075 11,
906 1014 1002 1075 12,
1062 1018 1115 1066 et
1157 1010 1343 1065 eodem
1403 1028 1566 1066 sensu
1629 1014 1657 1082 §
1707 1017 1795 1067 14.
1850 1015 1934 1069 ἐπὶ
1985 1016 2084 1071 τίνι

6 1111 7 1138 ³
97 1100 308 1168 μάλιςα
359 1099 639 1165 ἀγάλλει,
694 1105 749 1153 et
807 1100 1006 1171 passim
1059 1116 1246 1154 omnes
1302 1098 1487 1154 eodem
1545 1099 1701 1154 modo
1753 1100 2124 1173 loquuntur,·

6 1183 7 1210 ³
95 1190 324 1262 pessime
375 1188 727 1259 depravatum
788 1195 871 1242 est
920 1187 1063 1260 apud
1120 1188 1440 1243 Aeschinem
1490 1187 1555 1243 de
1613 1188 1672 1243 F.
1718 1189 1772 1243 L.
1817 1193 1846 1262 §
1897 1195 2020 1246 125.
2061 1194 2086 1249 ὂ

93 1277 366 1347 Βυζάντιος
405 1278 612 1341 Πύθων,
652 1275 905 1344 ἄνθρωπος
947 1277 1097 1345 περὶ
1140 1278 1211 1332 τὸ
1260 1277 1489 1346 γράφειν
1529 1277 1718 1342 λόγους
1769 1279 1916 1346 μέγα
1965 1286 2086 1351 φρο-

96 1372 221 1429 νῶν,
275 1383 447 1437 neque
503 1365 611 1419 ulla
666 1381 783 1420 esse
824 1374 997 1437 potest
1028 1362 1315 1420 'dubitatio
1369 1368 1499 1437 quin
1557 1367 1660 1422 ἐπὶ
1720 1370 1803 1437 τῷ
1858 1368 2089 1439 γράφειν

6 1515 9 1524 ,
97 1453 292 1511 Orator
328 1454 644 1526 scripserit,
684 1453 824 1525 quod
868 1453 994 1508 olim
1039 1471 1069 1508 a
1110 1454 1308 1509 Wolfio
1348 1455 1785 1510 commendatum
1839 1457 2089 1515 Editores

7 1548 9 1588 ἵ
95 1542 470 1615 repudiarunt.
547 1542 718 1607 Μέγα
756 1548 959 1611 φρονεῖν
1014 1542 1148 1598 solet
1188 1544 1242 1598 in
1285 1549 1699 1613 μεγαλοφρονεῖν
1741 1562 1771 1598 a
1812 1545 2090 1603 Graeculis

93 1630 412 1704 depravari,
465 1636 527 1685 ut
583 1630 758 1698 μεῖζον
813 1637 1014 1700 φρονεῖν
1057 1633 1109 1686 in
1154 1632 1314 1701 μείζω
1363 1638 1598 1702 φρονεῖν,
1653 1641 1704 1688 et
1744 1640 1945 1703 φρονεῖν
1982 1636 2087 1702 ,μέ-

8 1764 9 1771 ,
92 1740 239 1786 γιςον
289 1736 446 1791 saepe
505 1721 877 1791 corrumpitur
917 1721 972 1773 in
1008 1726 1208 1790 φρονεῖν
1264 1722 1468 1788 μέγιςα
1516 1728 1569 1776 et
1614 1727 1816 1792 φρονεῖν
1855 1724 2085 1790 μάλιςα.

92 1807 152 1863 In
210 1807 529 1882 Symp.111.
575 1811 628 1862 9.
688 1807 771 1862 ἐπὶ
835 1809 989 1879 πενία
1055 1810 1236 1876 μέγα
1303 1815 1518 1879 φρονῶ
1580 1827 1739 1865 nemo
1799 1813 2089 1869 mirabitur

7 1926 10 1963 4
92 1896 386 1952 Stobaeum
426 1903 805 1965 μεγαλοφρονῶ
866 1897 1089 1964 afferre,
1131 1898 1272 1970 quod
1316 1916 1472 1954 nemo
1510 1899 1755 1971 probabit
1796 1907 1981 1973 utpote
2020 1920 2087 1958 ex

89 1987 402 2058 sequiorum
460 1989 699 2058 συνηθείᾳ
759 1997 1058 2060 arreptum.
1138 1989 1245 2042 Cur
1285 1989 1456 2059 igitur
1495 1989 1833 2043 servabimus
1878 1990 1933 2044 in
1974 1991 2085 2047 Iso-

8 2120 9 2123 *
92 2076 260 2130 cratis
298 2075 675 2146 Areopagitico
733 2079 762 2147 §
803 2081 893 2131 45.
950 2078 1068 2138 τοὺς
1110 2078 1377 2145 ἐλευθέρως
1431 2078 1810 2146 τεθραμμένους
1850 2079 1939 2134 καὶ
1979 2101 2085 2146 με·

7 2215 9 2219 .
90 2168 399 2231 γαλοφρο
418 2172 549 2219 νεῖν
584 2165 893 2231 εἰθισμένους
915 2208 927 2229 ,
967 2182 1135 2237 quum
1171 2167 1322 2232 μέγα
1342 2171 1544 2235 φρονεῖν
1567 2166 1632 2220 ab
1664 2169 1779 2239 ipso
1817 2170 2085 2241 scriptum

7 2286 9 2303 .
91 2269 207 2308 esse
261 2259 548 2324 appareat,
608 2254 1060 2325 quemadmodum
1105 2256 1159 2309 in
1218 2259 1246 2327 §
1289 2259 1394 2321 75,
1450 2256 1540 2312 ubi
1577 2263 1993 2327 μεγαλοφρονεῖν
2029 2259 2087 2314 in

6 2368 9 2372 r
90 2339 244 2396 libris
298 2341 551 2397 omnibus
611 2343 812 2414 legitur
871 2351 1252 2416 praeterquam
1309 2345 1364 2398 in
1426 2331 1718 2410 Urbinate‚
1779 2347 1872 2418 qui
1939 2346 2088 2404 solus

89 2430 239 2497 μέγα
294 2436 498 2498 φρονεῖν
559 2432 810 2486 servavit.
910 2432 1253 2488 Manifestum
1317 2433 1510 2487 vitium
1578 2451 1639 2489 ex
1692 2434 2084 2492 ,Demosthenis

9 2531 11 2543 ¹
94 2517 240 2576 Orat.
279 2520 516 2575 XXVIII.
562 2524 613 2575 2.
668 2519 885 2585 ἐλέγξαι
940 2522 1253 2589 πειράσομαι
1296 2527 1487 2589 πρῶτον
1539 2524 1628 2593 ἐφ’
1668 2519 1703 2592 ᾧ
1745 2528 1924 2593 φρονεῖ
1967 2524 2086 2590 μά-

90 2620 285 2672 λιςα,
326 2609 405 2663 sic
456 2608 579 2664 tolle
622 2616 682 2664 ut
716 2609 983 2664 rescribas
1022 2617 1201 2679 φρονεῖ
1236 2610 1473 2676 μέγιςον.

181 2696 357 2752 Verba
407 2697 776 2770 Xenophontis
812 2697 902 2752 llI.
950 2702 1036 2752 11.
1098 2700 1472 2761 Καλλιππίδης
1525 2700 1551 2752 ὁ
1604 2699 1876 2768 ὑποκριτὴς
1935 2703 2084 2772 ὑπερ-

91 2786 400 2853 σερινύνεται
457 2784 534 2841 ἔτι
595 2787 812 2842 δύναται
865 2788 1091 2849 πολλοὺς
1140 2789 1419 2848 κλαίοντας
1466 2786 1771 2862 (κλάοντας)
1828 2789 2085 2859 καθίζειν,

91 2874 379 2931 admonent
422 2891 508 2930 me
549 2874 652 2930 loci
695 2875 938 2946 corrupti
983 2875 1038 2930 in
1082 2875 1415 2949 Cyropaedia
1450 2875 1519 2930 11.
1563 2894 1618 2930 11.
1670 2881 1754 2933 14.
1796 2883 1886 2933 τοῦ
1928 2879 2086 2934 κλά-

11 2964 13 2972 ’
90 2983 185 3019 ειν
242 2964 531 3032 καθίζοντος
571 2964 688 3026 τοὺς
731 2965 917 3032 φίλους
958 2995 1033 3006 -
1074 2964 1254 3031 ἔμοιγε
1295 2966 1434 3020 δοκεῖ
1474 2964 1749 3028 ἐλάττονος
1809 2966 1938 3031 ἄξια
1976 2968 2084 3023 δια·

10 3050 13 3114 Ϊ
91 3051 410 3120 πράττεσθαι
445 3054 467 3107 ὃ
503 3053 718 3117 γέλωτα
750 3054 927 3114 αὐτοῖς
960 3056 1363 3121 μηχανώμενος,
1406 3053 1498 3109 ubi
1540 3054 1756 3126 requiro
1795 3062 1885 3110 τοῦ
1927 3056 2086 3112 κλά-

11 3175 13 3180 «
90 3158 284 3203 οντας
335 3141 657 3209 καθίζοντος,
715 3148 774 3196 ut
833 3142 1018 3196 statim
1073 3144 1159 3198 δια
1216 3148 1305 3199 τοῦ
1366 3142 1710 3204 κλάοντας
1759 3143 1982 3212 καθίζειν
2029 3152 2085 3200 et

95 3229 127 3299 S
165 3233 249 3284 15.
291 3229 632 3293 κλάοντας
676 3231 892 3293 ἐκείνους
941 3232 1173 3299 πειράσει
1214 3233 1468 3300 καθίζειν,
1513 3231 1652 3304 quod
1694 3238 1747 3286 et
1786 3233 1923 3286 ratio
1963 3250 2090 3287 sua·v

94 3314 185 3371 det
223 3325 277 3372 et
312 3318 595 3375 confirmat
638 3337 784 3375 usus,
864 3321 998 3376 Nam
1035 3322 1175 3394 quod
1218 3322 1524 3377 Dindorfius
1565 3322 1642 3375 sic
1687 3328 1871 3375 tuetur
1903 3321 2085 3377 κλάειν

92 3405 379 3473 καθίζοντος
423 3414 481 3461 ut
521 3407 665 3463 dicat
705 3411 1029 3466 sententiam
1085 3412 1140 3465 in
1187 3411 1409 3479 καθίζειν
1454 3412 1627 3465 inesse
1669 3408 1890 3463 eandem
1933 3426 1995 3464 ac
2036 3411 2082 3466 si

93 3502 252 3548 ποιεῖν
290 3493 496 3550 dictum
554 3503 727 3563 esset,
782 3499 1008 3557 fallitur.
1091 3501 1291 3568 Καθίζω
1346 3501 1555 3575 (καθιῶ,
1609 3496 1821 3571 καθῖσα)
1880 3498 2088 3570 signifi-

94 3589 219 3637 cant
261 3585 508 3648 καθῆσθαι
547 3591 695 3649 ποιῶ,
739 3593 788 3642 ot
833 3588 895 3643 dc
934 3588 1129 3659 quibus
1173 3590 1420 3652 καθῆσθαι
1454 3595 1531 3643 est
1573 3587 1832 3642 usitatum
1873 3586 2084 3653 dicere,
