2436 4068
1004 169 1107 219 725

66 319 480 376 σκηνοῦντας
523 344 594 353 —-—
633 315 704 372 εἷς
758 313 816 367 τὸ
857 315 1073 381 φανερὸν
1126 312 1361 378 ἐξήγαγε
1413 314 1484 367 «τοὶ
1535 315 1902 379 συσκῆνια,
1951 318 2029 370 sic

65 401 209 458 solus
265 400 553 472 Xenophon
592 402 664 455 τά
702 401 907 468 φιδίτια
963 399 1283 471 appellavit,
1342 417 1478 471 quae
1532 402 1731 456 caeteri
1769 404 2028 458 συσσίτια.

65 489 199 545 lbid.
233 489 294 541 V.
331 494 380 542 5.
422 489 495 547 ἔς·’
526 489 588 543 ἂν
628 491 1107 551 διασκηνῶσινε
1149 490 1269 559 quis
1307 505 1560 561 umquam
1599 507 1661 545 eo
1696 507 1858 546 sensu
1895 491 2033 545 dixit

65 579 359 639 διασκηνοῦν
420 584 631 648 praeter
693 578 1091 648 Xenophontem
1153 578 1207 630 in
1250 563 1397 630 ‘Heli
1440 577 1531 633 IV.
1574 595 1681 633 vin.
1726 581 1813 634 18.
1874 586 1927 634 et
1976 580 2031 633 in

65 664 354 739 Cyropaetl.
392 665 483 719 111.
521 683 554 718 1.
598 664 699 719 58?
742 664 873 718 thid.
907 665 967 718 V.
1002 670 1052 719 4.
1094 663 1222 719 οὕτω
1262 686 1328 729 γε
1368 667 1471 731 μην
1505 667 2033 733 συσκηνούντων,

66 755 333 808 neminem
368 754 443 808 ita
481 753 718 807 locutum
766 770 885 807 esse
939 753 1173 824 reperies
1215 754 1317 806 nisi
1366 770 1534 808 unum
1591 755 2032 827 Xenophontem,

65 842 160 914 qui
195 841 392 896 ilerum
431 858 492 896 eo
533 841 690 896 verbo
739 842 914 894 utitur
947 840 1085 895 XIII.
1133 845 1182 894 1.
1235 846 1629 903 συσκηνοῦσι
1683 844 1735 897 δὲ
1768 845 1838 911 τῷ
1879 845 2034 910 βασι·

63 936 153 984 λεῖ
203 932 248 983 οἱ
306 930 662 997 πολέμαρχοι,
726 928 813 982 ubi
870 937 1081 999 praeter
1133 927 1536 999 Xenophontem
1594 932 1793 985 caeteri
1851 948 2036 987 omnes

70 1016 332 1072 dixissent
385 1020 773 1073 συνδειπνοῦσιν.
853 1017 1052 1072 Eodem
1110 1015 1264 1070 modo
1308 1017 1480 1071 utitur
1526 1018 1740 1073 nomine
1790 1020 2036 1083 σύσκηνος

67 1104 178 1160 Vll.
223 1110 253 1159 4
294 1113 347 1160 et.
386 1106 476 1160 IX.
524 1110 554 1159 4
597 1114 650 1160 et
691 1105 830 1159 XIII.
875 1110 923 1160 7.
1006 1105 1148 1159 Vitio
1185 1112 1371 1158 natum
1412 1112 1490 1158 est
1525 1105 1859 1171 ὃμοσκηνοῦν,
1894 1107 2037 1180 quod

0 1223 1 1242 η
66 1193 122 1248 in
162 1193 486 1267 Cyropaedia
525 1193 610 1248 bis
645 1193 923 1265 legebatur
957 1192 1023 1248 11.
1064 1210 1098 1247 1.
1142 1195 1230 1247 25.
1280 1193 1331 1245 ἐν
1371 1193 1441 1260 τῷ
1482 1193 1787 1258 ὅμοσκηνοῦν
1828 1203 1878 1249 et
1922 1204 2039 1267 post

66 1297 236 1353 pauca
276 1283 700 1346 ὅμοσκηνοῦντες,
755 1298 892 1354 quae
939 1280 1110 1334 forma
1145 1279 1419 1350 analogiae
1467 1289 1732 1352 repugnat
1785 1289 1839 1337 et
1884 1284 2040 1355 plane

66 1368 294 1424 barbara
332 1378 431 1425 est.
512 1370 765 1425 Graecam
803 1368 1030 1423 formam
1067 1369 1190 1434 ὁμοῦ
1230 1375 1442 1431 σκηνοῦν
1476 1375 1530 1424 et
1563 1371 1688 1434 ὁμοῦ
1725 1376 2037 1434 σκηνοῦντας

2 1442 30 1526 Ι
67 1460 268 1532 optime
311 1459 548 1531 reposuit
590 1457 910 1521 DindoriiuS.
990 1457 1308 1522 Ὀμόσκηνος
1358 1459 1500 1512 enim
1549 1457 1812 1513 Graecum
1866 1467 1948 1514 est
1986 1467 2040 1514 et

67 1548 383 1614 ὂμοσκηνία,
421 1545 512 1601 sed
554 1547 675 1617 quis
712 1546 882 1600 nescit
924 1545 1046 1599 inde
1096 1546 1394 1611 ὁμοσκηνεῖν
1444 1543 1665 1600 formari
1709 1563 1886 1618 posse,
1927 1549 2042 1614 ὃμο-

69 1640 278 1699 σκηνοῦν
335 1652 436 1689 non
491 1634 682 1705 posse?
762 1633 1042 1688 Caeterum
1101 1633 1394 1688 notandum
1447 1641 1528 1688 est
1575 1651 1637 1689 eo
1690 1651 1826 1699 usu,
1881 1653 2042 1707 quem

70 1723 361 1795 Xenophon
401 1740 430 1776 a
470 1723 747 1794 Spartanis
789 1724 1016 1776 traxisse
1047 1721 1286 1785 videtur,
1329 1739 1431 1775 non
1469 1729 1700 1787 σκηνεῖν,
1738 1731 2039 1790 συσκηνεῒν,

68 1815 385 1875 διασκηνεῖν,
429 1828 598 1882 neque
630 1814 822 1872 σκηνῶν
863 1818 1000 1874 cet.,
1041 1809 1132 1864 sed
1173 1815 1384 1872 σκηνοῦν
1425 1810 1532 1865 dici
1578 1819 1631 1866 et
1670 1817 1947 1875 συσκηνοῦν
1988 1822 2042 1868 et

67 1903 400 1963 διασκηνοῦν,
443 1901 496 1953 in
534 1915 638 1970 qua
679 1915 734 1953 re
772 1898 984 1969 saepius
1030 1897 1237 1952 scribae
1278 1898 1532 1954 titubant.
1612 1899 1854 1970 Agnosco
1894 1918 2041 1973 prae·

70 1997 215 2046 terea
277 1987 642 2059 Xenophontis
703 2003 858 2040 usum
901 1986 955 2039 in
1009 1991 1255 2055 κνεφαῖος
1295 1986 1436 2041 XIII.
1480 1991 1529 2042 5.
1585 1986 1811 2056 ἄρχεται
1860 1989 2041 2045 τούτου

66 2083 156 2133 τοῦ
199 2076 347 2145 ἔργου
398 2076 472 2130 ἔτι
513 2080 845 2142 κνεφαῖος
899 2091 996 2146 pro
1045 2074 1270 2138 ἑωθινός,
1312 2074 1524 2142 ὄρθριος,
1578 2093 1640 2130 eo
1683 2077 1826 2131 enim
1881 2095 2043 2134 sensu

70 2164 361 2236 Xenophon
403 2164 616 2236 saepius
654 2161 773 2229 ἅμα
812 2163 983 2232 κνέφᾳ
1016 2169 1070 2217 et
1101 2163 1247 2231 άμφὶ
1285 2164 1482 2231 κνέφας
1517 2163 1670 2219 dixit.
1753 2164 1855 2220 Sed
1886 2166 2041 2238 plane

65 2254 343 2325 egregium
387 2251 644 2306 indicium
680 2258 762 2305 est
804 2249 1215 2322 Xenophonteae
1267 2250 1519 2306 dictionis
1571 2253 1624 2305 in
1672 2252 1795 2309 XII.
1838 2258 1890 2310 5.
1949 2255 2041 2310 uhi

66 2342 124 2396 in
163 2340 315 2395 libris
353 2348 434 2395 est
470 2338 703 2394 absurda
742 2339 932 2395 lectio:
986 2340 1068 2394 δεῖ
1112 2340 1163 2394 δὲ
1211 2341 1328 2395 οὔτε
1385 2340 1665 2407 περίπατον
1704 2340 1823 2396 οὔτε
1863 2343 2040 2411 δρόμον

66 2429 271 2485 ἐλάσσω
312 2431 559 2484 ποιεῖσθαι
598 2428 625 2491 ἢ
666 2425 777 2482 ὅσον
817 2427 880 2483 ἂν
918 2431 946 2491 ἦ
985 2427 1120 2495 μόρα
1155 2429 1339 2499 ἕφήκη.
1423 2427 1701 2484 Neminem
1743 2428 1882 2500 fugit
1922 2448 2040 2486 sen·

65 2519 291 2574 tentiam
329 2517 483 2590 plane
517 2516 848 2571 contrarium
894 2516 1163 2587 postulare
1211 2517 1523 2589 lonyiorem,
1578 2534 1681 2571 non
1724 2517 2038 2575 breviorem:

68 2607 250 2678 itaque
302 2612 459 2660 acute
517 2610 571 2659 et
630 2602 856 2658 feliciter
914 2605 1016 2658 viri
1071 2604 1213 2658 docti
1263 2621 1359 2676 pro
1416 2603 1623 2660 ἐλάσσω
1684 2615 2043 2678 reposuerunt

67 2694 293 2762 μάσσω,
352 2691 595 2747 sollerter
651 2691 733 2746 usi
791 2690 985 2747 Suidae
1043 2691 1241 2747 indicio
1301 2710 1348 2747 v.
1403 2693 1671 2748 Μάσσων;
1730 2695 2040 2764 μακροτέρα.

71 2788 332 2850 Ξενοφῶν·
368 2780 431 2836 ἄν
470 2782 544 2845 μὴ
586 2779 718 2834 πολὺ
757 2780 972 2845 μάσσων
1002 2781 1107 2841 ὁδὸς
1149 2780 1214 2848 ᾖ,
1259 2798 1416 2853 quem
1456 2783 1633 2854 ipsum
1677 2782 2044 2855 Xenophontis

70 2869 279 2933 locum,
316 2885 483 2940 quum
525 2884 710 2922 omnes
750 2867 945 2923 Suidae
983 2867 1228 2923 Editores
1261 2868 1461 2924 frustra
1482 2870 1901 2942 quaesivissent,
1943 2871 2042 2927 sol·

68 2958 232 3014 lerter
284 2957 555 3027 indagavit
604 2955 659 3010 L.
699 2955 1005 3011 Dindorfius
1060 2957 1113 3011 in
1166 2957 1455 3030 Cyropaed.
1494 2958 1562 3014 11.
1605 2976 1674 3015 iv.
1718 2962 1807 3014 27.
1863 2960 2042 3015 κέλευέ

69 3066 145 3102 σοι
184 3047 301 3107 τοὺς
342 3045 639 3111 impediam,
679 3046 768 3099 ἐὰν
804 3045 877 3110 μὴ
914 3046 1046 3100 πολὺ
1087 3045 1394 3101 ἐλάσσων
1439 3050 1466 3111 ἦ
1503 3048 1608 3107 ὁδὸς
1649 3045 1710 3115 ἦ,
1752 3049 1844 3111 την
1884 3049 2042 3118 βάς-ην

69 3136 343 3200 ἡγεῖσθαι,
404 3132 492 3187 uhi
551 3134 718 3204 ipsam
769 3132 1134 3205 Xenophontis
1187 3151 1406 3190 manum
1461 3134 1678 3200 μάσσων
1735 3135 1789 3188 in
1838 3138 2040 3206 optimo

69 3220 259 3277 Codice
314 3221 555 3275 Parisino
592 3222 652 3276 Α.
707 3230 969 3277 servatam
1026 3229 1079 3277 et
1132 3221 1328 3278 Suidae
1381 3222 1578 3277 indicio
1633 3221 1928 3277 stabilitam
1987 3230 2041 3278 et

71 3307 296 3381 abipsa
359 3310 622 3364 sententia
681 3309 973 3380 flagitatam
1034 3308 1337 3365 Dindorfius
1402 3311 1652 3382 reposuit.
1750 3309 2039 3381 Xenophon

70 3397 312 3463 μάσσων,
357 3404 415 3451 ut
453 3396 621 3452 multa
663 3397 803 3464 alia,
843 3415 872 3453 a
916 3396 1193 3469 Spartanis
1234 3399 1445 3454 sumsit.
1527 3398 1700 3453 Unum
1746 3397 1827 3451 his
1866 3414 2039 3453 exem-

68 3484 216 3557 plum
258 3485 467 3540 addam.
549 3485 679 3552 Quis
716 3486 887 3541 nescit
925 3485 1366 3559 Xenophonteum
1404 3502 1561 3541 usum
1603 3484 1824 3557 perlecti
1868 3487 2036 3541 πέπα-

65 3593 160 3637 μαι
204 3591 296 3645 pro
343 3574 640 3637 κέκτημαιῖ
720 3573 855 3628 Olim
913 3575 1063 3629 lones
1103 3592 1164 3629 eo
1204 3576 1284 3629 usi
1328 3581 1452 3627 sunt
1479 3616 1492 3638 ‚
1537 3573 1676 3628 unde
1725 3573 1866 3646 apud
1906 3575 2036 3634 Tra·

1628 3668 1667 3697 si
1700 3660 1718 3686 Ψ
