2436 4068
1292 227 1396 276 292

360 371 506 426 foede
556 368 886 440 interpolatis
938 369 1056 420 novi
1112 367 1234 420 libri
1282 364 1745 439 propagabantur,
1805 371 1858 422 iu
1911 371 2104 442 quibus
2157 389 2322 442 quum

358 457 693 530 insipidaet
747 455 946 509 insulsa
1002 454 1318 509 emblemata
1371 457 1660 508 oscitanter
1712 457 1765 509 in
1823 458 2062 513 ordinem
2114 467 2325 530 recepta

358 554 534 602 essent
585 552 638 598 et
695 542 1164 612 interpolationum
1216 543 1440 613 vestigia
1495 559 1712 613 prorsus
1774 554 1950 599 essent
2005 546 2327 612 obliterata,

358 651 502 689 nunc
559 633 785 686 lectores
836 631 1016 683 minus
1073 638 1290 694 cautos,
1348 631 1527 684 minus
1586 638 1769 684 acutos
1827 638 1880 685 et
1937 634 2027 694 τὴν
2086 635 2323 689 παλαιὰν

355 723 546 789 τέχνην
584 736 687 772 non
728 724 875 797 certo
913 717 1110 772 iudicio
1150 736 1180 772 a
1219 720 1526 790 sequiorum
1567 735 1729 772 manu
1765 725 1816 772 et
1850 719 2064 774 rudiore
2099 722 2326 776 artificio

358 810 730 880 dignoscentes
775 822 932 876 saepe
982 806 1271 861 iocularem
1323 808 1375 860 in
1431 806 1647 860 modum
1705 806 2068 862 ludificantur.
2149 810 2328 864 Potest

357 906 566 959 tamen,
608 896 652 948 si
681 911 786 947 non
828 894 1058 964 ubique,
1102 901 1156 948 at
1187 896 1240 947 in
1283 894 1548 965 plerisque
1583 901 1761 949 tamen
1803 894 1933 948 locis
1967 895 2116 965 quod)
2143 899 2327 967 genui-

356 1001 486 1039 num
535 991 588 1038 et
639 998 829 1035 sanum
891 999 992 1035 non
1037 990 1117 1036 est
1172 984 1334 1036 certis
1383 982 1596 1036 indiciis
1640 983 1882 1054 indagari
1932 991 1983 1037 et
2027 984 2115 1037 ubi
2165 986 2327 1040 semel

355 1081 500 1129 mota
541 1078 621 1126 est
646 1077 802 1124 acuta
843 1071 1077 1142 suspicio
1112 1069 1360 1141 plurimis
1399 1070 1569 1124 modis
1605 1072 1766 1124 etiam
1804 1074 2135 1127 tenuissimis
2171 1075 2326 1128 vesti·
2400 1134 2401 1137 Ἴ

357 1164 462 1235 giis
512 1168 875 1215 correctorum
927 1158 1131 1228 flagitia
1191 1157 1699 1229 deprehenduntur,
1761 1161 1806 1213 si
1857 1160 2011 1214 modo
2067 1161 2326 1216 iudicium

358 1267 481 1305 acre
533 1247 722 1303 afferas
774 1255 826 1302 et
885 1263 1071 1301 aurem
1129 1254 1370 1301 veterum
1425 1246 1650 1300 lectione
1691 1246 1966 1302 subactam
2006 1256 2059 1302 et
2115 1249 2330 1320 linguae

358 1338 607 1410 peritiam
649 1343 849 1407 quanta
891 1335 1126 1389 maxima
1167 1334 1344 1405 colligi
1382 1342 1580 1406 potest,
1624 1342 1683 1389 ut
1718 1334 1846 1405 quid
1890 1352 1919 1388 a
1960 1343 2115 1407 poeta
2155 1338 2330 1392 Attico

358 1425 465 1480 dici
513 1425 680 1496 possit
730 1423 860 1495 quid
913 1439 1016 1476 non
1053 1423 1220 1494 possit
1271 1431 1324 1476 et
1375 1423 1512 1476 scias
1552 1430 1605 1477 et
1658 1423 1926 1494 intelligas
1979 1431 2032 1478 et
2077 1427 2330 1481 interiore

359 1513 588 1586 quodam
624 1529 782 1566 sensu
817 1527 1091 1582 agnoscas,
1175 1510 1510 1582 Quicumque
1543 1518 1722 1565 autem
1766 1512 1954 1566 Poetas
1984 1511 2076 1567 diu
2103 1522 2155 1568 et
2196 1515 2335 1574 mul·⁴

360 1610 477 1656 tum
517 1600 778 1654 lectitavit
828 1600 940 1670 ipse
979 1597 1367 1668 quodammodo
1414 1606 1569 1670 poeta
1624 1599 1711 1664 fit,
1759 1607 1812 1654 et
1848 1602 1892 1654 si
1943 1601 2072 1672 quid
2113 1603 2166 1655 in
2215 1620 2328 1657 car·

360 1691 506 1744 mina
567 1689 788 1758 antiqua
847 1687 1169 1757 ineptiarum
1233 1703 1294 1740 ex
1356 1686 1614 1742 librorum
1684 1689 1993 1760 corruptela„
2043 1698 2096 1743 et
2147 1691 2329 1744 sciolo-

359 1795 482 1833 rum
525 1775 932 1847 interpolatione
976 1774 1100 1828 olim
1153 1774 1370 1844 irrepsit
1412 1775 1570 1829 etiam
1615 1777 1692 1830 sic
1739 1777 2149 1841 animadvertit,
2192 1777 2331 1849 quod

359 1882 655 1936 numquam
695 1865 806 1935 ipse
847 1863 901 1916 in
945 1861 1035 1916 tali
1077 1869 1270 1916 reaut
1310 1869 1420 1916 tam
1462 1880 1640 1918 socors
1682 1872 1733 1918 et
1773 1864 2047 1936 negligens
2085 1883 2199 1920 esse
2239 1873 2332 1920 aut

360 1955 427 2010 ad
464 1951 769 2007 istiusmodi
805 1951 1031 2022 ineptias
1070 1951 1331 2021 potuisset
1372 1950 1559 2005 delabi.
1639 1952 1808 2007 Habet
1845 1953 1944 2007 hoc
1982 1953 2180 2008 multas
2211 1971 2333 2008 cau·

359 2045 533 2098 tiones
574 2040 666 2095 sed
715 2042 842 2093 non*
870 2046 950 2094 est
989 2039 1091 2092 alia
1140 2055 1226 2093 res
1279 2038 1344 2092 ad
1390 2040 1665 2110 ingenium
1719 2040 1968 2095 alendum
2022 2048 2075 2096 et
2123 2042 2332 2114 pulchri

362 2147 580 2186 sensum
634 2127 928 2183 exercendo
984 2126 1286 2197 augendum
1357 2127 1540 2181 utilior
1596 2135 1648 2182 et
1702 2129 1780 2182 sic
1840 2136 2118 2200 poetarum
2178 2130 2334 2185 lectio

363 2235 526 2291 quum
574 2215 875 2288 legentibus
922 2214 1212 2285 plurimum
1255 2213 1411 2267 affert
1447 2215 1697 2268 utilitatis
1733 2223 1846 2269 tum
1880 2218 1934 2270 in
1970 2218 2111 2288 ipsos
2150 2226 2334 2289 poetas

362 2325 424 2362 ea
463 2305 668 2360 utilitas
723 2302 1003 2357 redundat.
1085 2301 1186 2356 Sed
1238 2302 1489 2372 quoniam
1534 2319 1703 2373 genus
1756 2303 1855 2357 hoc
1900 2305 2114 2359 critices
2160 2323 2334 2361 exem·

362 2395 464 2467 plis
498 2393 670 2462 magis
709 2408 868 2462 quam
906 2391 1205 2461 praeceptis
1247 2388 1386 2443 tradi
1424 2397 1477 2444 et
1526 2391 1889 2446 commendari
1925 2399 2096 2464 potest
2135 2401 2188 2448 et
2227 2411 2336 2448 non
2418 2431 2419 2434 =

363 2480 669 2538 meditando
728 2478 821 2532 sed
875 2478 1167 2533 exercendo
1211 2478 1548 2541 continetur,
1608 2496 1914 2550 expromam
1970 2481 2223 2535 nonnulla
2270 2499 2337 2536 ex
2418 2468 2419 2471 ¹

315 2618 324 2624 .
364 2570 535 2642 poetis
589 2567 829 2637 Tragicis
878 2583 1013 2637 quae
1058 2566 1164 2620 huc
1213 2565 1428 2620 faciant.
1509 2566 1855 2622 Praemittam
1902 2567 2006 2623 duo
2060 2569 2336 2641 Euripidis

363 2657 665 2728 fragmenta
702 2672 766 2709 ex
814 2653 1025 2708 Orionis
1057 2654 1357 2724 Florilegio.
1431 2654 1653 2725 Legitur
1691 2655 1764 2708 ibi
1801 2656 1862 2711 V.
1909 2661 1958 2711 7.

668 2831 843 2891 πόνους
884 2830 1092 2897 ἔχοντες
1133 2831 1269 2885 οὐδὲν
1309 2830 1495 2892 εἰδότες
1536 2831 1726 2900 σαφές.

369 2922 424 2976 in
479 2919 563 2973 his
616 2919 790 2972 verbis
845 2936 1011 2989 quum
1061 2920 1421 2974 necessarium
1472 2919 1785 2973 vocabulum
1843 2921 2089 2990 periisset
2143 2920 2338 2974 sciolus

369 3007 514 3064 aliud
554 3025 658 3061 non
698 3008 1057 3061 necessarium
1083 3007 1254 3061 alieno
1288 3007 1402 3061 loco
1439 3007 1502 3062 de
1533 3024 1629 3061 suo
1658 3007 1879 3061 addidit.
1922 3008 2023 3074 Qui
2057 3007 2334 3062 hominum

370 3099 586 3168 ignaras
633 3102 838 3149 mentes
889 3102 1126 3166 arguunt
1179 3095 1349 3150 solent
1401 3113 1489 3151 eos
1543 3097 1678 3151 οὐδὲν
1731 3095 1911 3150 εἰδέναι
1972 3094 2338 3166 significanter

370 3185 582 3247 dicere,
628 3190 684 3236 ut
721 3182 1017 3252 Theognis:

674 3269 913 3336 ἄνθρωποι
955 3271 1007 3324 δὲ
1047 3269 1256 3336 μάταιοι
1297 3271 1563 3338 νομίζομεν
1603 3271 1790 3331 εἰδότες
1830 3271 1967 3325 οὐδέν
1991 3313 2003 3333 ,

360 3371 426 3419 -et
460 3361 656 3434 passim
699 3359 775 3412 sic
812 3366 1138 3428 queruntur:
1191 3359 1362 3427 σαφές
1403 3365 1496 3413 aut
1548 3358 1722 3413 simile
1774 3358 1901 3429 quid
1953 3374 2107 3412 nemo
2161 3356 2336 3419 addit,

372 3466 544 3522 neque
599 3446 652 3500 id
708 3445 1019 3515 Euripidem
1071 3446 1337 3500 addidisse
1394 3464 1457 3501 ex
1502 3446 1778 3518 Theophili
1831 3447 1942 3500 loco
1994 3443 2336 3499 manifestum

371 3545 490 3601 est,
533 3536 624 3606 qui
667 3533 955 3604 Euripidea
991 3533 1218 3588 afferens
1254 3536 1424 3603 σαφές
1459 3535 1672 3589 omittit.
1755 3534 1890 3602 Quid
1934 3533 2134 3588 multa?
2178 3549 2335 3604 agno-

371 3642 486 3682 sces
533 3622 818 3693 Tragicum
857 3622 906 3675 in
952 3621 1049 3678 hac
1085 3624 1386 3695 scriptura:
