2436 4068
1326 216 1430 265 454

405 364 490 418 Vl.
532 381 600 417 lv.
643 366 695 416 9.
748 361 835 414 καὶ
894 362 1009 419 τοὺς
1066 361 1162 423 μὲν
1215 358 1412 424 νεκροὺς
1465 357 1581 416 τοὺς
1635 356 1874 417 πλείςους
1925 356 2138 422 ἔνθαπερ
2196 356 2374 413 ἕπεο-ον

397 452 610 511 ἑκάς-ους
648 449 884 516 ἔθαψαν,
926 447 1034 500 imo
1074 462 1199 500 vero
1239 444 1452 512 ἔνθαπερ
1493 444 1673 498 ἔπεσεν
1730 442 1943 506 ἕκαςος,
1989 451 2049 498 ut
2090 442 2222 498 illud
2264 445 2373 500 Sal·-

399 540 729 593 lustianum:
787 551 943 607 quem
981 534 1198 605 quisque
1230 533 1511 605 puymmdo
1553 532 1721 585 locum
1761 540 1960 603 ceperat
2015 550 2131 586 eum
2182 534 2376 588 amissa

397 628 574 681 anima
625 641 834 693 corpore
874 621 1088 693 teqebat.
1169 621 1232 674 In
1290 620 1475 675 eadem
1524 637 1584 679 re
1635 618 1916 674 emendata
1976 620 2244 690 scriptura
2293 628 2376 676 est

396 715 455 767 in
494 714 535 766 Ι.
576 729 624 765 v.
667 715 718 765 8.
771 708 895 765 ὅπου
956 709 1142 777 ἔτυχεν
1189 707 1372 769 ἕκαςος
1426 709 1615 770 ἐςηκὼς
1675 704 1839 772 ἵεντο,
1899 707 1991 762 sed
2041 707 2374 763 emendanda

396 803 454 854 in
500 801 572 854 ΙΙ.
623 818 677 854 11.
723 803 809 853 17.
870 800 935 859 ὡς
996 798 1291 864 ἐτύγχανον
1344 793 1517 852 ἕκαςοι
1573 794 1867 863 ηὐλίζοντο,
1927 794 2019 848 ubi
2076 796 2373 864 ἐτύγχανεν

395 887 579 949 ἕκαςος
620 885 985 958 reponendum
1026 901 1144 940 esse
1183 901 1389 939 censeo.

470 976 532 1031 In
572 975 662 1030 IV.
705 992 759 1028 11.
803 978 854 1029 9.
911 989 1037 1028 vera
1070 972 1228 1027 lectio
1277 979 1356 1027 est
1398 972 1484 1026 καὶ
1534 968 1667 1025 οὗτοι
1715 972 1835 1036 μὲν
1886 976 2115 1038 πρῶτοι
2173 972 2372 1038 συνέμι-

394 1065 510 1129 ξαν.
591 1062 735 1117 Solet
783 1062 881 1127 μέν
937 1062 993 1115 in
1044 1060 1193 1126 μόνον
1247 1061 1428 1124 abire,
1488 1059 1644 1112 cuius
1697 1059 1775 1112 rei
1818 1059 1987 1113 multa
2030 1059 2271 1131 exempla
2310 1059 2378 1115 ad

394 1151 711 1225 Euripidem
765 1166 1174 1222 expromemUS,
1240 1147 1431 1203 deinde
1486 1147 1671 1213 μόνον,
1725 1146 1873 1211 μόνος
1932 1153 1984 1201 et
2040 1147 2178 1213 μόνοι
2236 1149 2380 1202 inter

399 1257 517 1295 sese
567 1244 966 1311 permutantur.
1048 1237 1110 1291 In
1162 1235 1202 1310 Β
1249 1241 1333 1291 15.
1393 1251 1639 1307 expunge
1688 1233 1964 1288 molestam
2018 1235 2262 1306 copulam
2319 1235 2377 1288 in

397 1329 576 1383 verbis
623 1326 754 1400 [καὶ]
801 1326 961 1380 πάλιν
1000 1324 1259 1391 λαβόντες
1299 1330 1353 1378 et
1393 1324 1542 1378 locus
1591 1340 1656 1377 ex
1695 1322 1952 1394 impedito
2003 1324 2106 1377 erit
2163 1323 2376 1395 expedi·

397 1417 659 1470 tissimus,
738 1413 1020 1468 Inficetum
1059 1411 1443 1467 Graeculorum
1485 1410 1747 1466 emblema
1780 1410 1900 1464 vide
1939 1411 1994 1463 in
2037 1409 2075 1483 §
2116 1415 2202 1465 16.
2258 1413 2376 1473 τοὺς

397 1506 450 1558 δὲ
490 1502 683 1564 ἄλλους
723 1501 990 1556 ἐκέλευσεν
1029 1499 1455 1565 ὑπάγειν-καὶ
1495 1501 1545 1554 ἐν
1586 1500 1655 1567 τῷ
1698 1499 1877 1566 ὁμαλῷ
1920 1498 2086 1552 θέσθαι
2128 1500 2200 1553 τα
2235 1495 2377 1555 ὅπλα

396 1590 586 1665 [εἷπε].
679 1591 739 1645 In
800 1589 840 1663 S
887 1594 972 1643 17.
1033 1589 1203 1642 miror
1262 1587 1524 1659 quomodo
1578 1586 1886 1641 Dindorfius
1943 1586 2183 1651 ἁλόμενοι
2235 1589 2377 1642 tueri

397 1682 670 1753 potuerit,
711 1693 847 1750 quae
884 1677 1111 1732 barbara
1151 1674 1321 1729 forma
1357 1683 1454 1730 est.
1534 1674 1730 1729 Attulit
1768 1674 1910 1729 locos
1950 1674 2205 1746 quosdam
2229 1718 2243 1739 ,
2286 1675 2378 1730 ubi
2432 1734 2435 1737 ,

397 1772 455 1824 in
495 1767 656 1823 Codd.
698 1766 926 1837 legatur.
1007 1765 1222 1818 Poterat
1272 1763 1415 1817 facili
1456 1763 1669 1833 negotio
1718 1763 1886 1817 multo
1940 1763 2119 1834 plures
2159 1764 2378 1835 conqui-

399 1873 557 1921 rere,
611 1870 844 1925 namque
895 1851 1066 1906 solent
1118 1851 1402 1915 Graeculi,
1461 1850 1908 1922 quemadmodum
1972 1850 2279 1920 αφειλοὲμην
2322 1858 2377 1906 et

399 1944 627 2013 εὑροίμην
667 1942 863 2013 passim
913 1940 1209 2003 invehunt,
1269 1941 1537 1994 contrario
1578 1956 1759 1994 errore
1797 1938 1993 2004 ἦλόμην
2032 1956 2128 2010 pro
2169 1939 2376 2005 ἦλοίμην

402 2033 747 2088 substituere.
843 2028 993 2096 Quod
1053 2035 1134 2082 est
1189 2028 1242 2081 in
1294 2027 1333 2100 §
1378 2032 1466 2083 20.
1529 2027 1617 2101 (cl'.
1668 2031 1699 2081 5
1753 2034 1806 2082 et
1856 2027 1928 2100 4.)
1990 2028 2377 2083 ἐκυλίνδουν

401 2122 629 2189 πέτρας,
670 2132 995 2189 quamquam
1039 2116 1349 2187 saepiss1me
1387 2117 1438 2169 in
1477 2115 1630 2169 libris
1670 2115 1841 2169 forma
1871 2117 2116 2170 κυλινδεῖν
2150 2115 2377 2187 legitur,

402 2226 509 2264 non
549 2206 761 2261 videtur
797 2211 974 2258 tamen
1017 2203 1396 2275 Xenophontea
1437 2220 1584 2268 esse,
1626 2204 1783 2258 cuius
1817 2210 1990 2257 aetate
2037 2204 2248 2258 κυλίνδω
2299 2221 2377 2258 so-

402 2297 515 2352 lum
561 2295 811 2369 (κυλίσω,
863 2292 1116 2356 ἐκύλισα,
1170 2291 1521 2357 κεκύλισμαι,
1578 2291 1866 2360 ε’κυλίσθην)
1910 2291 1964 2344 in
2017 2308 2118 2345 usu
2158 2298 2274 2346 erat
2323 2295 2429 2346 et*

402 2383 767 2440 καλινδεῖσθαι.

497 2472 558 2526 In
615 2469 703 2524 IV.
746 2485 820 2522 111.
866 2472 914 2521 7.
983 2467 1409 2522 additamentum
1470 2466 1756 2538 magistelli
1800 2467 2216 2521 concinnitatem
2276 2466 2379 2521 loci

405 2560 561 2633 plane
612 2555 878 2629 perdidit;
930 2556 1069 2623 δρῶσι
1124 2557 1176 2610 δὲ
1233 2554 1350 2617 τοὺς
1407 2555 1688 2620 διαβαίνειν
1743 2554 2102 2616 κωλύσοντας,
2146 2555 2284 2621 ὁρῶσι
2325 2556 2378 2610 δὲ

405 2656 511 2709 τοῖς
551 2646 899 2712 διαβαίνουσιν
941 2644 1344 2709 ἐπικεισομένους
1393 2643 1531 2716 [τοὺς
1571 2642 1920 2715 Καρδούχους]
1979 2642 2196 2697 ὄπισθεν.
2276 2643 2376 2698 De·

406 2736 542 2805 tegit
596 2732 837 2788 fraudem
892 2732 1155 2786 articulus
1195 2733 1373 2803 inepte
1423 2730 1639 2785 additus
1685 2731 1967 2800 participio
2011 2731 2375 2796 διαβαίνουσιν.

413 2824 599 2877 Omnes
655 2821 799 2875 enim
861 2818 1060 2873 flumen
1120 2827 1274 2873 erant
1337 2819 1636 2874 traiecturi.
1728 2818 2009 2888 Expuncto
2062 2817 2378 2873 emblemate

403 2912 520 2972 τοὺς
578 2909 903 2977 Καρδούχους
941 2907 1194 2961 emenda:
1249 2909 1388 2974 ὁρῶσι
1429 2908 1479 2962 δὲ
1533 2907 1686 2967 τοὺς
1738 2907 2081 2971 διαβαίνουσιν
2131 2906 2375 2960 ἐπικεισο-

403 3000 583 3066 μένους
623 2996 841 3051 όπισθεν.
919 2995 1032 3048 Non
1083 2995 1262 3049 minus
1304 2994 1507 3066 puerile
1558 3000 1673 3048 erat
1719 2993 2024 3064 significare
2074 2994 2207 3054 τίνες
2247 2991 2375 3055 ἦσαν
2410 3021 2413 3067 3

406 3090 448 3143 οἱ
502 3085 866 3150 ἐπικεισόμενοι
920 3081 1149 3146 ὄπισθεν,
1203 3098 1365 3153 quam
1415 3083 1468 3135 in
1518 3080 1959 3153 praecedentibus
1995 3082 2127 3141 τίνες
2163 3079 2292 3142 ἦσαν
2331 3084 2374 3136 οἱ
2407 3128 2417 3145 .,

404 3175 688 3241 διαβαίνειν
728 3171 1056 3230 κωλύσοντες.
2408 3154 2413 3170 '⁴

482 3264 543 3318 ln
584 3260 623 3335 S
662 3263 749 3313 26.
805 3262 927 3325 παρ’
966 3257 1193 3318 ἀσπίδας
1242 3257 1648 3324 παραγαγόντες
1688 3258 1779 3317 την
1819 3255 2122 3320 ἐνωμοτίαν,
2166 3257 2375 3326 corrige
2408 3306 2411 3309 Α

407 3351 559 3408 sodes
607 3353 727 3415 παρ’
780 3347 1019 3410 ἀσπίδα,
1060 3344 1200 3415 quod
1249 3344 1355 3398 dici
1411 3343 1608 3397 solebat
1659 3343 1839 3397 eodem
1882 3349 2037 3413 pacto
2091 3350 2252 3415 atque
2289 3344 2372 3399 ἐπὶ

407 3440 519 3508 δόρυ
559 3445 611 3493 et
651 3438 735 3491 ἐπ’
774 3434 973 3490 ἀσπίδα
1014 3439 1067 3487 et
1118 3434 1200 3487 ἐπ’
1250 3430 1396 3500 οὐράν
1448 3430 1655 3501 aliaque
1711 3429 1907 3484 similia
1950 3432 2006 3484 in
2051 3431 2374 3486 militaribus
2396 3422 2411 3464 ’ἕ

406 3527 686 3599 imperiiS,
744 3531 805 3580 ut
850 3522 1031 3578 statim
1080 3519 1119 3593 S
1160 3523 1247 3575 29.
1308 3518 1705 3588 αναςρέψαντας
1763 3519 1845 3574 ἐπὶ
1906 3519 2015 3586 δόρυ
2069 3527 2121 3574 et
2173 3520 2370 3591 passim

405 3614 556 3670 alibi„
