2436 4068
1037 181 1143 233 223

100 331 353 399 προθύμῳ.
432 327 653 383 Veteres
709 324 933 391 ἄσμενος
952 366 967 390 ,
1021 327 1143 382 ἑκών
1163 367 1178 391 ,
1220 324 1510 390 ἀσπάσιος,
1549 324 1752 394 ἄκριτος
1772 370 1787 394 ,
1827 328 2049 397 ἔμπεδος
2069 373 2085 397 ,

98 418 380 489 multaque
409 414 514 471 alia
547 412 848 487 ponebant,
890 411 1088 485 quibus
1118 412 1328 469 scribae
1361 412 1613 470 adverbia
1645 431 1926 488 perperam
1960 417 2087 473 sub-

98 505 324 560 stituere
360 502 551 558 solent.
629 500 904 573 Defungar
946 516 1092 555 nunc
1132 517 1241 555 uno
1283 501 1526 575 exemplo
1565 501 1818 578 Aeschyli
1858 505 1914 559 in
1950 505 2086 577 Aga·

98 607 384 648 memnone
415 592 545 646 854.

398 678 509 739 νίκη
544 676 623 739 δ’,
665 676 876 743 ἐπείπερ
914 673 1134 738 ἕσπετ’,
1175 675 1409 741 ἐμπέδως
1449 677 1591 744 μένοι
1613 720 1629 741 ,

100 766 191 823 ubi
225 766 525 839 genuinum
565 768 648 818 est
686 761 928 829 ἔμπεδος.

170 855 232 910 In
272 871 351 908 vs,
385 857 478 908 67.
526 850 685 906 homo
735 849 1021 923 impudens
1063 854 1117 904 et
1156 854 1441 921 protervus
1479 867 1584 906 non
1630 852 1846 911 videtur
1886 854 2087 914 dixisse

94 941 295 1012 ἄπειρ’,
334 941 438 1006 ἐγὼ
475 940 527 994 δὲ
567 939 750 995 τούσδε
787 969 867 980 -
903 936 1014 1002 ἄξω
1054 935 1149 991 sed
1186 936 1398 1006 ἄπερρ’,
1441 945 1505 992 ut
1538 939 1596 993 in
1628 939 1725 994 tali
1758 958 1818 997 re
1856 942 1965 999 dici
2005 962 2086 1001 so·

94 1029 185 1087 let.
264 1029 480 1085 Erroris
514 1027 664 1098 origo
712 1024 1001 1081 manifesta
1040 1032 1139 1080 est.
1216 1025 1398 1081 Etiam
1450 1024 1641 1082 durius
1688 1035 1771 1084 cst
1823 1030 1966 1102 quod
2013 1032 2086 1089 le·

91 1118 244 1190 gitur
281 1134 359 1172 vs.
395 1119 524 1171 285.
563 1114 800 1185 φθείρου,
842 1119 898 1169 et
936 1112 1057 1168 aliis
1091 1113 1240 1169 lociS.

169 1203 322 1272 Quod
358 1202 647 1259 Elmsleius
685 1219 763 1257 vs.
803 1205 927 1257 198.
969 1201 1308 1257 emendavit:
1349 1201 1438 1257 καὶ
1474 1201 1665 1268 λόγους
1701 1209 1936 1273 κρανοῦσι
1967 1208 2086 1271 σούς

3 1293 6 1300 ’
93 1308 190 1365 pro
233 1294 448 1359 κρίνουσι
497 1298 551 1347 et
600 1289 721 1345 aliis
765 1289 1023 1363 exemplis
1076 1289 1468 1345 demonstravit
1519 1290 1736 1359 κραίνειν
1785 1292 2085 1351 obsoletum

91 1379 412 1435 vocabulum
442 1395 475 1434 a
520 1377 797 1435 Graeculis
836 1379 893 1432 in
930 1379 1111 1446 κρίνειν
1154 1376 1437 1449 depravari
1485 1378 1656 1434 solere
1709 1386 1915 1436 certam
1974 1399 2085 1439 me-

6 1518 14 1529 ,
91 1467 329 1523 dicinam
365 1466 553 1523 afferet
582 1465 826 1532 Moscho,
867 1467 962 1539 qui
993 1467 1050 1521 in
1091 1467 1270 1538 Raptu
1307 1464 1556 1539 Europae
1594 1483 1672 1523 VS.
1709 1470 1798 1522 27.
1840 1468 2085 1527 creditur
2141 1524 2143 1526 .

90 1554 315 1611 dixisse:

392 1643 542 1699 ἄλλα
579 1664 665 1711 μοι
701 1645 775 1707 εἷς
807 1644 1007 1710 ἀγαθὸν
1044 1642 1281 1712 μοὶκαρες
1322 1643 1540 1712 κρίνειαν
1575 1643 1770 1713 ὄνειρον.

8 1734 14 1787 ἔ
91 1748 258 1805 quum
299 1732 448 1804 ipse,
491 1738 553 1786 ut
595 1732 814 1804 opinor,
853 1734 1106 1802 κρήνειαν,
1130 1731 1374 1787 dixisset.
1453 1730 1603 1787 Idem
1643 1748 1796 1787 error
1831 1733 2081 1789 commis-

90 1837 184 1876 sus
231 1827 314 1876 est
368 1822 420 1875 ἐν
468 1821 539 1888 τῷ
592 1817 718 1888 ὅρκῳ
771 1825 870 1874 τῶν
908 1821 1178 1884 Ἀθήνησιν
1228 1819 1463 1887 ἐφήβων.
1505 1819 1650 1892 apud
1701 1818 1847 1876 Stoh.
1895 1820 2079 1878 Floril.

89 1908 273 1965 XLIII.
310 1912 398 1964 48.
440 1913 495 1963 el.
530 1906 799 1962 Pollucem
834 1907 977 1962 VIII.
1014 1911 1141 1963 105.
1182 1906 1273 1961 καὶ
1310 1907 1567 1970 εὐηκοήσω
1611 1907 1828 1981 (συνήσω
1872 1908 2079 1983 Pollux)

86 2002 184 2052 τῶν
223 1996 306 2051 ἀεὶ
347 1995 644 2063 κρινόντων,
684 1996 793 2051 imo
827 2012 953 2050 vero
986 1995 1322 2065 κραινόντων,
1366 1993 1420 2048 id
1464 2001 1546 2049 est
1592 1995 1890 2064 ἀρχόντων,
1930 2013 2079 2069 repe-

90 2086 189 2138 tito
236 2084 414 2156 prisco
461 2082 677 2138 dicendi
726 2099 864 2147 usu,
905 2100 1067 2155 quem
1108 2081 1311 2139 referre
1346 2081 1557 2137 volebat
1598 2083 1645 2137 is
1683 2084 1775 2155 qui
1815 2084 1951 2139 hanc
1994 2085 2075 2140 iu·

87 2170 382 2227 risiurandi
426 2169 713 2226 formulam
752 2169 819 2225 de
854 2187 953 2225 suo
992 2171 1163 2226 finxit.

162 2259 296 2315 Male
347 2261 403 2314 in
447 2276 523 2314 vs.
556 2261 683 2313 285.
740 2259 1020 2314 novissimi
1060 2258 1309 2315 Editores
1348 2257 1606 2315 deserunt
1643 2257 1976 2316 Brunckium
2024 2268 2080 2317 et

86 2347 402 2404 Elmsleium
453 2346 735 2403 emendate
774 2347 1099 2403 scribentes:

388 2435 566 2502 μάτην
606 2436 712 2505 γαρ
752 2434 884 2502 ἥβην
924 2434 1017 2491 ὧδέ
1055 2437 1112 2501 γ’
1150 2433 1215 2489 ἂν
1254 2437 1552 2506 κεκτήμεθα

389 2526 588 2589 πολλὴν
629 2526 679 2579 ἐν
711 2527 901 2594 ’Άργει
941 2524 1016 2591 μή
1057 2545 1116 2578 σε
1149 2524 1532 2593 τιμωρούμενοι.

86 2621 140 2671 et
207 2612 511 2682 κεκτῴμεθα
564 2619 819 2668 revocant
876 2613 1124 2667 vitiosam
1178 2610 1408 2667 formam
1480 2611 1970 2669 Grammaticorum
2022 2621 2077 2671 et

85 2701 374 2759 sciolorum
414 2695 598 2756 errore
632 2706 813 2755 natam
851 2706 905 2755 et
943 2706 1310 2773 propagatam.
1391 2699 1640 2772 Quinque
1678 2701 1897 2755 omnino
1946 2709 2077 2758 sunt

82 2788 247 2846 verba
291 2788 529 2854 Graeca,
582 2786 780 2860 quibus
828 2793 910 2843 est
957 2788 1013 2842 in
1054 2786 1290 2860 perfecto
1330 2786 1542 2860 passivo
1592 2786 1765 2843 forma
1814 2791 2074 2861 optativi:

81 2880 398 2947 μεμνῄμην,
437 2884 667 2946 μεμνῇο,
707 2884 980 2946 μεμνῇτο,
1030 2880 1335 2944 κεκλῄμην,
1390 2883 1612 2945 κεκλῇο,
1673 2886 1931 2947 neuma-03
1988 2900 2078 2935 κε-

83 2967 318 3035 κτῄμην,
350 2974 565 3035 κεκτῇο,
605 2973 850 3033 seem-firm
880 2963 1203 3033 βεβλῄμην,
1242 2963 1479 3032 βεβλῇο,
1518 2964 1794 3033 βεβλῇτος
1837 2971 1891 3020 et
1919 2969 2074 3038 καθῄ-

81 3074 215 3122 μην,
253 3055 449 3123 nawa,
503 3055 711 3122 καθῆτο.
792 3053 1012 3107 Praeter
1054 3050 1149 3106 has
1188 3049 1387 3105 formas
1434 3049 1582 3106 nulla
1615 3051 1750 3106 mihi
1791 3052 1895 3108 alia
1931 3056 2071 3111 eius-

82 3141 350 3198 demmodi
380 3141 518 3196 lecta
546 3147 627 3195 est
662 3156 890 3212 usquam
920 3156 1094 3212 neque
1116 3145 1327 3194 exstare
1354 3136 1606 3194 arbitror.
1647 3139 1868 3196 Certant
1900 3143 1955 3197 in
1988 3143 2074 3199 his

82 3228 270 3286 formis
304 3228 659 3302 depravandis
694 3234 1026 3284 correctores
1052 3235 1105 3282 et
1133 3225 1282 3281 scioli
1303 3268 1318 3291 ,
1360 3226 1452 3298 qui
1477 3242 1572 3298 pro
1592 3228 1779 3296 -ῄμην,
1811 3238 1921 3299 ·ᾖο,
1955 3240 2072 3301 -ῇτο

84 3322 287 3373 temere
333 3318 534 3386 -olpcnv,
574 3326 699 3382 ·οῖο,
744 3315 910 3390 (-οιο);
965 3322 1021 3371 et
1056 3334 1179 3370 ·οιτο
1218 3313 1525 3370 rescribunt
1563 3321 1617 3370 et
1666 3332 2072 3389 nonnumquam

84 3405 279 3474 ·ῴμην,
323 3407 411 3473 -ᾤο
456 3413 510 3461 et
556 3406 692 3474 -ᾧτο,
776 3404 949 3472 Quam
991 3410 1145 3459 vetus
1195 3402 1267 3456 sit
1310 3403 1356 3458 is
1398 3403 1776 3475 Magistrorum
1819 3411 1871 3458 ot
1915 3404 2072 3460 libro-

84 3508 209 3547 rum
247 3509 398 3547 error
430 3493 761 3549 demonstrat
796 3491 1012 3565 Didymi
1047 3491 1323 3546 annotatio
1364 3491 1418 3546 in
1464 3490 1692 3547 Scholiis
1731 3491 1949 3547 Venetis
1981 3510 2069 3567 ap·

87 3581 255 3653 posita
300 3581 513 3637 Homeri
552 3581 727 3637 verbis
777 3579 922 3635 Iliad.
958 3589 1024 3633 Ψ.
1067 3582 1195 3637 361.
