2436 4068
1029 231 1135 282 495

76 384 268 447 Ἀγυιᾶ
292 422 307 442 ,
363 381 738 448 Ἀντίγραφα,
794 382 1195 443 Ἀνακοινῶσαι,
1264 381 1659 446 Ἇνασχήσεται
1688 419 1701 442 ,
1782 383 2018 432 'An-erm
2043 420 2059 446 ,

73 469 321 524 ’Λπόλλω
343 510 358 532 ,
399 468 687 535 Ἀπέδραν,
740 466 1005 533 ”Αξομ.αι,
1049 466 1391 532 ’Λοι-αγέσθω.
1450 466 1676 526 Ἀνύσας
1717 466 1878 531 λέγε,
1923 477 2060 521 Βλα-

72 557 288 627 φθέντες
310 598 326 619 ,
356 556 699 623 Γραφιέμενος
720 596 735 618 ,
771 556 1051 609 Διωκοὶθειν
1071 598 1086 617 ,
1128 555 1402 622 Διέφθορεν
1423 598 1437 620 ,
1466 553 1771 620 Εἶκοὲθοιμεν
1792 596 1806 618 ,
1847 558 2063 618 'Eorta-n-

71 646 264 709 δείους,
325 645 539 712 Ἱέρεια,
597 647 862 706 Κνισσῶν,
913 643 1151 704 Kabana-o,
1206 625 1894 711 Μονομοὶχης,’Μοέντεων,
1938 651 2060 698 Μα·

75 733 292 802 σχάλη,
328 732 609 792 Μέταυλος
632 774 647 795 ,
687 731 979 799 Πεπραγώς
1004 773 1017 795 ,
1061 733 1486 799 Παρασχήσομαι
1509 772 1523 794 ,
1562 732 1796 799 Τιμώρια
1820 773 1835 792 ,
1877 731 2020 799 Τέρα
2042 774 2058 794 ,

74 823 296 885 Φθῶσιν,
337 820 458 874 alia.
539 819 598 873 In
642 818 728 872 his
761 817 1013 872 omnibus
1048 825 1227 872 certos
1262 826 1315 872 et
1351 818 1664 874 manifestos
1706 819 1939 874 hominis
1978 836 2062 875 er-

73 925 223 964 rores
275 909 460 963 statim
513 906 880 978 deprehendes
916 905 1048 960 alios
1105 906 1227 960 aliis
1281 906 1554 961 foediores.
1636 906 1775 974 Quid
1829 924 1892 962 eo
1949 923 2063 962 ma-

74 998 245 1068 gistro
305 994 502 1059 facias,
561 1002 622 1049 ut
664 995 762 1049 hoc
816 1002 965 1057 utar,
1023 995 1118 1066 qui
1169 994 1308 1048 serio
1348 994 1566 1049 doceat:
1621 994 2060 1063 Γραψοὶμενος

16 1151 19 1154 .
73 1089 353 1148 Ἀττικῶς,
391 1083 679 1152 γράψας
712 1085 1053 1145 Ἑλληνικῶς,
1094 1089 1189 1136 aut
1227 1087 1514 1136 Ἀπεῖπα
1552 1084 1839 1146 Ἀττικῶς,
1879 1086 2062 1139 oin-e?-

72 1193 185 1228 πον
219 1179 556 1236 Ἑλληνικῶς,
597 1180 692 1227 aut
731 1173 1019 1231 Ἀνύσας
1057 1171 1217 1236 λέγε
1256 1173 1526 1231 Ἀττικῶς.
1569 1172 1855 1225 συνελὼν
1895 1172 2062 1238 λέγε

73 1266 422 1325 Ἑλληνικῶς,
464 1268 557 1315 aut
596 1262 846 1323 Γήτεια
884 1262 1137 1320 Ἀττικῶς
1162 1301 1175 1321 ,
1218 1259 1534 1326 κρόμμυα
1581 1264 1929 1323 Ἑλληνικῶς,
1970 1267 2066 1314 aut

75 1351 442 1405 Διωκάθειν
510 1349 666 1405 κοινὸν
719 1347 946 1414 Δωριέων
1006 1348 1094 1400 καὶ
1156 1349 1346 1401 Ἰώνων·
1407 1349 1658 1401 διώκειν
1718 1351 2064 1412 Ἑλληνικῶς,

73 1446 169 1495 aut
209 1440 578 1506 ΔιέΦθορεν
616 1439 888 1497 Ἀττικῶς.
930 1435 1343 1503 διέφθαρκεν
1383 1439 1717 1496 Ἑλληνικῶς.
1787 1435 1930 1490 Nihil
1963 1438 2066 1491 sci-

71 1545 134 1583 re
171 1534 394 1599 apparet
433 1543 558 1581 eum
595 1525 688 1596 qui
739 1524 979 1578 Atticum
1032 1531 1087 1577 et
1132 1539 1475 1578 communem
1518 1522 1730 1577 dicendi
1773 1540 1932 1578 usum
1986 1526 2077 1583 sic,

73 1615 379 1687 distinguit.
460 1613 653 1669 Omnia
696 1611 827 1666 haec
874 1613 1070 1666 Atticis
1109 1611 1330 1683 perinde
1379 1611 1579 1665 usitata
1620 1618 1785 1677 sunt,
1826 1612 1919 1667 sed
1952 1612 2066 1685 ple·

75 1719 242 1775 taque
299 1710 448 1758 certo
505 1701 822 1756 discrimine
875 1698 1125 1754 diremta.
1204 1700 1477 1761 Ἀνύσας
1538 1700 1692 1765 λέγε
1751 1708 1834 1756 est
1889 1722 2063 1770 παρα-

73 1798 261 1861 χρῆμα
301 1791 467 1857 λέγε,
507 1788 599 1845 sed
640 1789 930 1843 συνελὼν
972 1789 1140 1854 λέγε
1191 1787 1463 1859 significat
1503 1788 1635 1853 λέγε
1673 1789 1758 1843 διὰ
1796 1790 2062 1859 βραχέων.

75 1880 287 1935 Διώκειν
327 1894 581 1952 praesens
620 1884 731 1941 est,
774 1878 1035 1931 διωκαθεῖν
1067 1877 1302 1931 aoristus
1342 1876 1672 1942 Atticorum,
1723 1879 1811 1932 cui
1858 1878 2064 1935 similes

74 1975 203 2023 sunt
258 1967 445 2023 aoristi
497 1967 813 2033 ἀμυναθεῖν,
870 1965 1125 2033 εἰργαθεῖν
1146 2007 1161 2029 ,
1216 1966 1436 2019 εἰκαθεῖν
1492 1964 1805 2038 (ὑπεικαθεῖν
1827 2005 1847 2029 ,
1889 1988 2064 2037 παρει-

72 2055 267 2128 καθεῖν)
309 2062 363 2111 et
400 2057 685 2117 ἅλκαθεῖν,
726 2069 956 2125 quarum
998 2051 1293 2107 formarum
1336 2070 1517 2108 veram
1560 2053 1823 2109 rationem
1867 2057 2065 2111 acutis·

72 2145 210 2199 sime
263 2143 538 2215 perspexit
595 2140 886 2196 Elmsleius
938 2140 1004 2195 ad
1056 2141 1293 2197 Medeam
1343 2158 1424 2196 νε.
1469 2144 1594 2196 186.
1674 2142 1878 2198 Memor
1928 2145 2065 2199 anti·

72 2232 167 2304 qui
217 2231 385 2286 moris
425 2230 671 2285 Iulianus
726 2230 947 2302 scripsit
1002 2247 1052 2302 p.
1090 2233 1197 2284 257
1234 2231 1294 2284 A.
1335 2231 1411 2296 μὴ
1463 2228 1757 2300 tin-sindone.
1838 2232 1899 2286 ln
1949 2231 2064 2287 Pla-

72 2321 217 2376 tonis
269 2318 521 2392 Sophista
572 2335 624 2391 p.
661 2321 769 2373 254
813 2318 874 2373 D.
931 2318 1055 2372 libri
1114 2335 1300 2374 omnes
1353 2319 1666 2390 conspirant
1707 2319 1760 2372 in
1814 2321 1905 2375 ἐὰν
1961 2318 2064 2390 ἄρα

74 2410 195 2475 ἡμῖν
234 2428 306 2477 πη
344 2408 769 2475 παρεικασθῇ,
824 2406 967 2462 unde
1008 2413 1245 2462 veterem
1291 2407 1619 2478 scripturam
1666 2409 1950 2480 παρεικάθῃ
1990 2407 2064 2464 fe-

0 2526 2 2568 ;
32 2543 34 2546 .
71 2495 249 2552 liciter
286 2494 588 2550 Boeckhius
626 2496 787 2550 eruit.

0 2577 1 2597 ¹
146 2583 407 2640 Dicebant
461 2582 816 2639 Athenienses
855 2585 1079 2639 ἀπεῖπον
1121 2590 1174 2639 et
1222 2585 1420 2638 ἀπεῖπε
1467 2590 1522 2638 et
1578 2583 1874 2651 ὥπείπομεν
1897 2624 1911 2648 ,
1969 2585 2063 2641 sed

39 2729 45 2739 ,,
71 2673 128 2729 in
167 2670 404 2728 secunda
443 2686 671 2744 persona
705 2673 944 2735 ἀπεῖπας
990 2679 1043 2728 et
1097 2671 1405 2737 ἀπείπατε,
1461 2671 1912 2743 quemadmodum
1952 2675 2064 2739 ἤνε-

70 2780 199 2829 γκον
238 2760 332 2816 sed
370 2762 635 2826 ἤνεγκας,
686 2768 746 2815 ut
797 2777 960 2833 supra
1001 2759 1354 2815 ostendimus.
1433 2760 1743 2829 Γράφασθαι
1785 2767 1966 2817 autem
2009 2770 2066 2817 et

73 2849 283 2920 γράψαι
342 2847 670 2904 confundere
741 2855 977 2921 quantae
1044 2847 1349 2920 imperitiae
1402 2849 1514 2903 est!
1595 2849 1878 2905 Praeterea
1944 2848 2066 2907 vide

74 2952 237 3011 quam
290 2935 466 2992 sutilia
520 2938 781 3008 magister
830 2936 1051 2992 doceat:
1113 2938 1393 3000 Βήττειν
1448 2941 1721 2999 Ἀττικῶς.
1779 2939 2064 3006 βήσσειν

72 3030 403 3088 Ἑλληνικῶς.
485 3025 701 3080 Poterat
740 3026 973 3097 spissum
1013 3024 1212 3079 librum
1254 3024 1491 3080 scribere
1528 3025 1575 3079 si
1617 3024 1744 3081 talia
1785 3027 2064 3084 cumulare

70 3112 364 3178 voluisset,
402 3111 704 3168 cuiusmodi
747 3121 901 3169 sunt:

224 3203 603 3272 Ευμφώνως
644 3206 914 3263 Ἀττικῶς.
956 3202 1333 3272 συμφώνως
1373 3207 1686 3265 Ἑλληνικῶς
1714 3204 1801 3258 καὶ
1836 3209 2020 3266 κοινῶς.

227 3290 463 3358 Ξυνωρί
474 3310 500 3351 ς
540 3292 826 3353 Ἀττικῶς,
870 3291 1138 3358 συνωρίς
1178 3295 1509 3353 Ἑλληνικῶς.

221 3377 468 3444 Ξύμμα
482 3397 597 3446 χοι
641 3379 662 3403 ⁴
708 3383 1021 3440 Ἑλληνικῶς
1061 3377 1148 3433 καὶ
1191 3381 1379 3439 κοινῶς.

81 3461 171 3517 ubi
206 3462 380 3535 palam
420 3472 502 3520 est
545 3465 810 3522 excidisse
858 3466 1142 3530 Ἀττικῶς,
1191 3467 1492 3535 σύμμαχοι.
1574 3466 1829 3539 Turpiter
1863 3465 2063 3524 labitur

86 3551 138 3604 in
178 3566 326 3623 seqq.

232 3641 421 3706 Ξυρόν
460 3648 664 3710 μακρῶς
707 3649 976 3706 Ἀττικῶς.
1018 3643 1262 3712 βραχέως
1304 3649 1633 3705 Ἑλληνικῶς.
