2436 4068
1310 225 1413 274 512

351 373 486 429 conf.
529 371 971 426 Valckenaerium
1011 367 1075 421 ad
1119 365 1372 420 Herodoti
1416 366 1574 420 verba
1611 367 1721 422 VII.
1770 374 1854 423 15.
1900 371 2095 437 πέμπει
2148 372 2321 438 ἄγγε-

349 476 434 516 λον
475 460 558 514 ἐπὶ
599 458 922 527 Ἀρτοὲβανον
964 454 1291 526 [καλέοντα].
1373 454 1720 510 Theramenis
1761 458 2010 512 morituri
2048 460 2224 514 iocum
2265 463 2321 515 in

352 548 649 604 Hellen.11.
685 564 758 599 111.
804 548 891 598 56.
934 543 1084 597 scioli
1125 542 1538 614 interpolarunt:
1581 542 1789 611 ἔφασαν
1823 548 2324 613 ἀποκοτταβίσαντα

350 640 509 692 εἰπεῖν
550 634 705 689 αὐτόν
731 652 741 664 ·
796 632 976 701 Κριτία
1026 632 1186 704 [τοῦτ’
1228 629 1347 704 ἔςω]
1393 632 1461 699 τῷ
1496 633 1638 699 καλῷ
1662 673 1675 693 ,
1731 636 2014 703 expunctis
2046 638 2186 690 τοῦτ’
2226 636 2322 694 ἔςω

352 726 520 778 oratio
561 721 754 775 referet
794 720 1034 774 Atticum
1075 718 1286 772 dicendi
1319 719 1566 773 colorem.
1647 719 1887 784 Atticos,
1928 722 1974 774 si
2011 724 2139 793 quid
2177 723 2324 778 addi-

353 813 586 874 dissent,
636 826 741 862 non
782 807 877 864 ἔςω
918 806 1009 860 sed
1054 806 1130 869 εἴη
1182 806 1421 860 dicturos
1475 805 1642 860 fuisse
1689 808 1957 878 probabile
1995 817 2095 868 est.
2175 812 2324 866 Com·

354 916 482 972 para
523 897 884 968 fragmentum
925 894 1202 966 Euripidis
1244 894 1384 966 apud
1426 893 1618 948 Athen.
1663 912 1713 966 p.
1751 898 1858 949 427
1899 896 1965 950 E.

655 986 810 1040 πεσὸν
851 984 903 1039 δέ
944 1005 1015 1038 νιν
1054 983 1268 1045 λέληθεν
1306 984 1442 1037 οὐδὲν
1484 984 1540 1036 ἐκ
1578 984 1729 1051 χερός

655 1075 781 1127 ἀλλ’
821 1073 965 1132 εὐθὺς
1006 1073 1174 1141 αὐδᾷ·
1218 1072 1298 1138 τῷ
1338 1072 1651 1139 Κορινθίῳ
1691 1070 1868 1140 ξένῳ.

357 1171 408 1218 et
448 1161 822 1232 Aristophanis
861 1160 1119 1229 παρῳδίαν
1160 1160 1216 1212 in
1258 1157 1576 1229 Thesmoph.
1620 1162 1746 1213 405.

431 1253 492 1305 ln
533 1249 734 1304 Hellen.
757 1249 822 1303 II.
858 1265 924 1303 lv.
963 1253 1047 1303 10.
1089 1248 1232 1302 κατα
1267 1250 1357 1310 τὴν
1397 1249 1467 1308 εἷς
1489 1249 1574 1300 τὸν
1601 1250 1819 1314 Πειραιοῖ
1850 1247 2106 1313 ἁμαξιτὸν
2151 1250 2360 1323 [οένα]-.

358 1341 640 1410 φέρουσαν,
683 1336 915 1408 simplici
951 1336 1110 1390 verbo
1149 1353 1281 1408 opus
1323 1342 1432 1390 est:
1474 1333 1580 1396 ὁδός
1622 1334 1823 1388 dicitur
1860 1336 2031 1404 φέρειν
2069 1358 2186 1401 ποι,
2226 1355 2331 1392 non

358 1428 633 1497 ἀναφέρειν
670 1442 840 1496 neque
889 1423 1222 1493 καταφέρειν.
1305 1423 1360 1478 Si
1396 1423 1706 1494 compositis
1755 1424 1810 1476 in
1850 1440 1912 1478 ea
1950 1442 2009 1479 re
2048 1425 2333 1480 Athenien-

360 1535 443 1571 ses
478 1517 558 1570 usi
600 1513 826 1568 fuissent
860 1512 1257 1580 καταφέρουσαν
1298 1511 1502 1565 dictum
1539 1510 1841 1582 oportebat,
1882 1513 2332 1583 quemadmodum

362 1604 702 1670 καταβαίνειν
744 1603 812 1662 εἷς
847 1603 1062 1668 Πειραιοῖ
1099 1601 1399 1654 necessario
1433 1598 1681 1653 dicebant
1721 1605 1774 1653 et
1813 1601 1884 1660 εἷς
1922 1602 2069 1655 πόλιν
2105 1604 2336 1669 ἀναβαί-

359 1714 455 1747 νειν
496 1698 549 1745 et
587 1692 658 1750 εἷς
698 1688 800 1746 ἄςυ
836 1690 891 1742 ἐκ
925 1690 1019 1754 μὲν
1058 1694 1301 1755 Πειραιῶς
1336 1688 1668 1752 ἀναβαίνειν,
1709 1688 1766 1741 ἐκ
1804 1689 1856 1741 δὲ
1895 1697 1987 1752 τῆς
2023 1688 2191 1753 ἄλλης
2230 1692 2334 1759 χώ·

356 1802 446 1849 ρας
487 1779 846 1844 καταβαίνειν.

434 1867 825 1923 Gravissimum
863 1881 1096 1919 errorem
1141 1863 1463 1936 deprehendi
1501 1865 1557 1917 in
1591 1863 1681 1917 111.
1724 1882 1758 1918 1.
1802 1869 1852 1918 4.
1902 1865 2186 1932 νομίζοντες
2228 1866 2334 1933 κέρ-

359 1960 439 2019 δος
460 1959 529 2025 τῷ
565 1957 705 2023 δήμῳ
739 1956 780 2008 εἶ
830 1952 1183 2026 [ἀποδημοῖεν]
1230 1954 1315 2007 καὶ
1349 1952 1691 2007 ἐναπόλοιντο.
1749 1953 1948 2006 Aoristi
1972 1969 2102 2007 usus
2140 1953 2205 2008 ab
2242 1953 2337 2008 hu-

359 2044 590 2100 iusmodi
645 2042 908 2096 sententia
959 2058 1180 2112 prorsus
1233 2040 1522 2102 abhorret,
1585 2058 1721 2111 quae
1776 2040 2010 2112 postulat
2065 2041 2332 2097 futurum.

357 2135 544 2205 Itaque
581 2140 732 2186 muta
773 2137 1054 2184 accentum
1097 2136 1148 2182 et
1190 2129 1328 2199 quod
1375 2130 1738 2182 necessarium
1774 2135 1855 2183 est
1895 2128 2147 2194 habebis,
2193 2147 2334 2184 nem-

359 2239 424 2295 pe
476 2223 818 2276 ἐναπολοῖντο.
900 2216 1111 2289 Optime
1159 2233 1254 2287 pro
1306 2216 1562 2285 μάχοιντο
1616 2216 1857 2272 Dindorf.
1899 2217 1986 2271 Vl.
2028 2235 2095 2271 lv.
2139 2223 2193 2274 6.
2255 2235 2335 2272 re·

361 2310 539 2363 stituit
586 2314 842 2375 μαχοῖντο
896 2317 948 2359 et
986 2305 1092 2358 vidi
1135 2304 1468 2376 saepiuscule
1521 2304 1691 2372 μάχει
1740 2304 1822 2359 vel
1877 2305 2035 2375 μάχῃ
2073 2306 2127 2358 in
2177 2304 2335 2359 Codd.

360 2414 474 2453 esse
516 2397 607 2450 ubi
645 2395 889 2449 futurum
931 2401 1110 2461 μαχεῖ
1146 2395 1406 2464 scriptum
1450 2393 1704 2464 oportuit.
1783 2391 2002 2447 Videbis
2044 2392 2098 2446 id
2143 2394 2336 2448 vitium

361 2486 443 2539 bis
492 2502 521 2539 a
560 2484 774 2538 Criticis
828 2481 1055 2536 feliciter
1104 2481 1372 2535 sublatum
1426 2498 1540 2536 esse
1594 2483 1649 2535 in
1702 2481 2073 2552 Aristophanis
2127 2482 2334 2552 Equitt.

361 2578 486 2628 417.
529 2579 581 2626 et
627 2573 682 2625 in
734 2571 893 2641 Vesp.
936 2574 1076 2631 191,
1120 2569 1212 2622 ubi
1253 2569 1424 2635 μάχει
1480 2570 1534 2622 in
1580 2571 1798 2641 optimis
1850 2569 2012 2626 Codd.
2072 2570 2336 2641 scriptum

360 2663 413 2715 in
455 2668 633 2729 μαχεῖ
677 2665 758 2713 est
808 2657 1169 2713 emendatum.
1250 2657 1452 2712 Eadem
1504 2657 1770 2712 medicina
1827 2657 2087 2711 utendum
2144 2665 2226 2712 est
2282 2659 2337 2711 in

360 2750 562 2804 Avibus
618 2766 695 2802 vs‚
737 2751 843 2801 759
873 2790 884 2810 ‚
944 2746 1036 2799 ubi
1073 2745 1303 2815 legitur:
1356 2743 1467 2814 αἶρε
1505 2755 1760 2813 πλῆκτρον
1805 2748 1846 2800 εἰ
1886 2746 2094 2814 μάχει,
2135 2745 2227 2800 sed
2266 2745 2336 2800 le-

360 2838 591 2909 gendum
632 2853 747 2891 esse
789 2838 830 2890 εἶ
866 2842 1045 2902 μαχεῖ
1081 2833 1234 2888 facile
1272 2834 1492 2888 videbis,
1571 2834 1771 2905 Nempe
1805 2834 1882 2887 sic
1918 2834 2019 2904 ipsi
2060 2833 2338 2889 dicebant:
2427 2881 2430 2894 .

359 2927 523 2992 κέρδος
567 2927 635 2992 τῷ
676 2926 817 2991 δήμῳ
854 2925 896 2977 εἰ
939 2924 1024 2977 καὶ
1066 2924 1454 2977 ἔναπολοῦνται.
1531 2923 1675 2992 Ergo
1716 2921 2063 2975 manifestum
2093 2929 2174 2976 est
2209 2925 2336 2976 απο-

359 3015 561 3078 δημοῖεν
602 3013 900 3066 insiticium
952 3029 1082 3065 esse.
1163 3010 1298 3065 Ibid.
1342 3011 1435 3065 III.
1475 3029 1510 3065 1.
1556 3014 1643 3064 27.
1699 3011 1807 3064 ἐπεὶ
1849 3011 1900 3064 δὲ
1940 3011 2154 3078 θυομένῳ
2193 3013 2333 3078 αὐτῷ

359 3105 447 3156 οὐκ
494 3102 732 3164 ἐγίγνετο
782 3100 852 3153 τα
894 3101 1004 3167 ἱεροὶ
1059 3101 1147 3172 [τῇ
1198 3099 1390 3171 πρώτῃ]
1449 3107 1512 3167 τῇ
1560 3100 1771 3167 ὑςεραία
1825 3098 1984 3152 πάλιν
2036 3097 2233 3161 ἐθύετο,
2287 3099 2333 3151 si

360 3188 650 3244 addidisset
691 3187 980 3258 Xenophon
1033 3188 1336 3257 scripsisset
1375 3195 1439 3255 τῇ
1482 3189 1650 3255 πρώτῃ
1691 3186 1881 3255 ἡμέρα,
1937 3184 2028 3239 sed
2069 3187 2333 3256 optimum

355 3277 504 3337 factu
559 3281 639 3330 est
686 3273 876 3328 delere.
966 3275 1095 3328 lbid.
1137 3276 1226 3329 III.
1280 3294 1314 3328 1.
1359 3279 1447 3329 22.
1510 3276 1531 3327 ὂ
1592 3275 1644 3327 δὲ
1701 3274 1918 3333 Μειδίας
1981 3273 2332 3340 παρεπόμενος

361 3367 552 3436 [αὐτῷ]
594 3362 730 3426 ἠξίου
770 3364 861 3423 τὴν
904 3368 999 3415 τῶν
1040 3365 1305 3430 Γεργιθίων
1349 3364 1494 3416 πόλιν
1536 3362 1846 3426 παραδοῦναι
1891 3362 2030 3428 αὐτῷ
2056 3404 2070 3425 ,
2123 3362 2167 3414 si
2204 3361 2334 3416 haec

362 3453 500 3507 serre
535 3459 684 3522 potes
720 3449 953 3503 nondum
999 3453 1128 3504 satis
1177 3451 1402 3505 nitidam
1444 3451 1699 3503 Veterum
1742 3450 2178 3519 compositionem
2223 3451 2334 3503 ani·
2416 3501 2418 3527 ἓ

360 3539 715 3593 madvertisti.
795 3537 926 3592 Ihid.
963 3538 1055 3592 III.
1102 3557 1135 3592 1.
1180 3542 1267 3592 26.
1322 3537 1443 3592 ὅπου
1490 3545 1657 3592 κεῖται
1701 3536 1772 3590 τοὶ
1817 3538 2027 3598 Μανίας
2076 3539 2163 3591 καὶ
2214 3536 2328 3610 [τα]

363 3627 738 3696 Φαρναβάζου,
780 3625 962 3682 eadem
1003 3626 1131 3681 haec
1185 3633 1344 3689 sunt,
1395 3627 1573 3695 itaque
1615 3624 1761 3679 fraus
1813 3633 2065 3696 apparet:
2109 3642 2209 3678 non
2247 3642 2334 3694 po·
2414 3620 2415 3654 ³
