2436 4068
1353 242 1457 294 488

414 387 815 450 emendatione,
857 402 1016 457 quam
1066 400 1228 455 supra
1274 385 1844 439 commemoravimus:
1887 387 2381 451 Λακεδαιμονίὁ

414 498 510 537 οις
550 478 644 541 μὲν
676 475 762 529 καὶ
806 479 902 528 τῶν
942 473 1244 539 ἀρχαίων
1284 471 1586 539 συμμάχων
1625 473 1989 540 ὑπαρχόντων,
2030 473 2119 527 ubi
2161 473 2381 528 eandem

412 581 585 634 nuper
625 581 654 616 a
692 561 961 635 Badhamo
993 567 1260 632 repertam
1301 577 1418 615 esse
1449 560 1719 624 vidimUS‚
1759 578 1916 631 quem
1959 561 2185 615 Dobraei
2224 578 2384 615 anno·-

411 653 544 705 tatio
583 649 856 704 fefellerat.
937 647 1025 701 Sic
1064 648 1199 702 aliae
1226 648 1528 719 complures
1568 647 1858 718 palmariae
1891 648 2287 703 emendationes
2327 650 2380 702 in

413 739 638 793 Dobraei
680 736 1014 791 Adversariis
1064 735 1224 789 verbo
1275 743 1489 790 tantum
1528 735 1794 789 indicatae
1846 736 2091 790 Editores
2133 736 2382 807 fugiunt,

414 827 503 897 qui
545 842 704 896 saepe
743 823 990 894 frugibus
1030 824 1256 894 repertis
1295 823 1580 894 glandibus
1619 832 1928 878 vescuntur.

487 912 794 968 Dindorfius
839 928 1012 983 neque
1051 912 1278 967 Dobraei
1318 928 1491 983 neque
1531 910 1786 965 Badhami
1842 913 2125 967 immemor
2173 912 2384 966 verissi-

410 1018 554 1056 mam
594 1000 980 1055 correctionem
1019 1001 1238 1072 recepit.

486 1091 546 1144 In
589 1094 617 1162 §
654 1093 746 1143 29.
801 1087 1066 1156 βάρβαρον
1106 1088 1200 1153 μὲν
1241 1086 1390 1141 πόλιν
1428 1088 1666 1152 οὐδεμίαν
1701 1089 2024 1153 ἠθελήσαμεν
2058 1096 2383 1156 κατασχεῖν,

411 1178 692 1240 Ἑλληνίδα
724 1178 776 1231 δὲ
808 1179 878 1237 εἷς
913 1172 972 1237 ἣν
1007 1177 1204 1244 πρώτην
1230 1174 1444 1249 [πόλιν]
1491 1175 1707 1240 ἤλθομεν
1739 1176 1935 1237 ταύτην
1978 1174 2383 1241 ἐξαλαπάξομεν

412 1276 523 1321 tam
579 1262 909 1335 ineleganter
944 1272 997 1318 et
1045 1270 1258 1335 praeter
1294 1270 1537 1316 veterum
1589 1278 1795 1316 morem
1844 1265 2135 1334 repetitum
2174 1271 2255 1318 est
2290 1263 2384 1318 πό-

409 1369 526 1419 λιν,
580 1360 641 1407 ut
696 1368 916 1423 prorsus
969 1351 1276 1422 Hirschigio
1325 1351 1592 1404 assentiar
1643 1352 2012 1422 importunum
2068 1351 2386 1406 vocabulum

410 1442 705 1496 inducenti.
784 1440 1067 1493 Praeterea
1119 1439 1323 1492 inserta
1375 1438 1563 1493 vocula
1615 1439 1668 1493 δέ
1708 1438 2052 1493 scribendum
2105 1439 2302 1502 ταύτην
2343 1442 2387 1495 δ’

410 1528 819 1594 ἐξαλαπάξομεν
870 1543 932 1581 ea
981 1526 1046 1580 de
1097 1543 1297 1591 causa,
1357 1544 1516 1598 quam
1569 1544 1731 1598 supra
1783 1527 1970 1581 multis
2026 1529 2386 1599 exposuimus.

410 1617 617 1672 Novum
657 1614 957 1686 exemplum
1007 1615 1312 1686 suppeditat
1361 1614 1743 1669 Demosthenes
1790 1617 1843 1668 in
1906 1614 2050 1669 Orat.
2096 1620 2185 1670 48.
2235 1616 2387 1683 §59.

410 1704 446 1761 ὁὶ
480 1708 523 1761 δ’
559 1706 663 1770 ἐγὼ
700 1705 787 1772 ἐρῶ
827 1704 947 1770 πρὸς
990 1704 1130 1767 ὑμᾶς
1168 1733 1244 1742 --
1282 1707 1458 1756 ταῦτα
1499 1703 1550 1756 δὲ
1592 1702 1799 1756 ὑπόνοια
1836 1704 2048 1767 οὐδεμία
2091 1703 2222 1760 ἔςαι.

486 1795 545 1848 In
587 1801 615 1867 ξ
651 1796 738 1847 53.
792 1793 847 1845 οὐ
893 1791 1106 1858 φεύγων
1146 1791 1236 1852 τὴν
1277 1789 1516 1844 Ἑλλοέδα
1565 1791 1828 1858 περιῄει
1869 1791 2019 1844 ἀλλὰ
2057 1797 2385 1858 ςρατηγιῶν,

409 1889 713 1937 monstrum
754 1879 1000 1934 lectionis
1040 1880 1345 1947 περιῄεισιν,
1386 1877 1526 1949 quod
1565 1877 1806 1931 nonnulli
1859 1877 1982 1931 libri
2030 1878 2260 1944 habent,
2302 1897 2386 1935 ve·

407 1987 499 2025 rae
549 1970 848 2040 scripturae
895 1969 1115 2034 περιῄειν
1154 1966 1381 2036 vestigia
1433 1973 1641 2029 servat,
1684 1965 1843 2036 idque
1894 1966 2230 2037 Xenophonti
2269 1968 2386 2023 red·

408 2058 661 2113 dendum.
743 2056 886 2110 Satis
927 2055 1414 2108 demonstravimus
1456 2062 1611 2109 antea
1660 2054 1711 2107 in
1755 2061 1955 2124 quanto
1994 2055 2228 2125 periculo
2263 2055 2384 2110 illae

410 2146 611 2200 lormae
651 2144 855 2198 soleant
889 2143 1107 2196 versari.
1187 2142 1299 2196 Non
1341 2142 1607 2195 habebant
1643 2142 1887 2196 Graeculi
1925 2143 2156 2197 Atticam
2199 2161 2382 2198 aurern

408 2241 464 2289 et
504 2232 632 2304 quid
675 2231 996 2285 mirabimur
1036 2231 1164 2283 istos
1186 2231 1376 2297 περιῄει
1421 2230 1570 2284 ἄλλα
1593 2229 1731 2284 serre
1773 2248 1954 2301 posse,
1997 2247 2161 2301 quum
2200 2232 2383 2286 statim

408 2327 436 2391 ἕ
474 2327 563 2376 54.
605 2321 749 2387 παρα
787 2317 1124 2383 Ἀναξιβίου,
1166 2326 1216 2371 et
1254 2317 1379 2371 alibi
1421 2318 1564 2385 παρα
1606 2319 1839 2385 Ἀριαίῳ,
1880 2318 2024 2384 παρα
2060 2320 2383 2386 Ἀριςίππῳ,

410 2410 552 2476 μετα
611 2408 813 2467 ἀδικίας
870 2413 924 2460 et
973 2405 1076 2459 alia
1132 2404 1441 2458 huiusmodi
1497 2412 1746 2459 sexcenta
1810 2406 2149 2477 aequissimis
2211 2405 2384 2462 ferant
2429 2416 2436 2439 ·’·

406 2497 666 2559 auribuS‚
707 2512 842 2566 quae
888 2495 1066 2548 omnia
1123 2493 1258 2546 bona
1309 2493 1411 2547 fide
1463 2494 1699 2547 retinent
1749 2493 2010 2548 Editores.
2090 2494 2254 2548 Nemo
2309 2503 2382 2550 ta·
2432 2491 2436 2494 ’

410 2602 531 2640 men
572 2585 744 2638 nescit
784 2582 1087 2637 scribarum
1129 2580 1225 2635 hos
1261 2598 1376 2635 esse
1419 2598 1663 2646 erroreS,
1705 2582 1796 2652 qui
1830 2582 1986 2636 elisas
2023 2580 2230 2636 vocales
2265 2600 2381 2654 pas-

405 2674 509 2727 sim
550 2673 712 2727 etiam
754 2671 894 2743 apud
935 2677 1116 2742 poetas
1168 2669 1372 2724 addunt
1423 2669 1487 2724 de
1535 2687 1648 2723 suo,
1730 2669 1982 2723 Putidum
2033 2677 2173 2724 esset
2220 2670 2421 2726 huius'

406 2762 487 2816 rei
523 2760 762 2832 exempla
796 2758 1018 2821 afferre,
1060 2759 1165 2812 nisi
1215 2756 1598 2829 perridiculum
1638 2757 1938 2829 exemplum
1981 2765 2120 2812 esset
2160 2758 2226 2812 ad
2266 2776 2380 2814 ma·
2414 2769 2417 2773 '

409 2866 558 2903 num.
637 2849 943 2903 Demetrius
993 2846 1104 2913 περὶ
1157 2847 1422 2913 ἑρμηνείας
1469 2850 1622 2916 §70.
1677 2846 1897 2900 scribit:
1955 2846 2129 2899 πολλοὶ
2187 2848 2239 2900 δὲ
2291 2849 2378 2902 καὶ

404 2937 552 2992 ἄλλα
587 2938 638 2990 ἐν
676 2940 968 3004 συναλοιφῇ
1001 2935 1096 3001 μὲν
1124 2934 1391 2999 λεγόμενα
1430 2935 1676 3001 δύο-φωνα
1718 2930 1773 2995 ἦν
1795 2975 1810 2998 ,
1849 2934 2162 3001 διαιρεθέντα
2197 2935 2247 2988 δὲ
2287 2935 2373 2989 καὶ
2400 2966 2418 2997 .;

402 3023 815 3092 συγκρουσθέντα
866 3022 1225 3091 εὐφωνότερα,
1265 3025 1328 3083 ὡς
1378 3022 1474 3075 τό·
1529 3021 1756 3076 πάντα
1794 3022 1912 3087 μὲν
1964 3022 2047 3075 τα
2099 3021 2213 3075 νέα
2265 3021 2422 3095 menig}

405 3112 587 3169 καλοὶ
627 3114 794 3174 ἐςιν,
845 3113 886 3164 εἰ
928 3111 979 3164 δὲ
1019 3111 1342 3178 συναλείψας
1382 3109 1541 3169 εἴποις
1565 3128 1578 3139 ·
1619 3108 1800 3163 καλοὶ
1834 3111 1963 3166 ’ἐςιν
2003 3106 2416 3184 δυο-φανότερονξῖ

403 3202 535 3260 ἔςαι.
613 3200 756 3270 Ergo
797 3214 968 3268 neque
1014 3198 1222 3252 scribae
1258 3214 1430 3268 neque
1470 3195 1701 3251 editores
1740 3196 1869 3267 quid
1920 3196 2121 3250 diceret
2176 3197 2376 3252 Rhetor
2401 3185 2413 3237 ἶ

388 3290 775 3360 >cogitaverunt
814 3285 908 3340 sed
946 3285 1091 3338 aliud
1128 3291 1346 3356 agentes
1385 3286 1427 3338 εἰ
1469 3285 1520 3338 δὲ
1561 3285 1962 3350 συναλείψας
2002 3283 2159 3346 εἴποις
2200 3284 2371 3339 καλοὶ
2396 3317 2405 3350 3

399 3380 503 3434 ἒςιν
539 3393 636 3448 pro
676 3373 830 3429 κάλ’
872 3374 976 3430 ε’ςίν
1025 3372 1418 3427 substituerunt
1452 3378 1504 3425 et
1538 3371 1852 3426 oscitantiae
1893 3373 2236 3428 memorabile
2281 3373 2369 3427 do·
2395 3360 2405 3401 3‘

398 3472 712 3519 cunientum
759 3460 1036 3517 dederunt.
1117 3461 1220 3514 Eat
1274 3476 1416 3514 nunc
1469 3458 1662 3529 aliquis
1715 3466 1765 3513 et
1823 3459 1876 3512 in
1935 3459 2028 3514 tali
2075 3478 2134 3516 re
2187 3460 2398 3518 credat

394 3552 645 3607 librariiS.
