2436 4068
1016 210 1122 260 429

99 357 239 430 apud
287 355 711 411 Grammaticum
756 354 981 409 Bekkeri
1023 352 1176 407 nihili
1221 353 1537 408 vocabulum
1587 354 1986 422 ακολαςοὶματα
2029 359 2081 412 in

99 443 528 510 ἑκολαςοὶσματα
569 442 891 507 emendanS,
946 443 1247 498 rectissime
1302 443 1515 505 omnia,
1575 449 1634 496 ut
1688 442 1852 498 vides,
1932 445 2082 501 Grati

99 534 167 588 ab
203 532 387 586 eodem
450 533 709 601 magistro
749 530 1008 584 docemur
1045 529 1121 585 ὅτι
1160 532 1204 584 οἱ
1243 530 1574 598 Ἐπικούρειοι
1622 533 1920 600 κατακόρως
1973 533 2083 588 ἔλε-

97 641 191 686 γον
250 619 814 685 ἀκολαςοέσματα,
874 617 1015 691 quod
1082 619 1134 671 in
1196 617 1302 671 illis
1352 635 1509 673 nemo
1561 620 1866 676 mirabitur.
1948 622 2085 677 Hinc

99 710 267 781 igitur
305 707 595 780 Alciphron
634 723 731 760 sua
773 711 1056 759 mutuatus
1096 712 1193 760 est.
1276 705 1534 761 Videmus
1569 715 1749 763 autem
1784 710 2086 769 ἀκολαςασ·

97 819 203 864 μα,
243 812 413 868 quum
446 794 572 849 olim
609 794 906 849 multorum
938 810 1039 847 usu
1079 793 1271 846 tritum
1315 793 1634 849 vocabulum
1674 794 1897 864 fuisset,
1938 815 2084 854 nunc

100 901 366 957 nusquam
403 885 676 954 integrum
730 883 785 936 in
821 881 974 935 libris
1014 887 1257 945 exstare,
1300 898 1407 953 quo
1450 883 1623 954 magis
1665 884 1800 938 mihi
1850 893 1979 941 sunt
2018 886 2085 942 de

97 972 290 1028 mendo
336 972 573 1044 suspecti
624 970 725 1025 loci
749 1013 763 1034 ‚
806 969 897 1024 ubi
937 985 1084 1023 nunc
1123 971 1519 1035 ἀκολαςῆματα
1560 969 1762 1041 legitur
1797 979 1851 1027 et
1888 977 2083 1030 οὶκολα-

93 1062 287 1125 ςητέον.
367 1060 532 1114 Nemo
570 1059 714 1114 enim
771 1058 1097 1114 Graecorum
1134 1059 1416 1116 ακολαςεῖν
1457 1057 1593 1111 dixit
1638 1075 1934 1131 umquam,
1991 1063 2084 1118 sed

94 1168 160 1206 ex
196 1150 455 1210 ἀκόλαςος
492 1147 796 1202 formarunt
845 1146 1206 1210 ακολαςαίνω,
1260 1144 1715 1218 quemadmodum
1767 1165 1833 1203 ex
1881 1151 2083 1219 μωρός,

94 1239 298 1307 ἄγριος,
337 1237 618 1306 χαλεπός,
657 1236 938 1297 δύσκολος,
995 1235 1282 1303 δυσχερής,
1324 1235 1577 1301 δυσμενής
1619 1234 1936 1293 derivarunt
1974 1260 2082 1305 μω-

93 1328 240 1396 ραίνω
263 1370 279 1389 ,
321 1326 568 1394 ἀγριαίνω
592 1368 607 1388 ,
649 1325 994 1393 χαλεπαίνω,
1034 1323 1347 1378 δυσκολαίνω
1370 1366 1384 1388 ,
1440 1324 1756 1392 δυσχεραίνω
1797 1333 1851 1380 et
1890 1328 2083 1394 δυσμε·

93 1417 278 1479 valum,
317 1430 454 1487 quae
494 1414 705 1478 omnia,
746 1419 804 1467 ut
859 1411 1042 1474 vides,
1085 1411 1283 1465 habent
1333 1410 1803 1484 reprehensionem
1849 1421 1901 1468 et
1935 1432 1965 1469 a
2007 1418 2083 1470 vi-

93 1504 183 1558 tiis
231 1503 393 1558 ducta
430 1509 574 1557 sunt.
657 1501 951 1572 Antiquius
1003 1507 1084 1554 est
1132 1501 1368 1570 αφραίνω
1422 1499 1566 1571 apud
1602 1500 1932 1567 Homerum,
1996 1522 2083 1560 sc·
2138 1536 2139 1539 ¹

88 1594 341 1663 quiorum
397 1590 619 1647 verbum
680 1596 763 1645 est
813 1588 1132 1653 ἀνοηταίνω,
1190 1587 1461 1644 veteribus
1514 1588 1839 1644 inauditum.
1933 1595 2079 1647 Ἀκο-

90 1682 355 1737 λαςαίνειν
414 1678 556 1751 apud
619 1676 1033 1750 Aristophanem
1081 1678 1188 1731 iam
1245 1677 1484 1731 occurrit
1547 1678 1600 1731 in
1652 1678 1828 1733 iocoso
1885 1680 2078 1737 Avium

92 1767 205 1822 loco
246 1786 322 1824 vs,
363 1772 526 1823 1225.

399 1856 672 1912 δεινότατα
712 1853 817 1922 γάρ
857 1874 931 1909 τοι
974 1853 1306 1920 πεισόμεσθ’,
1348 1855 1457 1920 ἐμοὶ
1489 1855 1667 1917 δοκεῖ,

394 1947 437 2000 εἰ
477 1950 575 1999 τῶν
614 1943 710 2009 μὲν
747 1942 924 1997 ἄλλων
965 1941 1198 2011 ἄρχομεν
1222 1985 1234 2006 ,
1277 1944 1423 2007 ὑμεῖς
1464 1944 1507 1998 δ’
1548 1945 1591 1997 οἱ
1633 1943 1731 1997 θεοί

392 2036 809 2094 οὶκολαςανεῖτε,
850 2032 1076 2086 κούδέπω
1118 2032 1366 2096 γνώσεσθ’
1407 2028 1483 2085 ὅτι

389 2120 664 2189 ἀκροατέον
705 2121 824 2184 ὑμῖν
863 2120 914 2173 ἐν
953 2119 1094 2186 μέρει
1136 2125 1233 2173 τῶν
1274 2118 1586 2187 κρειττόνων.

0 2214 1 2218 ’
82 2209 346 2281 adscripsi
386 2208 563 2263 locum
603 2209 914 2279 integrum,
958 2214 1017 2261 ut
1049 2207 1223 2261 obiter
1252 2206 1357 2260 dno
1397 2207 1527 2260 vitia
1572 2223 1635 2261 ex
1667 2223 1728 2261 eo
1766 2210 2075 2268 eximerem.

80 2298 401 2370 Requiritur
438 2298 582 2351 enim
639 2295 884 2350 futurum
926 2294 1143 2362 ἄρξομεν
1179 2302 1231 2350 et
1264 2296 1504 2363 οέκροατέ’
1545 2297 1681 2362 ὑμῖν.
1762 2297 2077 2355 Memorabi-

0 2409 2 2435 ι
85 2385 151 2440 lis
191 2385 362 2441 l'orma
408 2388 520 2440 visa
557 2392 641 2440 est
680 2384 1045 2440 Grammatico
1087 2385 1250 2439 Bekk.
1295 2383 1493 2439 Anecd.
1538 2402 1587 2456 p.
1626 2388 1764 2449 368,
1812 2390 1900 2442 26.
1983 2393 2072 2445 ’A-

0 2460 5 2545 Ῠ,
83 2483 547 2534 κολαςανεῖτε
592 2474 937 2543 Ἀριςοφοένης
981 2470 1124 2527 εἶπεν
1162 2473 1342 2539 ὁμοίως
1382 2474 1452 2542 τῷ
1492 2481 1900 2540 σημανεῖτε,
1943 2494 2070 2549 qua-

0 2606 4 2634 ³
82 2563 127 2616 si
168 2579 293 2618 vero
327 2581 388 2619 ea
421 2580 505 2618 res
541 2563 835 2636 quidquam
885 2562 1101 2617 haberet
1137 2561 1540 2626 admirationiS,
1581 2562 1674 2617 sed
1711 2562 1880 2618 solent
1913 2564 2071 2622 Grae·

3 2645 5 2658 “
81 2636 188 2704 οὐΙί
230 2651 497 2723 permulta
551 2669 675 2707 cum
731 2669 926 2723 magna
967 2651 1233 2722 gravitate
1282 2657 1568 2713 annotare,
1621 2668 1758 2722 quae
1801 2651 2069 2710 levissima

78 2745 134 2793 ct
188 2739 417 2812 puerilia
470 2747 614 2795 sunt.
699 2739 842 2795 Idem
897 2738 1051 2794 docet
1106 2737 1380 2794 Platonem
1441 2755 1653 2811 quoque
1703 2741 2070 2799 ἀκολαςαίνειν
2112 2734 2133 2754 ”

0 2820 5 2840 “
78 2823 291 2883 dixisse.
373 2828 536 2884 Docet
590 2828 731 2883 idem
780 2828 1129 2883 Antatticista
1183 2843 1236 2898 p.
1269 2830 1372 2892 80,
1414 2831 1504 2882 51.
1587 2827 1654 2883 Et
1686 2831 1901 2901 saepius
1951 2834 2069 2904 qui·

81 2912 199 2970 dem
250 2915 390 2988 apud
443 2916 716 2972 Platonem
775 2917 1012 2972 recurrit
1063 2915 1337 2986 aliosque,
1391 2914 1481 2970 sed
1529 2917 1811 2976 οέκολαςεῖν
1855 2919 2065 2977 nullum

0 3014 1 3023 ¹
81 3009 271 3059 testem
326 3004 483 3061 habet.
537 3012 590 3060 ct
646 3004 816 3059 forma
871 3011 953 3059 est
1006 3003 1198 3068 nihili,
1265 3002 1611 3075 quamohrem
1674 3007 1727 3060 in
1788 3007 2066 3064 Plutarchi

0 3105 1 3168 j
78 3090 267 3146 Crasso
315 3110 430 3165 cap.
476 3093 688 3149 XXXII.
745 3093 1075 3165 reposuerim
1128 3093 1227 3147 τῶν
1280 3100 1618 3155 Μιλησιακῶν
1682 3097 2063 3156 οὶκολαςασ-

77 3178 308 3245 μάτων
361 3199 456 3254 pro
518 3181 970 3248 ακολαςημοὶτων,
1024 3182 1362 3253 caeterisque
1403 3182 1564 3248 locis,
1623 3200 1756 3255 quos
1806 3185 2061 3258 Stephani

83 3265 325 3323 Editores
367 3269 777 3334 indicaverunt,
818 3278 870 3325 et
914 3269 1056 3342 apud
1097 3269 1422 3325 Clementem
1480 3271 1765 3327 Alexandr.
1821 3275 1874 3327 in
1935 3275 2062 3330 Pae-

78 3353 199 3426 ·lag.
239 3355 302 3410 ΙΙ.
348 3374 394 3429 p.
434 3362 539 3414 194
583 3359 643 3414 D.
698 3359 1056 3414 correxerim:
1099 3362 1152 3414 οὐ
1196 3361 1298 3425 μὴν
1331 3361 1432 3414 οὐδ’
1472 3362 1537 3420 ὡς
1578 3362 1628 3413 ἐν
1667 3362 1830 3429 σκότῳ
1871 3362 2061 3432 νύκτωρ

77 3442 455 3503 ἆκολαςαςέ
471 3467 533 3500 ον
592 3465 688 3520 pro
729 3447 988 3503 librorum
1039 3449 1307 3520 scriptura
1354 3449 1705 3511 ακολαςητέον
1747 3449 1826 3503 vel
1866 3450 2060 3507 οέκολα·

79 3530 299 3585 ςευτέον.
382 3533 480 3587 Sed
521 3535 585 3590 ad
629 3535 897 3591 Anabasin
935 3535 1331 3592 revertendum.

158 3616 214 3671 ln
278 3619 504 3675 Anabasi
542 3622 606 3678 ll.
651 3642 696 3680 v,
746 3630 830 3680 14.
889 3627 930 3679 εἰ
972 3626 1022 3679 δέ
1076 3627 1155 3687 τίς
1206 3646 1261 3681 σε
1304 3625 1488 3688 λυποίη
1542 3628 1605 3687 ὡς
1647 3626 1897 3690 δεσπότης
1934 3631 2059 3684 α’να-
