2436 4068
1066 209 1165 257 541

304 354 392 404 25.
474 349 721 403 Socrates
773 346 1031 410 πολλάκις
1086 351 1323 413 Ἀθήνησι
1372 356 1559 416 λοιμῶν
1604 351 1887 416 γενομένων
1942 350 2092 416 μόνος

108 440 198 492 οὐκ
241 437 493 498 ἐνόσησεν.
573 437 683 490 Hoc
733 453 857 491 vero
897 444 978 490 est
1024 439 1082 491 ἐκ
1128 439 1288 502 μυίας
1338 438 1612 508 ἐλέφαντα
1665 446 1844 494 ποιεῖν.
1924 439 2089 492 Pesti-

107 525 327 579 lentiam
363 524 526 579 semel
561 525 616 576 in
654 523 785 578 urbe
817 531 1112 594 grassatam
1154 533 1396 590 constat,
1436 527 1494 580 in
1530 543 1633 598 qua
1671 532 1882 597 praeter
1918 541 2088 579 unum

109 611 381 666 Socratem
423 618 663 665 caeteros
711 628 897 665 omnes
947 620 1254 683 aegrotasse
1308 631 1375 669 ne
1429 614 1649 685 Diogeni
1704 613 1915 666 Laertio
1966 613 2088 684 qni-

107 700 267 763 dem,
326 700 373 753 si
413 698 514 752 hoc
569 714 727 769 agere
778 698 1064 763 voluisset,
1122 716 1225 754 non
1271 702 1443 772 potuit
1495 718 1599 755 non
1658 699 1954 756 absurdum
2015 701 2087 754 vi-

108 787 240 843 deri.

297 878 386 929 26.
467 873 858 928 suavissimum
899 881 1285 928 commemorat
1343 875 1752 930 Atheniensium
1804 878 2084 931 inventum

104 963 171 1019 ad
211 979 380 1033 remp.
425 978 559 1016 nova
599 960 777 1016 sobole
816 962 1145 1032 augendam:
1194 962 1279 1016 δια
1316 963 1374 1016 τὸ
1423 964 1716 1030 λιπανδρεῖν
1753 965 2086 1034 ἐψηφίσαντο

103 1059 300 1117 γαμεῖν
333 1050 427 1115 μὲν
462 1051 594 1111 οἱς-ην
630 1051 758 1115 μίαν
781 1092 796 1115 ,
834 1050 1240 1104 παιδοποιεῖσθαι
1278 1050 1330 1103 δὲ
1367 1050 1455 1104 καὶ
1495 1049 1553 1113 ἐξ
1589 1050 1783 1118 ἑτέρας.
1829 1051 1884 1105 Si
1926 1051 2086 1106 Athe-

106 1141 318 1193 nienses
360 1137 492 1192 bene
533 1138 684 1201 novi,
723 1137 859 1191 nihil
894 1144 1010 1191 erat
1051 1138 1119 1191 iis
1156 1146 1211 1191 ut
1254 1137 1308 1191 id
1342 1137 1582 1192 facerent
1620 1154 1680 1192 eo
1722 1138 2085 1210 psephismate

102 1243 253 1298 opus,
336 1224 438 1280 Sed
479 1226 688 1288 omisit,
743 1225 934 1288 credo,
990 1225 1251 1296 Diogenes
1300 1225 1497 1281 addere
1553 1225 1748 1280 liberos
1803 1228 1881 1280 sic
1935 1233 2088 1280 natos

104 1332 168 1369 ex
209 1314 297 1367 illo
336 1313 699 1385 psephismate
737 1313 939 1384 optimo
993 1313 1111 1367 iure
1151 1313 1296 1367 cives
1351 1314 1557 1368 Atticos
1598 1311 1780 1369 fuisse.
1862 1314 1964 1381 Qui
2011 1320 2090 1368 ta-

106 1403 246 1456 libus
282 1401 442 1456 habet
492 1400 649 1455 fidem
694 1400 760 1454 ab
799 1401 1039 1472 antiquis
1079 1400 1296 1455 Graecis
1343 1400 1596 1468 μακάριος
1635 1406 1733 1455 τῶν
1767 1407 1960 1471 φρενῶν
2000 1418 2088 1473 ap-

106 1490 351 1563 pellatur.

297 1580 384 1631 28.
463 1575 854 1647 Lepidissimus
888 1582 970 1629 est
997 1575 1145 1630 locus
1175 1575 1240 1630 de
1274 1575 1519 1640 Socrate,
1562 1578 1654 1648 qui
1681 1582 2088 1650 nonnumquam

105 1670 228 1734 πρὸς
270 1667 388 1727 τοὺς
442 1666 643 1733 καιροὺς
696 1664 1076 1729 ἁρμοττόμενος
1129 1665 1357 1732 λαμπροὶ
1410 1666 1731 1733 ἠμπίσχετο.
1823 1667 2090 1738 Compone

101 1771 225 1809 cum
267 1753 352 1807 his
391 1753 627 1808 Platonis
668 1751 843 1806 locum
887 1753 940 1806 in
985 1751 1304 1825 Symposio,
1364 1753 1505 1808 unde
1564 1754 1696 1808 haec
1754 1770 1811 1808 se
1868 1754 2090 1809 haurire

103 1842 329 1903 scribit,
389 1849 445 1895 et
484 1839 804 1894 subridebis.
885 1839 1083 1895 Eadem
1127 1842 1372 1895 cernitur
1424 1841 1554 1895 fides
1612 1848 1666 1896 et
1723 1858 1853 1896 cura
1906 1844 1958 1896 in
2020 1843 2088 1897 iis

103 1946 241 2002 quae
280 1936 584 2000 sequuntur
631 1927 697 1983 de
738 1928 1126 2002 Euthyphrone
1165 1936 1219 1983 et
1260 1929 1458 2002 Lyside
1502 1932 1531 2000 §
1571 1933 1660 1984 29.
1704 1937 1757 1984 et
1797 1928 1952 1986 facile
2004 1931 2086 1985 in-

106 2018 311 2089 telliges
351 2016 594 2071 eiusdem
639 2015 842 2072 farinae
882 2033 998 2071 esse
1037 2034 1173 2088 quae
1228 2020 1256 2087 ὅ
1299 2022 1386 2072 50.
1430 2016 1495 2071 de
1533 2017 1804 2089 Iphicrate
1845 2018 2084 2074 reserun-

12 2101 20 2163 Γ.
101 2114 208 2161 tur.

298 2199 387 2250 58.
467 2195 679 2267 Anytus
722 2193 931 2248 Socrati
977 2195 1232 2262 ε’πήλειψε
1278 2195 1395 2255 τοὺς
1436 2195 1549 2262 περὶ
1583 2197 1670 2250 τὸν
1717 2194 2085 2264 Ἀρις-οφοένην.

100 2281 291 2339 Omnia
331 2282 559 2336 mirifica
615 2289 742 2336 sunt
794 2299 933 2354 quae
976 2282 1040 2336 de
1095 2282 1332 2337 Socratis
1386 2282 1585 2337 indicio
1642 2282 2081 2338 conscribillavit.

16 2384 18 2390 ’
101 2373 310 2443 Anytus
369 2371 606 2442 primum
665 2372 906 2425 omnium
963 2370 1375 2442 Aristophanem
1432 2371 1487 2425 in
1547 2387 1669 2425 eum
1733 2371 2081 2435 subornavit,

0 2470 19 2531 γ’
97 2458 291 2514 deinde
326 2458 568 2520 Μέλητον
609 2460 905 2514 συνέπεισεν
937 2459 1330 2525 ἀπενέγκασθαι
1365 2461 1486 2514 κατ’
1519 2461 1678 2514 αὐτοῦ
1713 2461 1926 2528 γραφὴν
1957 2461 2080 2514 οἶσε-

20 2576 29 2607 u,
95 2548 268 2615 βείας.
347 2547 533 2618 ltaque
570 2547 803 2602 Meletus·
844 2547 1116 2602 Socratem
1161 2547 1215 2600 in
1259 2546 1521 2600 iudicium
1568 2546 1826 2610 adduxit,
1869 2543 1983 2602 εἶπε
2026 2547 2081 2602 δὲ

1 2687 7 2707 ‚
97 2637 190 2698 την
246 2635 386 2697 δίκην
439 2634 798 2701 Πολύευκτος,
858 2636 1154 2724 συνέγθαψε
1209 2636 1261 2689 δὲ
1311 2637 1397 2690 τὸν
1454 2634 1610 2700 λόγον
1669 2635 2005 2704 Πολυκράτης
2053 2636 2082 2689 o‘

24 2748 35 2790 ς
97 2724 315 2791 commite
356 2723 677 2785 ἣἊνυτος,
716 2722 779 2783 ὥς
818 2743 968 2784 τινες.
1050 2724 1261 2796 Anytus
1311 2730 1590 2794 postquam
1645 2731 1855 2795 poetam
1908 2723 2079 2777 Comi-

23 2806 28 2813 ’
95 2827 220 2866 cum
258 2818 318 2864 ut
353 2809 627 2865 Socratem
668 2810 820 2865 ludos
853 2811 1099 2882 iocosque
1139 2810 1338 2865 faceret
1391 2810 1529 2864 clam
1574 2812 1879 2882 instigavit,
1923 2827 2078 2866 accu-

95 2905 323 2953 satorem
365 2900 412 2951 ci
454 2897 1094 2970 comparavitMeletum,
1135 2899 1226 2971 qui
1249 2898 1539 2953 accusandi
1581 2900 1857 2969 negotium
1881 2901 2078 2972 impro-

96 2987 160 3042 bo
199 2984 408 3041 Oratori
467 2985 742 3040 mandavit
784 2985 1103 3059 Polyeuct0,
1143 2987 1235 3058 qui
1289 2993 1343 3040 et
1382 2986 1495 3057 ipse
1541 2987 1899 3041 accusationis
1949 3005 2079 3043 con-

96 3072 407 3130 scribendae
460 3074 735 3144 negotium
791 3073 939 3128 dedit
996 3074 1277 3146 Sophistae
1337 3074 1640 3148 Polycrati,
1696 3074 1812 3137 vel,
1874 3081 1934 3129 nt
1986 3075 2078 3130 alii

99 3169 345 3217 auctores
399 3169 560 3225 sunt,
621 3162 721 3233 ipsi
771 3164 973 3236 Anyto,
1015 3166 1106 3234 qni
1148 3161 1443 3234 plurimum
1487 3179 1678 3235 operae
1717 3162 2077 3233 compendifa-

99 3266 220 3304 cere
260 3250 534 3320 potuisset.
615 3249 859 3305 Nondum
914 3250 1046 3304 satis
1086 3256 1201 3304 est:
1255 3250 1606 3318 προητοίμασε
1645 3251 1697 3304 δὲ
1733 3249 1945 3313 πάντα,
2000 3251 2077 3305 ἰη-

99 3337 248 3409 quit,
288 3338 469 3392 Λύκων
507 3341 533 3391 δ
570 3338 904 3405 δημαγωγός.
986 3337 1212 3393 Difficile
1255 3346 1337 3394 est
1378 3340 1684 3410 excogitare
1723 3354 1859 3408 quae
1896 3343 2077 3408 partes

101 3425 330 3497 Lyconis
387 3423 587 3481 suerint
639 3434 692 3482 et
745 3426 875 3498 quid
922 3426 1136 3481 tandem
1197 3426 1358 3482 suerit
1420 3424 1868 3499 praeparandum.
1952 3426 2079 3483 Post

86 3514 269 3585 ‘pauca
330 3514 357 3580 S
405 3516 491 3567 39.
553 3513 851 3588 Polycratis
898 3515 1193 3570 orationem
1239 3516 1291 3568 in
1346 3514 1616 3570 Socratem
1672 3514 1929 3584 scriptam
1974 3530 2078 3569 non

100 3617 215 3655 esse
271 3616 391 3654 vere
444 3599 677 3657 habitam
734 3602 1098 3658 demonstrat:
1154 3606 1203 3658 ἐν
1251 3605 1391 3670 αὐτῷ
1450 3605 1555 3668 γαρ
1609 3602 1911 3667 μνημονεύει
1982 3608 2079 3658 τῶν
