2436 4068
1385 205 1485 254 196

444 348 786 414 ’ποβήσεται,
832 353 891 400 ut
931 345 1070 417 apud
1125 346 1317 400 Herod.
1362 347 1499 400 VIII.
1544 349 1635 400 67.
1699 345 2026 412 ἐκαραδόκεον
2078 348 2163 405 τὸν
2195 348 2418 414 πόλεμον

443 445 505 506 κῇ
546 436 876 502 ἀποβήσεται
925 439 977 486 et
1014 433 1057 488 I.
1104 436 1190 487 52.
1246 434 1478 489 σκοπέειν
1524 435 1626 501 χρὴ
1665 434 1859 494 παντὸς
1903 437 2175 502 χρήματος
2207 438 2296 498 τὴν
2337 458 2417 490 τε·

439 526 627 586 λευτήν
677 531 739 590 κῇ
779 522 1140 586 ἀποβήσεται.
1181 527 1234 574 et
1269 522 1321 574 in
1366 521 1602 575 Platonis
1645 519 1839 593 Lyside
1879 524 2003 575 206.
2043 524 2104 576 A.
2159 524 2323 583 δεδιὼς
2360 524 2418 577 τὸ

439 610 634 676 μέλλον
681 607 780 677 ὅπῃ
819 610 1151 674 άποβήσεται
1189 615 1242 662 et
1291 625 1446 681 saepe
1491 609 1653 670 alibi,
1702 615 1759 662 ut
1809 609 1976 661 mirer
2013 625 2111 663 our
2158 610 2255 664 hoe
2304 610 2419 663 Ari-

440 696 727 768 stophanes
769 696 950 749 riserit
991 696 1043 748 in
1080 703 1204 749 noto
1242 695 1542 767 fragmento
1577 702 1674 750 τῶν
1717 696 2021 750 Δαιταλέων

743 783 1079 848 άποβήσεταί
1115 805 1188 838 σοι
1228 788 1404 838 ταῦτα
1445 791 1537 837 ποῖ
1565 783 1635 837 τα
1670 786 1918 852 ῥήματα;

741 881 801 928 Β.
843 873 965 938 παρ’
999 871 1338 937 Ἀλκιβιάδου
1377 876 1526 926 τοῦτο
1566 872 1951 936 τάποβήσεται.

437 961 529 1018 sed
567 960 634 1016 ad
674 959 929 1014 Helenam
970 966 1238 1023 revertor,
1280 958 1371 1012 ubi
1408 976 1484 1012 vs.
1516 962 1642 1012 896.
1687 958 1824 1012 male
1865 955 2149 1011 scribitur:

738 1049 812 1113 μή
853 1067 952 1113 μου
992 1048 1243 1116 κατείπῃς
1282 1049 1351 1114 σῷ
1391 1048 1687 1113 κασιγνήτῳ
1723 1046 1870 1099 πόσιν

737 1135 870 1189 τόνδ’
909 1136 978 1195 εἰς
1016 1135 1150 1200 ἐμάς
1186 1133 1373 1196 ἥκοντα
1406 1132 1754 1203 φιλτάτας
1795 1133 1990 1201 χέρας,

435 1241 530 1298 pro
567 1225 850 1294 φίλτατον.
931 1222 1158 1277 Gravius
1200 1221 1369 1275 multo
1408 1228 1695 1292 corruptus
1736 1227 1817 1274 est
1857 1235 2043 1273 versus
2084 1221 2243 1274 1021.

737 1309 881 1365 αὐτοὶ
922 1311 1018 1375 μὲν
1057 1307 1140 1364 οὖν
1179 1311 1270 1372 τὴν
1305 1307 1470 1372 ἔξοδόν
1507 1314 1563 1373 γ’
1599 1309 1884 1375 εὑρίσκετε,

434 1400 526 1456 11111
566 1401 658 1463 τήν
694 1397 831 1452 male
885 1397 1104 1451 additur
1137 1403 1190 1451 et
1230 1417 1296 1462 γε
1346 1396 1637 1451 ridiculum
1688 1403 1799 1460 est,
1845 1400 2119 1466 praeterea
2171 1397 2413 1463 εὑρίσκειν

433 1507 537 1544 non
574 1495 654 1543 est
687 1487 766 1541 rei
811 1483 1306 1549 accommodatum,
1347 1501 1483 1556 quae
1522 1483 1825 1551 ἐξευρίσκειν
1864 1482 2118 1554 postulat.
2201 1484 2261 1538 In
2303 1492 2411 1539 lam

431 1576 720 1648 multiplici
762 1573 900 1628 malo
938 1580 990 1627 et
1027 1579 1135 1626 tam
1179 1571 1462 1627 manifesto
1507 1571 1778 1644 probabile
1817 1577 2033 1626 estnon
2078 1571 2246 1641 ipsam
2289 1580 2412 1643 poe-

432 1674 518 1720 tae
565 1679 786 1718 manum
835 1661 1026 1715 leviter
1061 1660 1404 1731 depravatam
1447 1661 1500 1714 in
1543 1665 1796 1730 corrupta
1846 1658 2116 1728 scriptura,
2161 1658 2411 1723 subesse,

429 1771 494 1809 ex
551 1752 708 1806 cuius
761 1748 1005 1820 reliquiis
1054 1764 1179 1802 vera
1231 1746 1390 1802 lectio
1450 1749 1620 1819 perite
1671 1745 2101 1800 reconcinuanda
2157 1747 2259 1810 sit,
2317 1746 2410 1800 sed

429 1840 665 1895 alienum
719 1835 1034 1892 vocabulum
1090 1836 1404 1906 irrepsisse,
1461 1834 1806 1907 quamobrem
1854 1831 2230 1904 corrigendum
2295 1850 2411 1890 esse

427 1927 692 1984 arbitror:

808 2012 953 2067 αὐτοὶ
992 2013 1088 2076 μὲν
1124 2009 1207 2065 οὖν
1246 2015 1341 2065 τιν’
1379 2009 1541 2074 ἔξοδον
1577 2011 1855 2077 ματεύετε.

428 2103 690 2159 Similiter
725 2102 778 2155 in
811 2101 937 2155 Ione
975 2115 1053 2155 vs,
1096 2101 1223 2152 616.
1267 2099 1321 2151 in
1358 2097 1511 2151 libris
1545 2104 1626 2152 est
1662 2095 1947 2151 manifesto
1986 2096 2238 2151 mendosa
2277 2098 2407 2152 seri-

462 2199 611 2247 tura:

424 2210 458 2264 p
797 2274 921 2335 ὅσας
960 2273 1186 2342 σφαγάς
1227 2273 1284 2336 δὴ
1321 2272 1613 2341 φαρμάκων
1648 2273 1941 2338 θανασίμων

799 2372 1045 2429 γυναῖκες
1087 2361 1251 2432 εὖρον,

423 2452 577 2508 futile
626 2459 705 2506 est
754 2452 989 2507 inserere
1036 2475 1124 2517 τε,
1180 2468 1315 2523 quae
1357 2457 1438 2504 est
1491 2451 1664 2511 συκίνη
1715 2449 1991 2515 ἐπικουρία.
2072 2448 2232 2502 Poeta
2271 2447 2404 2502 mihi

423 2541 703 2612 scripsisse
743 2539 955 2594 videtur
993 2539 1285 2609 φαρμάκων
1325 2538 1675 2607 θυμοφθόρων,
1719 2543 1775 2590 ut
1815 2534 1955 2606 apud
1995 2535 2284 2590 Homerum
2325 2543 2403 2590 est

424 2626 612 2701 Odyss.
654 2629 710 2682 Β.
755 2631 881 2683 529.
933 2629 1046 2698 ὄφρ’
1093 2628 1225 2682 ἔνθεν
1289 2626 1580 2696 θυμοφθόρα
1621 2623 1864 2694 φάρμακ’
1923 2623 2100 2692 ἐνείκῃ.
2188 2621 2398 2677 Adscri-

422 2716 528 2787 psit
563 2714 898 2786 magistellus
931 2718 1251 2782 θανασίμων,
1298 2713 1438 2785 quod
1476 2730 1598 2768 eum
1651 2711 1752 2765 sibi
1794 2710 1987 2766 babere
2022 2710 2284 2765 iubemus,
2416 2739 2436 2801 ,5

498 2803 559 2857 In
607 2819 766 2857 versu
808 2808 970 2859 1055.
2428 2810 2434 2815 ⁴

799 2893 962 2953 κοινήν
996 2890 1276 2955 ξυνάπτειν
1314 2890 1556 2956 μηχανὴν
1591 2888 1840 2955 σωτηρίας
1862 2930 1876 2950 ,

421 2976 556 3033 mihi
592 2976 807 3048 quidem
850 2987 985 3048 κοινῇ
1031 2979 1224 3034 melius
1265 2976 1495 3032 videtur.
1577 2977 1802 3030 Prorsus
1851 2973 2143 3029 absurdum
2186 2981 2266 3028 est
2321 2989 2397 3026 VS.

425 3067 584 3120 1049.
1908 3132 1911 3134 ³

795 3154 974 3217 βούλει
1011 3153 1259 3219 λέγεσθαι
1299 3155 1373 3219 μή
1412 3152 1567 3206 θανὼν
1611 3150 1740 3219 ἔργῳ
1785 3152 1978 3213 θανεῒνς

575 3247 750 3294 ΜΕΝ.
803 3243 958 3302 κακὸς
988 3243 1083 3306 μὲν
1117 3242 1276 3310 ὄρνις,
1316 3243 1358 3295 εἶ
1400 3241 1451 3294 δὲ
1489 3239 1705 3306 κερδανῶ
1745 3238 1916 3302 λέγων

795 3325 994 3394 ἕτοιμός
1030 3330 1134 3393 εἶμι
1178 3331 1250 3394 μὴ
1289 3329 1444 3383 θανὼν
1480 3328 1621 3394 λόγῳ
1661 3328 1842 3380 θανεῖν.

414 3417 606 3473 lacuna
650 3421 803 3469 vetus
863 3415 916 3468 in
956 3416 1129 3487 primo
1180 3433 1338 3470 versu
1393 3414 1607 3468 videtur
1650 3430 1713 3467 ex
1770 3412 1929 3465 tertio
1974 3410 2097 3464 olim
2150 3410 2395 3481 imperite

414 3503 695 3576 suppleta,
740 3501 1188 3573 quemadmodum
1235 3502 1403 3558 multa
1455 3503 1508 3556 in
1557 3501 1656 3556 hac
1700 3499 1874 3554 sabula
1916 3505 1968 3552 et
2014 3497 2133 3551 aliis
2171 3496 2392 3551 nonnul-

415 3591 480 3645 lis
522 3589 826 3651 huiusmodi
863 3596 1016 3655 suut,
1060 3597 1118 3645 ut
1151 3593 1236 3647 vix
1282 3608 1446 3647 unum
1490 3596 1540 3645 et
1584 3589 1812 3644 alterum
1857 3584 2169 3642 vocabulum
2212 3584 2391 3656 genui-
