2436 4068
1016 201 1123 253 689

76 362 245 415 neque
283 345 648 411 ἀρκούντως
690 343 892 407 ἥδεσθαι
931 353 1076 400 recte
1116 345 1376 400 dicuntur
1421 352 1463 403 οἱ
1500 348 1676 403 πολλοὶ
1720 349 1804 402 ἐπὶ
1845 351 2039 412 τούτοις

74 433 599 500 πραγματευόμενοι,
657 433 749 502 qui
801 433 1129 488 immodicam
1182 433 1504 506 voluptatem
1559 452 1676 491 sera
1716 438 2044 506 poenitentia

73 520 241 575 solent
282 536 476 573 emere.
557 520 789 574 Remove
828 522 1198 592 importunum
1238 530 1289 576 et
1319 524 1599 579 molestum
1636 524 1948 590 ἀρκούντως,
1990 533 2046 580 et

72 624 200 661 sana
241 623 302 661 ac
349 608 627 678 perspicua
668 617 829 662 erunt
881 612 1090 664 omnia:
1130 612 1268 664 οὐδὲν
1318 608 1466 672 ἧττον
1506 614 1709 678 ἥδεσθαι
1748 646 1823 655 -
1860 625 2044 671 λυπεῖ-

23 714 39 770 ]
71 698 185 751 σθαι
227 697 279 749 δὲ
318 696 450 748 πολὺ
490 694 725 750 ἔλαττον.

146 784 206 838 In
250 782 423 836 verbis
460 783 500 836 l.
542 800 611 837 lv.
658 789 745 838 10.
793 782 888 852 ὅσῳ
924 787 1442 854 μεγαλοπρεπές-ερον
1481 788 1621 853 ἀξιοῖ
1652 811 1710 844 σε
1751 792 2045 859 θεραπεύειν

70 873 291 939 τοσούτῳ
323 874 530 936 μᾶλλον
565 873 806 936 τιμητέον
847 874 1014 938 αὐτό,
1066 873 1264 928 excidit
1310 877 1656 948 participium
1703 877 1783 941 ὄν,
1826 895 2046 950 prorsus

30 961 429 1014 ‘necessarium
486 958 552 1012 ad
606 962 926 1014 sententiam
995 958 1093 1030 ὅσῳ
1150 965 1668 1034 μεγαλοπρεπέςερον
1724 969 1816 1041 (ὃν)
1871 969 2042 1033 ἀξιοῖ,

23 1046 211 1119 {quod
270 1046 396 1100 olim
453 1047 908 1120 Wyttenbacbius
959 1056 1012 1102 et
1056 1049 1415 1104 Schneiderus
1469 1051 1897 1120 admonuerunt,
1953 1057 2046 1112 sed

23 1126 35 1164 ”
68 1152 225 1190 nemo
277 1134 521 1207 praebuit
563 1152 768 1190 aurem.
848 1136 1123 1191 Facillime
1174 1137 1225 1191 ὄν
1266 1138 1514 1194 excidere
1554 1142 1740 1196 multis
1786 1145 2046 1216 exemplis

21 1229 35 1291 ἱζ
68 1230 294 1279 constat.
377 1224 443 1278 Ut
477 1239 585 1277 uno
614 1224 854 1295 exemplo
890 1232 1047 1288 utar,
1082 1224 1133 1278 ὄν
1169 1226 1368 1280 excidit
1406 1229 1459 1280 in
1505 1229 1878 1286 Demosthenis
1919 1232 2046 1303 Lep-

17 1303 34 1363 l
73 1313 216 1366 tinea
269 1314 299 1381 §
347 1315 431 1366 15.
473 1314 533 1366 τὸ
583 1313 679 1377 μὲν
732 1312 895 1366 τοίνυν
935 1318 1027 1373 τῆς
1067 1313 1266 1373 πόλεως
1309 1311 1417 1376 ἦθος
1457 1312 1544 1370 καὶ
1585 1320 1669 1372 ἐπ’
1703 1317 1880 1373 ἄλλων
1921 1333 2046 1375 πολ·

15 1387 36 1498 l
71 1405 171 1454 λῶν
212 1401 301 1454 ἴδοι
337 1420 417 1460 τις
458 1398 522 1453 ἂν
561 1404 815 1461 τοιοῦτον,
860 1401 968 1454 imo
1010 1417 1133 1454 vero
1172 1406 1395 1455 τοιοῦτον
1435 1403 1512 1457 ὅν.

145 1489 371 1543 Prorsus
410 1488 674 1541 assentior
714 1487 1026 1561 Pluygersio
1062 1489 1102 1544 Ι.
1138 1507 1205 1542 1v.
1240 1493 1323 1544 15.
1367 1491 1396 1554 ἢ
1437 1489 1511 1545 ὃ’σ’
1551 1494 1615 1548 ἂν
1651 1497 1844 1565 ἀκούσῃ
1886 1496 1914 1559 ἢ
1965 1496 2045 1567 ἴδη

20 1584 27 1653 J
69 1578 98 1640 ἢ
146 1576 285 1645 μάθῃ
343 1576 647 1649 [ἱκανωτέρα
697 1574 797 1648 ε’ςὶ]
861 1578 1280 1643 διαμεμνῆσθαι,
1337 1576 1593 1651 frigidum
1646 1582 1911 1638 emblema
1957 1601 2044 1640 ex·

68 1666 345 1739 pungenti.

142 1755 202 1809 ln
260 1757 289 1825 §
331 1758 416 1807 17.
469 1752 657 1807 οἴεσθαι
712 1751 794 1808 οὖν
842 1755 944 1820 96Ρῆ
991 1755 1076 1808 καὶ
1119 1757 1211 1817 τὴν
1264 1756 1314 1808 ἐν
1359 1758 1430 1824 τῷ
1479 1758 1635 1812 παντὶ
1689 1759 1930 1827 φρόνησιν
1968 1762 2041 1815 τὰ

15 1833 29 1900 ,⁶
67 1843 246 1898 πάντα
285 1839 419 1901 ὅπως
448 1841 512 1894 ἂν
550 1843 685 1909 αὐτῇ
723 1842 830 1903 ἡδὺ
871 1840 899 1909 ᾖ
932 1840 1059 1897 οὕτω
1099 1844 1352 1907 τίθεσθαι,
1387 1845 1672 1915 persuadet
1711 1847 1843 1901 mihi
1879 1849 2042 1924 Pluy-

66 1931 276 2001 gersius
331 1947 427 2002 pro
476 1930 565 1993 ἡδὺ
614 1928 1073 1996 &emendandum
1133 1947 1246 1985 esse
1300 1932 1433 2002 δοκῇ.
1514 1934 1630 1988 Dici
1683 1942 1858 2006 potest
1907 1935 2040 2000 ὅπως

65 2018 131 2074 ἂν
169 2022 304 2087 αὐτῇ
344 2019 568 2087 ἀρέσκῃ,
624 2017 703 2072 vel
756 2019 910 2085 Φίλαν
950 2016 1015 2086 ᾖ,
1070 2018 1162 2072 sed
1206 2019 1295 2082 ἡδύ
1337 2027 1390 2074 et
1428 2023 1600 2086 γλυκύ
1642 2030 1695 2076 et
1736 2024 1937 2080 similia
1976 2025 2042 2080 ab

16 2108 28 2183 ζ
68 2109 145 2162 rei
183 2115 375 2162 natura
418 2106 588 2161 aliena
630 2122 746 2162 esse
787 2106 1042 2176 intelligo.

140 2197 198 2251 In
241 2196 457 2251 Memor.
489 2194 526 2248 Ι.
575 2213 622 2248 v.
674 2199 717 2247 1.
773 2195 859 2248 καὶ
897 2200 1001 2255 πῶς
1037 2195 1102 2250 ἂν
1141 2196 1422 2260 οἰηθείημεν
1455 2199 1543 2253 τὸν
1573 2204 1796 2254 τοιοῦτον
1833 2201 1861 2265 ἢ
1899 2204 2040 2269 ἡμᾶς

63 2291 256 2340 σῶσαι
298 2288 328 2349 ἢ
369 2284 487 2343 τοὺς
542 2283 819 2348 πολεμίους
876 2289 1222 2349 κρατῆσαι,
1279 2286 1531 2355 quoniam
1572 2289 1916 2360 perspicuum
1960 2301 2042 2346 est

61 2374 127 2430 ἄν
166 2390 290 2428 cum
331 2373 639 2438 οἰηθείημεν,
681 2387 786 2424 non
823 2387 945 2425 cum
990 2371 1273 2426 infinitivis
1307 2379 1467 2428 σῶσαι
1502 2382 1556 2429 et
1588 2384 1881 2444 κρατῆσαι,
1925 2396 2042 2435 esse

16 2519 26 2534 .
60 2459 524 2532 coniungentium,
567 2459 754 2513 aoristi
780 2474 910 2513 usus
951 2458 1017 2512 ab
1058 2459 1155 2513 loci
1199 2463 1464 2516 sententia
1506 2464 1713 2518 alienus
1754 2473 1865 2531 est,
1903 2484 2039 2538 quac

23 2549 303 2606 *futurum
344 2551 520 2604 σώσειν
561 2555 613 2603 et
655 2550 927 2615 κρατήσειν
966 2549 1213 2620 requirit.
1295 2550 1675 2622 pervulgatum
1727 2552 1824 2607 hoc
1866 2571 2038 2626 genus

16 2665 34 2701 3·
57 2637 238 2693 mendi
278 2644 394 2699 est,
446 2652 603 2708 saepe
643 2653 673 2690 e
710 2634 893 2699 libris,
947 2653 1101 2708 saepe
1142 2654 1206 2691 ex
1246 2638 1462 2708 ingenio
1502 2640 1642 2712 apud
1685 2642 1882 2698 multos
1923 2661 2038 2699 cor·

56 2729 212 2783 recti.
291 2725 447 2782 Nulla
485 2725 738 2781 Codicum
790 2727 1087 2780 auctoritas
1128 2726 1339 2781 efficere
1388 2744 1643 2799 umquam
1703 2733 1936 2802 poterit,
1978 2741 2039 2788 ut

56 2813 200 2883 οἶμαι
241 2817 327 2870 τὸν
367 2820 588 2871 τοιοῦτον
627 2819 837 2868 σῶσαι
898 2814 1203 2884 significare
1245 2831 1396 2886 posse
1434 2816 1719 2872 credamus
1760 2818 1899 2874 idem
1951 2829 2035 2875 at-

0 2898 26 2915 ”’
53 2922 159 2979 que
195 2906 282 2959 τὸν
320 2909 541 2959 τοιοῦτον
598 2903 843 2958 σώσειν.
925 2901 1146 2958 Veteres
1187 2910 1280 2958 aut
1319 2903 1383 2958 ἄν
1434 2904 1696 2961 addebant
1740 2917 1832 2962 aut
1887 2909 2032 2966 sutu-

53 3009 175 3049 rum
232 2993 528 3065 ponebant:
590 2993 864 3063 sequiores
925 2992 1003 3044 sic
1054 3009 1276 3064 peccare
1333 2994 1464 3047 satis
1522 3004 1857 3068 compertum
1914 3007 2030 3064 est,

52 3081 397 3155 quamobrem
449 3080 602 3135 nobis
653 3079 948 3135 cavendum
1003 3088 1084 3135 est
1138 3098 1202 3137 ne
1260 3082 1484 3136 istorum
1545 3100 1755 3140 errores
1810 3086 2029 3159 impune

53 3170 414 3240 Antiqnorum
456 3170 653 3241 scripta
699 3167 999 3239 inquinent.

128 3256 189 3312 ln
231 3255 269 3311 Ι.
314 3274 364 3312 v,
406 3260 458 3312 2.
514 3258 558 3312 εἶ
591 3289 665 3298 -
704 3258 1050 3323 βουλοίμεθα,
1101 3254 1182 3326 ἄρ’
1222 3258 1485 3323 οἱξιόπιςον
1523 3261 1594 3319 εἷς
1646 3266 1823 3316 ταῦτα
1871 3266 2024 3328 ἡγη-

51 3346 309 3411 σόμεθα
348 3346 434 3399 τὸν
472 3348 707 3414 inpari:
749 3344 902 3415 longe
942 3346 1118 3417 potior
1167 3355 1248 3401 est
1289 3346 1445 3402 lectio
1486 3364 1514 3401 a
1557 3347 1778 3402 Stobaco
1814 3358 2022 3406 servata

58 3434 367 3499 ἧγησαίμεθ’
408 3431 508 3498 ἄν,
547 3441 596 3488 et
641 3441 757 3505 post
799 3449 966 3504 pauca
1009 3434 1167 3501 ἔργων
1220 3436 1565 3494 ἐπιςασίαν
1620 3451 1715 3506 pro
1750 3437 2024 3504 ἐπίτασιν,

55 3528 109 3577 et
149 3522 201 3575 in
249 3523 278 3593 §
324 3525 354 3576 4
379 3562 392 3584 ,
431 3520 629 3583 ταύτην
677 3522 935 3588 πρώτην
977 3523 1027 3575 ἕν
1058 3532 1122 3590 τῇ
1163 3528 1315 3592 ψυχῇ
1363 3523 1890 3590 κατασκευάσασθαι,
1930 3542 2024 3598 pro

59 3610 257 3670 ταύτην
313 3615 551 3677 πρῶτον
611 3617 661 3664 et
721 3611 773 3663 in
832 3611 859 3679 §
908 3614 957 3663 ὅ.
1016 3610 1380 3666 δουλεύοντι
1442 3613 1493 3667 δὲ
1542 3642 1616 3651 -
1660 3613 2021 3670 ἱκετευτέον

1578 3704 1620 3736 ιο
