2436 4068
1288 240 1393 289 540

372 383 667 438 mosthenis
703 383 961 437 disertum
1014 382 1383 436 testimonium
1439 383 1903 447 narratiunculae,
1973 386 2128 439 cuius
2174 402 2346 457 neque

373 479 560 525 auctor
612 471 753 525 ullus
794 477 1064 524 constaret
1118 486 1290 540 neque
1333 468 1484 525 fides.
1562 470 1702 524 Haec
1738 478 1916 525 autem
1969 473 2083 542 ipsa
2128 471 2343 526 ἀδέσπο-

371 580 455 619 τος
508 560 594 613 καὶ
651 558 996 623 πεπλασμένη
1054 556 1334 624 παράδοσις
1388 556 1700 612 incredibile
1747 558 1895 613 dictu
1949 565 2029 613 est
2084 567 2346 628 quantum

374 647 638 718 pepererit
683 653 1107 699 commentorum
1157 651 1210 698 et
1252 643 1599 709 fabellarum,
1654 661 1789 714 quae
1837 663 1940 700 non
1981 654 2192 700 tantum
2235 647 2346 700 ina-

379 751 473 788 nes
514 740 566 787 et
589 732 748 787 salsae
790 739 942 795 sunt,
985 732 1076 786 sed
1111 731 1265 802 plane
1295 731 1507 802 ineptae
1549 738 1602 785 et
1637 731 1901 787 absurdae
1939 750 2112 804 neque
2154 740 2350 804 tempo-

375 821 525 875 ribus
556 829 636 874 sat
659 819 935 874 commode
957 820 1159 873 divisae
1195 836 1368 890 neque
1390 819 1630 872 moribus
1673 827 1765 873 aut
1801 821 2014 891 ingenio
2053 823 2184 875 satis
2223 838 2346 875 con-

370 909 644 963 venientes
682 924 900 971 eorum,
957 907 1150 978 quibus
1189 907 1593 970 tribuerentur,
1635 924 1807 978 neque
1864 908 1993 962 adeo
2034 925 2214 963 rerum
2254 925 2348 962 na-

373 1004 529 1050 turae
575 1003 669 1049 aut
708 995 924 1049 veritati
967 1011 1267 1066 congruae,
1307 1011 1444 1065 quae
1485 993 1649 1048 veluti
1685 995 1866 1049 sordes
1907 995 2168 1067 quaedam
2202 997 2348 1067 prin·

374 1084 554 1154 cipum
628 1083 870 1137 virorum
939 1084 1184 1154 personis
1240 1081 1706 1136 adhaerescebant.
1806 1084 2077 1150 Quantum
2132 1083 2347 1155 3fabula-

372 1187 493 1223 rum
531 1169 733 1223 nullius
773 1171 930 1241 pretii
954 1171 1276 1241 conquisivit
1306 1171 1542 1240 undique
1581 1170 1842 1240 Diogenes
1876 1171 2152 1236 Laertius,
2189 1171 2348 1225 homo

373 1257 576 1311 multae
625 1265 678 1311 et
711 1257 936 1312 diffusae
972 1258 1242 1320 lectioniS‚
1282 1257 1372 1311 sed
1415 1265 1522 1311 tam
1565 1256 1766 1310 nullius
1810 1257 1997 1311 iudicii
2038 1259 2347 1329 ingeniique

374 1345 532 1399 homo
573 1352 633 1399 ut
673 1347 789 1399 eius
827 1346 1094 1415 interpres
1143 1345 1450 1414 Menagius‚
1507 1359 1834 1414 quamquam
1874 1350 1928 1397 et
1962 1345 2076 1415 ipse
2125 1351 2351 1400 naturae

373 1450 475 1485 non
533 1432 845 1495 dissimilis,
904 1448 1031 1502 prae
1071 1448 1133 1485 eo
1193 1440 1386 1485 acutus
1441 1438 1492 1484 et
1532 1431 1844 1501 ingeniosus
1901 1448 2016 1485 esse
2083 1432 2345 1487 videatur.

369 1522 631 1590 Diogenes
681 1519 826 1573 nullo
860 1518 1100 1582 delectU,
1164 1519 1310 1573 nullo
1363 1519 1578 1581 ordine,
1638 1518 1784 1572 nullo
1836 1536 2056 1590 prorsus
2111 1520 2346 1584 iudici0,

369 1607 632 1680 quidquid
675 1607 871 1678 ubique
911 1606 1126 1677 legisset
1180 1613 1382 1662 temere
1422 1609 1475 1660 in
1518 1606 1759 1660 chartam
1814 1608 2074 1671 coniecit,
2129 1609 2185 1661 in
2233 1609 2348 1679 qui-

370 1696 472 1751 bus
534 1696 932 1768 quamplurima
989 1702 1117 1749 sunt
1173 1695 1456 1750 manifesto
1508 1696 1886 1749 commenticia
1937 1703 1990 1748 et
2046 1696 2201 1767 plane
2260 1696 2348 1750 ab·

366 1784 534 1839 surda
590 1801 654 1839 ex
690 1784 978 1838 levissimis
1018 1783 1451 1855 futilissimisque
1505 1782 1857 1853 scriptoribus
1912 1791 2128 1850 sumta,
2183 1785 2346 1838 Favo-

370 1875 525 1937 rino,
566 1870 1231 1944 Pamphila,1domene0,
1283 1872 1552 1926 Demetrio
1612 1871 1941 1943 ByzantinO,
1997 1872 2143 1926 Iusto
2197 1873 2345 1927 Tibe-

371 1962 564 2025 riensi,
611 1961 764 2022 aliis;
818 1971 1095 2032 praeterea
1145 1959 1248 2013 alia
1289 1961 1460 2013 multa
1498 1961 1614 2014 sine
1657 1959 1763 2012 ullo
1803 1966 1941 2014 teste
1982 1959 2144 2014 refert
2192 1960 2348 2031 plane

369 2051 648 2105 ἀδέσποτον
688 2048 774 2103 καὶ
819 2049 1194 2113 πεπλασμένην
1237 2048 1532 2115 παράδοσιν.
1613 2047 1767 2100 Iuvat
1815 2064 1986 2118 pauca
2038 2048 2102 2101 de
2156 2047 2239 2101 his
2285 2066 2349 2102 ex

372 2140 481 2192 vita
524 2138 793 2202 SocratiS,
834 2137 1071 2190 Platonis
1117 2142 1168 2189 et
1211 2136 1577 2207 Xenophontis
1626 2135 1900 2199 indicare,
1958 2143 2014 2189 ut
2056 2137 2349 2208 unicuique

370 2233 622 2298 appareat
664 2224 794 2296 quid
835 2226 904 2279 sit
944 2223 1247 2277 istiusmodi
1290 2226 1412 2277 testi
1452 2223 1815 2277 tribuendum.

447 2313 513 2368 ΙΙ.
561 2317 645 2367 19.
726 2312 997 2366 Socratem
1056 2311 1183 2365 facit
1240 2313 1583 2382 Anaxagorae
1623 2310 1939 2365 auditorem.
2020 2310 2188 2377 Quam
2232 2327 2347 2364 ma·

367 2402 480 2456 lum
544 2408 597 2455 et
652 2402 923 2470 ingratum
987 2399 1312 2470 discipulum
1378 2401 1720 2470 Anaxagoras
1780 2400 1857 2453 sic
1917 2398 2166 2454 habuerit
2226 2399 2345 2453 vide

367 2489 508 2561 apud
549 2489 952 2561 Xenophontem
993 2489 1211 2541 Memor.
1243 2487 1330 2541 lV.
1375 2506 1460 2541 vn.
1504 2492 1536 2541 6
1578 2505 1692 2558 sqq.

555 2581 643 2632 20.
726 2577 970 2631 Socrates
1013 2593 1118 2629 una
1160 2593 1280 2630 cum
1317 2576 1594 2648 2Aeschine
1633 2575 1907 2643 ῥητορεύειν
1947 2573 2189 2637 ἐδίδαξεν.

734 2666 879 2721 Crito
913 2664 1186 2719 Socratem
1223 2666 1495 2718 ἐπαίδευσε
1518 2671 1610 2727 τῆς
1650 2664 1794 2718 κατα
1822 2666 2002 2731 ψυχὴν
2041 2663 2255 2732 χάριτος

729 2755 971 2823 ἐρασθείς.

555 2847 643 2896 21.
729 2843 940 2898 Solebat
982 2841 1230 2896 Socrates
1268 2844 1319 2896 ἐν
1366 2851 1485 2903 ταῖς
1529 2842 1768 2909 ζητήσεσι
1821 2841 2195 2908 κονδυλίζεσθαι
2250 2841 2336 2895 καὶ

367 2932 783 2997 παρατίλλεσθαι
833 2933 890 2985 τὸ
931 2931 1084 2984 πλέον
1124 2953 1183 2984 τε
1223 2933 1482 2996 γελᾶσθαι
1524 2930 2020 2997 καταφρονούμενος.

556 3022 643 3071 24.
725 3018 970 3072 Socrates
1008 3019 1156 3083 μόνος
1193 3020 1578 3087 ἀπεψηφίσατο
1619 3023 1714 3071 τῶν
1756 3018 1880 3071 δέκα
1916 3021 2202 3084 ςρατηγῶν.
2253 3016 2336 3070 In·
2416 3023 2418 3026 ’

365 3105 633 3159 audivisse
674 3105 875 3177 aliquid
915 3106 1066 3160 vides
1108 3106 1410 3177 hominem,
1452 3106 1591 3176 quod
1641 3104 1943 3158 cuiusmodi
1985 3111 2124 3158 esset
2167 3119 2337 3174 neque

365 3200 616 3247 accurate
657 3192 918 3246 intellexit
959 3211 1131 3264 neque
1179 3195 1351 3247 verbis
1397 3202 1517 3265 apte
1556 3193 1732 3246 dicere
1772 3193 1961 3262 potuit.
2042 3192 2212 3258 Quam
2247 3210 2335 3246 ne-

366 3281 630 3352 gligenter
670 3281 812 3334 enim
855 3280 908 3332 in
953 3297 1011 3333 ea
1055 3298 1112 3334 re
1154 3282 1332 3351 posuit
1368 3281 1591 3335 verbum
1633 3276 2034 3347 ἀπεψηφίσατο.

552 3373 639 3422 24.
718 3366 1017 3422 Alcibiades
1059 3367 1264 3421 Socrati
1306 3368 1451 3422 dedit
1490 3369 1665 3434 χώραν
1698 3366 1980 3431 μεγάλην,
2026 3366 2106 3422 ἵνα
2153 3369 2330 3422 οἰκοδο-

360 3460 590 3521 μήσηται
631 3457 808 3510 οἰκίαν.
888 3454 1116 3525 Lepidus
1169 3463 1284 3509 erat
1334 3455 1665 3517 AlcibiadeS,
1723 3457 1814 3524 qui
1855 3455 2056 3508 homini
2112 3456 2329 3527 pauperi

361 3561 610 3613 magnam
667 3543 811 3597 (ledit
869 3559 1046 3596 aream
1104 3544 1158 3596 in
1214 3542 1373 3606 urbe,
1431 3543 1520 3597 ubi
1577 3542 1676 3596 sibi
1735 3542 1950 3597 domum
2006 3543 2326 3598 aedificaret.

363 3633 646 3688 Poteratne
684 3631 932 3686 inutilius
971 3647 1168 3685 munus
1212 3638 1262 3685 et
1304 3631 1538 3702 ineptius
1585 3632 1927 3702 excogitare?
