2436 4068
1319 189 1423 239 766

381 337 764 408 Spartanorum
805 333 1276 405 pollicitationibus
1322 332 1444 386 freti
1496 333 1753 403 templum
1806 335 1995 387 iterum
2048 344 2345 406 occupant,

380 423 522 478 unde
569 441 669 477 non
726 423 876 493 prius
916 429 1257 476 excesserunt
1299 438 1459 492 quam
1494 419 1770 474 exhaustis
1810 420 1998 491 opibus
2034 425 2199 476 sacris
2240 441 2348 479 om-

381 513 539 566 nibus
599 517 715 582 post
772 511 1135 564 atrocissimas
1205 508 1382 562 clades
1440 515 1492 562 et
1551 508 1783 561 hostium
1843 517 1895 562 et
1951 527 2076 564 suas
2130 511 2344 567 tandem

377 600 618 670 Philippo
672 615 727 652 se
776 614 977 667 suaque
1025 598 1202 650 omnia
1253 598 1423 650 coacti
1479 604 1604 649 sunt
1661 596 1868 650 deflere.
1950 597 2138 652 Statuo
2180 600 2346 669 igitur

377 687 671 740 Phocenses
711 686 784 746 δὶς
825 686 1156 750 καταλαβεῖν
1197 688 1252 738 τὸ
1293 683 1448 750 ἱερόν,
1488 685 1576 738 ἐπί
1608 705 1666 738 τε
1717 685 2093 749 Ἀγαθοκλέους
2135 687 2221 740 καὶ
2262 689 2344 741 ἐπὶ

376 774 755 841 Καλλιςροέτου.
838 775 989 826 Prior
1029 773 1307 843 occupatio
1349 772 1522 825 brevis
1567 771 1705 836 fuit,
1745 788 2020 843 quumque
2060 774 2348 845 Xenophon

376 878 514 914 anno
551 868 666 932 post
701 862 783 914 ἐπ’
825 862 1067 914 'Em-ivon
1109 860 1353 928 ἄρχοντος
1390 860 1454 914 de
1493 867 1637 912 statu
1677 859 1926 914 Graeciae
1963 861 2216 915 scriberet
2258 864 2348 926 ἤδη

376 952 416 1002 οἱ
457 955 630 1010 Φωκῆς
684 951 753 1003 τὸ
809 949 983 1016 ἱερὸν
1035 947 1371 1012 ἐξέλιπον.
1454 948 1589 1000 Hinc
1639 948 1843 1001 semina
1885 949 2006 1000 novi
2042 949 2167 1002 belli
2209 951 2350 1006 iacta

376 1045 518 1091 sunt.
600 1037 768 1103 Quam
813 1037 1024 1091 duriter
1064 1037 1245 1090 statim
1292 1042 1411 1106 post
1464 1036 1714 1089 saevierit
1769 1037 1822 1088 in
1879 1035 2172 1090 Phocenses
2227 1055 2347 1092 con-

376 1125 558 1178 cilium
599 1125 1051 1197 Amphictyonum
1089 1132 1271 1177 notum
1312 1131 1409 1178 est.
1492 1123 1637 1189 Quae
1678 1122 1839 1176 suerit
1882 1130 2057 1178 tantae
2098 1118 2349 1183 sae'vitiae

377 1229 539 1266 causa
579 1219 742 1267 testes
782 1213 1124 1266 dissentiunt.
1205 1213 1342 1266 Audi
1385 1210 1539 1264 modo
1598 1213 1910 1264 Pausaniam
1947 1212 2008 1266 X.
2051 1230 2104 1265 11.
2151 1219 2198 1266 1.
2257 1216 2350 1286 qui
2397 1219 2409 1285 -ζι

375 1318 540 1372 quum
584 1301 807 1354 multam
853 1302 1224 1371 gravissimam
1267 1301 1333 1352 iis
1374 1300 1674 1370 impositam
1719 1307 1988 1354 narrasset
2028 1301 2102 1354 ita
2143 1304 2348 1373 pergit:
2402 1307 2411 1347 ί

374 1391 483 1443 οὐδὲ
518 1388 623 1457 ἔχω
662 1393 751 1443 τοῦ
787 1389 947 1453 λόγου
986 1391 1043 1443 τὸ
1084 1389 1267 1450 ἀληθὲς
1310 1387 1524 1455 ἐξευρεῖν
1565 1388 1697 1442 εἴτε
1745 1389 2163 1450 ἀδικήσασιν
2205 1392 2344 1446 ἐπε·
2407 1435 2410 1440 .

374 1479 595 1542 βλήθη
654 1478 899 1546 σφίσιν
960 1476 1064 1530 εἴτε
1117 1478 1223 1531 κτὲ.
1306 1477 1358 1530 8ἰ
1402 1483 1553 1531 recte·
1584 1493 1613 1530 6
1655 1475 1999 1546 Xenophonte
2039 1478 2351 1548 collegimus

376 1566 635 1636 templum
675 1566 740 1620 ab
782 1567 847 1619 iis
887 1572 1103 1636 repente
1142 1572 1460 1634 occupatum
1502 1564 1691 1618 deinde
1743 1563 1888 1618 brevi
1930 1571 2050 1635 post
2098 1566 2348 1623 relictum

378 1671 522 1720 esse,
565 1655 697 1708 nihil
746 1662 826 1708 est
874 1653 1012 1725 quod
1069 1654 1331 1706 miremur
1370 1652 1570 1706 multae
1611 1653 1972 1722 gravitatem,
2034 1671 2169 1724 quae
2216 1655 2349 1710 Pho·
2396 1688 2397 1691 =

381 1759 565 1797 censes
606 1742 900 1814 desperatis
939 1741 1098 1796 rebus
1146 1743 1259 1795 suis
1297 1741 1363 1795 ad
1421 1747 1660 1794 extrema
1713 1742 1931 1811 quaevis
1973 1742 2215 1796 audenda
2255 1745 2351 1800 im-

378 1830 533 1902 pulit.
613 1830 812 1901 Nempe
848 1829 1030 1883 eadem
1067 1829 1131 1883 de
1164 1845 1324 1883 causa
1363 1827 1642 1900 Spartanis
1679 1836 1731 1882 et
1772 1828 2133 1884 Phocensibus
2166 1832 2350 1902 ingen·
2395 1840 2398 1847 ’

379 1925 490 1972 tem
531 1918 754 1972 multam
796 1918 1216 1990 Amphictyones
1257 1917 1530 1971 dixerunt:
1573 1923 1676 1978 τοῖς
1709 1918 1802 1982 μὲν
1842 1914 1917 1971 ἔτι
1954 1920 2044 1979 τὴν
2084 1920 2348 1984 Καδμείαν

379 2007 678 2073 κατέλαβον
703 2049 715 2070 ,
755 2014 858 2067 τοῖς
898 2007 949 2059 δὲ
990 2004 1064 2060 ἔτι
1106 2006 1163 2059 τὸ
1204 2007 1254 2059 ἐν
1295 2011 1524 2073 Δελφοῖς
1568 2005 1707 2072 ἱερόν.
1791 2005 1993 2075 Vulgus
2035 2005 2308 2062 hominum
2335 2052 2350 2072 ,

377 2096 452 2147 ita
495 2096 573 2148 uti
618 2095 700 2157 fit,
741 2111 771 2147 a
806 2095 1028 2148 secunda
1067 2094 1414 2165 occupatione
1453 2092 1574 2147 belli
1618 2100 1669 2147 ct
1709 2093 2071 2147 calamitatum
2109 2097 2351 2152 omnium

377 2183 635 2253 originem
679 2182 927 2253 repetiit:
987 2183 1217 2254 priorem
1256 2181 1470 2234 biennio
1509 2188 1632 2234 ante
1684 2180 1917 2245 factam,
1969 2183 2094 2252 quia
2147 2182 2351 2239 frustra

376 2269 583 2334 fuerat,
625 2287 726 2323 non
766 2278 1044 2324 curarunt.
1126 2270 1261 2323 Hinc
1300 2268 1501 2322 sactum
1539 2275 1700 2323 estut
1738 2285 1953 2323 rumore
1987 2269 2167 2340 populi
2209 2271 2348 2327 dice-

376 2366 530 2412 retur
588 2361 612 2410 ὁ
670 2357 895 2423 πόλεμος
951 2357 1239 2418 δεκέτης
1303 2357 1576 2420 γενέσθαι,
1635 2363 1688 2411 et
1746 2357 1871 2427 quia
1930 2357 2207 2412 constabat
2264 2362 2347 2414 ἐπ’

375 2447 585 2513 Ἀρχίου
624 2463 737 2500 esse
778 2445 1098 2500 debellatum
1141 2445 1223 2498 ἐπὶ
1260 2444 1621 2512 Καλλιςροέτου
1655 2446 1895 2516 erupisse
1932 2443 2127 2498 bellum
2166 2448 2348 2502 existi-

2404 2449 2408 2458 *
2404 2347 2416 2422 sav-*-
2407 2286 2417 2314 7,*
2414 2270 2417 2276 .

2430 2496 2436 2508 -
2430 2461 2436 2471 κ.
2426 2335 2436 2439 νμ-Αι
2424 2287 2436 2324 --Α
2425 2250 2436 2278 ,ἢ

292 2574 295 2576 >
375 2534 641 2589 mabatur.
723 2534 978 2588 Historici
1019 2539 1203 2586 contra
1245 2550 1409 2604 quum
1452 2534 1623 2604 prima
1663 2532 1787 2586 belli
1827 2532 2034 2586 semina
2073 2539 2125 2587 et
2161 2551 2349 2590 causas
2402 2531 2433 2574 ⁹?

375 2622 694 2693 indagarent
733 2639 846 2676 rem
889 2622 1048 2675 altius
1088 2628 1388 2692 repetentes
1423 2628 1476 2674 et
1529 2621 1631 2674 alia
1672 2621 1977 2691 antiquiora
2033 2637 2349 2678 commemo·
2404 2620 2436 2685 [Γ

375 2717 566 2765 rarunt
625 2717 678 2764 et
734 2712 816 2763 ἐπ’
869 2710 1244 2775 Ἀγαθοκλέους
1319 2709 1615 2763 Phocenses
1684 2710 1741 2762 τὸ
1809 2709 1932 2775 ἱερὸν
1992 2712 2343 2776 καταλαβεῖν.

377 2799 646 2865 Quantum
690 2798 901 2868 quidem
940 2797 1093 2851 hodie
1129 2798 1256 2851 sciri
1296 2805 1469 2868 potest
1510 2796 1855 2850 historiarum
1894 2797 2182 2867 scriptores
2219 2816 2348 2854 una·
2403 2855 2436 2862 ,,

375 2887 509 2939 nimi
561 2902 823 2938 consensu
868 2885 932 2938 ab
971 2885 1276 2955 Agathoclis
1316 2902 1454 2938 anno
1492 2885 1682 2938 seriem
1730 2901 1910 2938 rerum
1954 2885 2008 2937 in
2044 2884 2176 2939 bello
2216 2887 2347 2942 Pho·

376 2975 523 3028 censi
557 2980 827 3043 gestarum
884 2973 1055 3027 exorsi
1108 2980 1267 3026 sunt:
1330 2973 1530 3043 inspice
1583 2972 1870 3025 Diodorum
1935 2971 2036 3026 Sic.
2074 2974 2210 3027 XVI.
2256 2980 2341 3031 14.
2398 2979 2436 3023 ¹1'

376 3080 439 3117 ex
492 3079 597 3133 quo
648 3060 817 3114 obiter
868 3060 1123 3114 mendum
1171 3062 1342 3114 exime
1397 3061 1450 3113 in
1493 3060 1653 3133 Diylli
1704 3062 2004 3115 mentione:
2063 3063 2286 3126 Δίυλλος
2321 3067 2347 3119 ὅ
2395 3062 2401 3084 ”

374 3152 675 3214 Ἀθηναῖος,
716 3149 925 3219 inquit,
966 3144 1143 3214 ἦρκται
1183 3156 1275 3209 τῆς
1316 3149 1503 3214 ἱςορίας
1556 3149 1660 3201 oin-b
1702 3154 1794 3209 τῆς
1848 3151 2342 3215 ἱεροσυλήσεως
2400 3172 2436 3178 ”

375 3239 460 3292 καὶ
498 3239 744 3305 γέγραφε
794 3227 1015 3301 βίβλους
1057 3235 1210 3288 εἴκοσι
1251 3236 1336 3290 καὶ
1379 3235 1532 3289 ἑπτα.
1613 3235 1727 3289 Noli
1774 3235 1990 3290 credere
2029 3239 2339 3304 ἱεροσύλησις

376 3343 491 3380 esse
533 3325 846 3378 vocabulum
888 3324 1147 3378 Graecum
1189 3330 1241 3376 et
1281 3323 1536 3376 emenda:
1578 3325 1682 3376 ἀπὸ
1720 3331 1811 3385 τῆς
1852 3329 1964 3377 τοῦ
2014 3327 2190 3393 ἱεροῦ
2244 3351 2342 3382 0-0-

376 3416 631 3477 λήσεως
681 3419 734 3466 et
786 3411 1108 3465 malesanam
1164 3409 1387 3464 formam
1440 3427 1500 3464 ex
1561 3410 1877 3465 Graecitatis
1933 3429 2061 3482 gaza
2120 3416 2340 3486 expelle.

375 3501 669 3563 DiodoruS‚
730 3517 832 3554 non
890 3500 1132 3573 Diyllus‚
1188 3498 1309 3552 belli
1360 3499 1499 3553 sacri
1559 3499 1774 3553 initium
1822 3501 2049 3572 appellat
2108 3504 2196 3564 τὴν
2252 3508 2340 3558 τοῦ

379 3592 505 3656 ἱεροῦ
548 3588 849 3651 ebanem:
893 3588 1214 3643 Philomelus
1235 3587 1429 3659 templo
1461 3587 1660 3658 potitus
1689 3587 2017 3660 aliquamdiu
2052 3606 2078 3644 a
2115 3593 2338 3662 pecunia
