2436 4068
1286 231 1354 278 42

329 366 568 445 singulos
608 374 800 427 Poetae
838 371 979 426 locos
1019 370 1203 425 sedulo
1243 370 1385 441 apud
1420 386 1541 434 θος,
1581 370 1674 438 qui
1711 379 2018 438 servarunt,
2060 373 2317 445 indagare

330 469 384 517 et
418 460 868 533 quemadmodum
907 467 960 513 et
1000 475 1102 529 quo
1138 457 1359 511 consilio
1395 455 1599 510 laudati
1640 455 1839 511 fuerint
1881 461 2315 534 circumspicere.

331 549 656 604 Plutarchus
709 549 764 602 in
816 548 952 601 libro
1002 546 1064 599 de
1112 545 1400 615 Cupiditate
1451 544 1769 597 Diuitiarum
1806 562 1856 615 p.
1901 551 2026 602 ²525,
2077 550 2138 603 Α.
2186 549 2319 605 haec

338 636 512 693 dedit:
553 638 680 690 ἀλλ’
722 639 772 690 ἐν
818 642 923 695 τοῖς
967 633 1283 700 Θρασωνίδου
1320 639 1495 693 κακοῖς
1538 632 1673 689 ἐςίν·

639 726 761 790 παρ’
801 721 911 787 ἐμοὶ
953 721 1057 789 γάρ
1099 722 1202 778 ἐςιν
1243 719 1375 774 ἔνδον
1416 719 1579 784 ἔξεςιν
1615 720 1667 773 δέ
1707 741 1791 787 μοι

638 810 725 863 καὶ
766 810 1027 874 βούλομαι
1063 809 1204 863 τοῦτ’

342 899 426 971 (ὡς
460 898 524 952 ἂν
561 897 911 963 ἐμμανέςατα
950 898 1066 966 ἐρῶν
1104 895 1205 968 τις)

1242 986 1296 1038 οὐ
1333 989 1454 1037 ποιῶ
1493 983 1571 1037 δέ.

336 1090 474 1144 quae
508 1075 586 1127 sic
620 1073 687 1127 ad
715 1071 992 1127 Menandri
1030 1071 1353 1136 Μισούμενον
1394 1070 1564 1124 relata
1594 1075 1722 1123 sunt
1751 1075 1812 1123 ut
1850 1068 2127 1125 Plutarchi
2166 1071 2326 1126 verba

335 1160 542 1215 scilicet
583 1162 978 1215 omitterentur.
1061 1159 1191 1226 Quis
1231 1176 1335 1211 non
1379 1159 1565 1212 statim
1606 1157 1913 1211 admonitus
1951 1158 2097 1214 videt
2147 1160 2327 1214 omnia

338 1247 469 1308 haec
508 1265 624 1304 esse
662 1247 942 1303 Menandri
978 1248 1033 1301 in
1066 1246 1211 1300 hunc
1249 1245 1467 1299 modum
1505 1245 1907 1300 constituenda:

640 1341 763 1404 παρ’
804 1336 914 1401 ἐμοὶ
957 1336 1061 1402 γάρ
1102 1336 1207 1392 ἐςιν
1248 1333 1382 1388 ἔνδον
1421 1332 1584 1397 έὲεςιν
1624 1333 1677 1386 δέ
1716 1353 1802 1399 μοι

644 1425 730 1478 καὶ
772 1423 1034 1489 βούλομαι
1075 1424 1229 1486 τοῦθ’,
1268 1425 1332 1483 ὡς
1375 1420 1439 1478 &v
1480 1420 1830 1486 ἐμμανέςατα

641 1514 757 1579 ε’ρῶν
796 1532 906 1574 τις,
947 1514 1001 1565 οὗ
1042 1517 1166 1564 ποιῶ
1205 1510 1287 1563 δέ.

415 1599 531 1654 Non
570 1599 820 1654 dissimili
859 1597 1016 1652 modo
1060 1597 1337 1652 Menandri
1387 1597 1493 1652 duo
1530 1595 1784 1652 versiculi
1825 1593 2080 1666 perfaceti
2120 1598 2329 1651 auctori

340 1705 438 1741 suo
471 1705 648 1759 per1e1
653 1695 750 1742 unt
788 1686 930 1759 apud
968 1687 1118 1758 Diog.
1160 1687 1339 1741 Laert.
1381 1686 1468 1740 VI.
1513 1690 1599 1740 95.
1638 1684 1902 1750 μέμνηται
1941 1687 2029 1738 τοῦ
2065 1683 2328 1753 Κράτητος

338 1775 627 1843 Μένανδρος
668 1774 854 1836 οὕτως·

643 1863 1124 1929 συμπεριπατήσεις
1165 1883 1269 1930 γαρ
1309 1861 1514 1928 τρίβων’
1554 1858 1731 1926 ἔχουσ’
1771 1859 1910 1924 ε’μοί,

642 1949 809 2019 ὥσπερ
849 1948 1079 2018 Κράτητι
1119 1951 1189 2017 τῷ
1231 1950 1410 2017 κυνικῷ
1452 1949 1562 2002 ποθ’
1603 1951 1631 2011 ἡ
1675 1948 1843 2012 γυνή,

341 2037 430 2092 καὶ
484 2038 747 2106 θυγατέρα
800 2037 1012 2101 ἐξέδωκε
1064 2039 1328 2103 μαθηταῖς
1383 2039 1542 2090 αὐτοῦ
1599 2035 1802 2096 ἐκείνοις
1862 2035 1947 2088 ἐπὶ
2007 2036 2161 2105 πείρα
2217 2036 2330 2097 δοὺς

337 2123 587 2192 τριάκονθ’
628 2125 821 2193 ημέρας
860 2129 924 2187 ὥς
959 2127 982 2179 o‘
1017 2126 1173 2186 αὐτὸς
1215 2123 1346 2194 ἔφη.
1389 2141 1494 2177 non
1535 2129 1616 2176 est
1650 2122 1750 2176 hoc
1786 2121 1993 2176 elocare
2030 2122 2196 2177 filiam
2236 2122 2331 2178 sed

341 2211 607 2283 flagitiose
657 2214 1008 2284 prostituere,
1061 2220 1116 2267 at
1163 2212 1299 2266 nihil
1351 2209 1661 2265 huiusmodi
1706 2215 1800 2264 aut
1835 2210 2018 2265 Crates
2071 2209 2198 2265 fecit
2237 2216 2331 2265 aut

340 2301 558 2371 scripsit
609 2300 921 2363 Menander;
973 2300 1180 2355 scribae
1228 2317 1324 2353 nos
1371 2282 1747 2362 ludificantur,
1788 2298 1881 2368 qui
1927 2297 2090 2352 verba
2138 2299 2331 2353 Poetae

342 2387 566 2442 disiecta
606 2388 986 2460 depravarunt.
1065 2389 1126 2442 In
1166 2387 1319 2442 libris
1359 2386 1577 2458 optimis
1622 2390 1703 2438 est
1749 2383 1960 2448 ἐξέδωκε
2006 2386 2181 2447 κείνοις
2226 2385 2330 2459 (vel

345 2474 547 2538 ἐξέδωκ’
588 2477 815 2550 ἐκείνοις)
856 2481 921 2538 ὡς
961 2477 1117 2537 αὐτὸς
1158 2475 1261 2544 ἔφη
1315 2474 1400 2529 ἐπὶ
1455 2474 1608 2543 πείρα
1658 2473 1768 2534 δοὺς
1816 2472 2064 2541 τριάκονθ’
2117 2473 2331 2542 ἡμέρας.

341 2565 591 2626 Μαθηταὶ
630 2569 789 2620 αὐτοῦ
830 2567 938 2619 κτέ.
981 2563 1124 2619 unde
1160 2563 1292 2618 haec
1331 2568 1518 2634 poetae
1554 2577 1750 2615 manus
1787 2562 2042 2632 emergit:

644 2652 731 2707 καὶ
774 2653 1014 2721 θυγατέρ’
1054 2652 1256 2716 ἐξέδωκ’
1296 2652 1505 2714 ἐκεῖνος,
1546 2652 1610 2709 ὡς
1652 2647 1754 2717 ἔφη

645 2739 828 2804 αὐτός,
869 2741 954 2794 ε’πὶ
997 2741 1149 2809 πείρα
1188 2739 1298 2799 δοὺς
1339 2736 1588 2805 τριάκονθ’
1629 2736 1848 2803 ἡμέρας.

417 2826 695 2881 Contrario
729 2844 909 2881 errore
943 2827 1223 2897 inquinata
1257 2831 1384 2878 sunt
1418 2822 1696 2878 Menandri
1731 2822 1891 2877 verba
1933 2822 2075 2894 apud
2114 2823 2327 2877 Ammo-

344 2914 497 2967 nium
546 2914 611 2968 de
649 2916 709 2969 D.
746 2915 811 2970 V.
854 2933 904 2986 p.
949 2919 1074 2969 110.
1127 2913 1402 2974 παιδίσκη,
1463 2911 1670 2982 inquit,
1730 2910 1816 2964 καὶ
1875 2917 2001 2971 παῖς
2060 2910 2325 2979 διαφέρει.

343 3002 590 3064 παιδίσκη
642 3004 737 3068 μὲν
789 3002 895 3069 γαρ
937 3005 965 3065 ἦ
1006 3002 1244 3070 ἐλευθέρα
1293 3002 1415 3067 παρ’
1460 3001 1752 3061 Ἀττικοῖς,
1804 3004 1930 3060 παῖς
1984 2999 2037 3052 δὲ
2072 3002 2100 3061 ἦ
2141 2999 2327 3061 δούλη.

344 3088 633 3158 Μένανδρος
668 3092 719 3143 ἐν
760 3089 1069 3156 Δακτυλίῳ·

647 3177 730 3231 ἐπὶ
772 3178 918 3230 τοῦδε
958 3178 1002 3230 δ’
1041 3175 1156 3231 αὖθ’
1197 3174 1352 3236 οὕτως
1394 3175 1416 3228 ὂ
1459 3173 1810 3238 κακοδαίμων,
1850 3171 1985 3240 ἔφη,

644 3267 708 3325 ὥς
748 3267 837 3318 οὐκ
877 3262 940 3317 ἂν
980 3263 1142 3326 ε’κδοίη
1185 3261 1473 3329 θυγατέρας
1511 3260 1734 3326 ἄσμενος

647 3352 733 3405 καὶ
774 3355 951 3404 ταῦτα
991 3352 1311 3414 πεντήκοντα
1352 3349 1632 3407 παιδίσκας
1673 3347 1838 3414 ἔχων.

341 3440 468 3493 huic
516 3440 630 3494 loco
670 3440 1091 3508 inexspectatam
1146 3437 1320 3490 lucem
1371 3434 1650 3488 affundent
1690 3434 1989 3504 scripturae
2037 3431 2323 3496 Codicum,

342 3545 474 3597 quos
522 3527 623 3580 sibi
670 3526 795 3580 olim
840 3524 1256 3579 Valckenaerius
1312 3523 1532 3576 Parisiis
1586 3520 1930 3575 excutiendos
1980 3521 2218 3586 curavit,
2272 3529 2328 3575 et

340 3629 471 3685 quos
511 3616 621 3686 ipse
659 3615 714 3670 in
756 3614 1025 3671 Marciana
1065 3610 1394 3669 Bibliotheca
1438 3608 1723 3682 diligenter
1770 3607 1997 3673 contuli,
2039 3609 2093 3663 in
2133 3608 2331 3681 quihus
