2436 4068
1050 246 1118 299 25

169 391 487 447 Athenionis
533 390 897 462 fragmentum
939 398 1020 446 est
1060 391 1201 463 apud
1242 389 1432 444 Athen.
1466 389 1604 445 XIV.
1646 392 1772 444 660.
1825 391 1879 443 in
1928 391 2084 445 cuius

96 480 202 534 fine
238 478 401 534 verba
439 479 658 534 turbata
693 496 808 534 esse
834 479 1104 534 videntur.

401 567 760 635 καταρχόμεθ’
796 570 945 632 ἡμεῖς
986 569 1029 620 οἱ
1067 566 1338 635 μάγειροι,
1382 567 1613 632 θύομεν,-

396 656 621 715 σπονδας
659 658 932 719 ποιοῦμεν,
973 655 1042 722 τῷ
1077 658 1286 719 μάλιςα
1322 654 1441 715 τοὺς
1483 656 1619 715 θεούς

398 745 522 807 ἡμῖν
555 742 831 795 ὑπακούειν
864 741 950 796 δια
989 742 1048 795 τὸ
1084 743 1233 795 ταῦθ’
1267 741 1529 808 εὑρηκέναι

394 831 466 885 τὰ
502 829 713 894 μάλιςα
756 830 1083 884 συντείνοντα
1122 829 1244 896 πρὸς
1282 829 1340 882 τὸ
1376 829 1464 895 ζῆν
1498 835 1701 892 καλῶς.

283 927 339 971 Β.
400 918 524 985 ὑπὲρ
562 905 836 983 εὐσεβείας
867 914 951 972 οὖν
990 917 1149 987 ἀφεὶς
1183 920 1385 970 παῦσαι
1425 916 1620 981 λέγων.

283 1014 349 1059 Λ.
405 1005 659 1072 ἥμαρτον.
718 1016 775 1059 Β.
814 1006 965 1061 ἄλλα
1004 1007 1143 1074 δεῦρο
1165 1005 1242 1084 ,σὺ
1282 1001 1518 1066 ξυνείσιθι

398 1095 511 1158 ἐμοὶ
550 1093 623 1147 τοὶ
660 1093 709 1147 τ’
752 1093 885 1148 ἔνδον
920 1096 1142 1161 εὐτρεπῆ
1182 1093 1314 1147 ποίει
1348 1092 1547 1157 λαβών.

94 1180 484 1252 Colloquuntur
518 1197 723 1252 coquus
762 1188 816 1235 et
857 1181 932 1246 is,
988 1182 1082 1252 qui
1117 1197 1239 1236 eum
1278 1178 1343 1233 de
1375 1177 1488 1232 foro
1530 1179 1858 1235 conductum
1900 1198 2083 1237 secum

94 1269 313 1326 abducit
346 1267 585 1322 domum.
663 1268 724 1323 In
754 1270 840 1323 via
872 1284 1078 1339 coquus
1108 1267 1362 1339 garrulus
1392 1268 1737 1338 coquinat-iae
1771 1269 1904 1323 artis
1935 1287 2084 1341 prae-

3 1359 6 1361 ’
95 1358 352 1413 stantiam
395 1357 470 1410 ita
513 1355 782 1421 celebrat,
823 1363 883 1411 ut
924 1355 1211 1411 contendat
1243 1353 1322 1410 ὅτι
1361 1353 1570 1410 πάντων
1611 1359 1640 1420 ἦ
1681 1360 1962 1424 μαγειρικὴ
2002 1358 2084 1412 τὲ-

15 1440 17 1442 ’
91 1466 197 1515 χνη
237 1446 359 1514 πρὸς
394 1444 668 1510 εὐσέβειαν
698 1451 898 1502 πλεῖς-α
928 1446 1289 1512 προσενήνεχθ’
1318 1441 1478 1506 ὅλως,
1522 1443 1682 1515 idque
1712 1446 1896 1515 ⁴ipsum
1928 1445 2087 1517 longa

93 1534 335 1590 oratione
373 1533 731 1597 demonstrat,
772 1549 879 1604 qua
914 1539 1136 1587 enectus
1173 1534 1245 1597 iS,
1289 1533 1383 1604 qui
1433 1531 1707 1587 hominem
1756 1532 2087 1589 conduxerat

4 1633 6 1637 ’
95 1622 221 1690 ὑπὲρ
276 1621 550 1687 εὐσεβείας
590 1618 673 1675 οὐν
712 1621 871 1690 ἀφεὶς
910 1625 1114 1675 παῦσαι
1154 1622 1325 1686 λέγων
1349 1663 1361 1685 ,
1407 1621 1602 1692 inquit.
1695 1621 1798 1675 Pro
1828 1613 1987 1690 ἀφείς
2031 1623 2086 1675 in
2140 1617 2143 1620 ’

93 1709 286 1765 Codice
326 1716 408 1764 est
437 1708 615 1778 ἄφες,
670 1710 724 1764 in
774 1727 879 1782 quo
921 1708 1093 1778 σαφές
1148 1709 1308 1763 credo
1354 1708 1547 1772 latere,
1580 1709 1792 1763 'extrita
1844 1709 2088 1764 litterula

94 1798 152 1852 in
192 1797 389 1852 detrito
432 1804 488 1851 et
526 1797 779 1851 lacunoso
819 1796 1019 1852 codice.
1116 1797 1184 1852 Ut
1225 1814 1281 1852 se
1318 1796 1596 1869 expediat,
1623 1821 1625 1823 ·
1650 1797 1772 1864 ὑπὲρ
1813 1798 2087 1863 εὐσεβείας

94 1882 179 1940 οὖν
230 1886 437 1956 σαφές,
498 1886 707 1956 inquit,
747 1892 801 1940 et
857 1886 983 1956 quia
1023 1892 1147 1939 ante
1191 1884 1600 1939 addubitaverat
1640 1890 1843 1939 παῦσαι
1882 1886 2087 1951 λέγων,

97 1973 324 2043 ἥμαρτον
342 1972 526 2046 addit.
609 1973 760 2040 Quod
795 1973 849 2026 in
883 1971 1074 2026 Codice
1110 1974 1357 2044 sequitur
1386 1972 1537 2026 ἄλλα
1572 1972 1710 2040 δεῦρο
1743 1972 1969 2027 συνέσθιέ
1999 1993 2088 2040 μοι

93 2061 368 2117 Dobraeus
405 2062 484 2116 sic
521 2061 740 2116 refinxit
778 2062 918 2129 δεῦρο
953 2061 1016 2114 σὺ
1052 2059 1289 2124 ξυνείσιθι
1327 2060 1444 2126 ἐμοί
1476 2059 1675 2131 optime
1711 2060 1962 2114 instituta
1997 2060 2089 2115 sed

94 2167 202 2204 non
250 2148 489 2222 perfecta
537 2149 946 2213 emendatione,
998 2165 1232 2219 namque
1280 2164 1470 2202 verum
1509 2164 1624 2201 esse
1666 2147 1899 2202 arbitror
1937 2149 2087 2203 ἀλλὰ

91 2238 232 2306 δεῦρο
267 2242 353 2292 νῦν
393 2238 630 2292 συνείσιθι
669 2237 780 2302 ἐμοὶ
831 2236 903 2291 τοὶ
951 2239 1000 2290 τ’
1039 2236 1172 2290 ἔνδον
1212 2239 1434 2304 εὐτρεπῆ
1478 2235 1608 2289 ποίει
1652 2236 1852 2300 λαβών.
1945 2235 2087 2291 Satis

90 2324 412 2388 verborum,
464 2326 677 2397 inquit:
737 2341 874 2378 nunc
916 2339 1128 2379 mecum
1173 2324 1454 2395 ingredere
1495 2322 1715 2378 domum
1764 2331 1816 2377 et
1864 2340 2084 2379 coenam

4 2429 12 2486 ,3
93 2414 242 2469 intus
276 2430 423 2487 para.

2 2670 22 2764 vc·-
4 2575 12 2637 -..

167 2500 346 2558 Unum
392 2501 644 2557 adiiciam
703 2500 1038 2557 Nausicratis
1095 2500 1238 2572 apud
1295 2499 1488 2554 Athen.
1548 2499 1821 2555 vl1.525.
1871 2500 1932 2556 E.
1998 2501 2085 2555 nbi

94 2590 339 2663 aenigma
374 2595 626 2663 ponitur:

395 2681 451 2734 αἱ
489 2678 840 2747 ξανθοχρῶτες
863 2721 877 2743 ,
917 2677 982 2740 ἃς
1012 2677 1209 2733 κλύδων
1243 2674 1518 2739 Αἷξωνικός

393 2766 574 2822 πασῶν
611 2767 796 2835 ἆρίςας
837 2768 889 2821 ἐν
928 2766 1104 2828 τόποις
1145 2763 1482 2827 παιδεύεται,

394 2851 479 2916 αἶς
523 2855 611 2909 καὶ
647 2856 766 2911 θεὰν
798 2861 985 2922 τιμῶσι
1025 2853 1297 2923 Φωσφόρον
1337 2850 1531 2919 Κόρην,

394 2943 608 2998 δείπνων
646 2941 771 2999 ὅταν
810 2944 1056 3011 πέμπωσι
1093 2945 1224 3011 δῶρα
1265 2939 1531 2995 ναυτίλοι.

285 3039 342 3084 Β.
397 3031 622 3099 τρίγλας
662 3032 868 3097 λέγεις.
910 3034 1344 3098 γαλακτοχρῶτα
1384 3029 1600 3092 Σικελὸς
1639 3025 1691 3082 ὅν

397 3120 625 3185 πήγνυσ’
657 3120 816 3188 ὄχλος
850 3119 1042 3189 ῥόμβος
1067 3161 1079 3174 .

92 3221 229 3278 quae
261 3207 340 3261 sic
375 3207 751 3262 constituenda
791 3213 945 3262 sunt:

282 3305 339 3349 B.
397 3297 620 3364 τρίγλας
660 3295 867 3361 λέγεις.

273 3390 339 3438 A.
398 3389 829 3452 γαλακτοχρῶτα
863 3383 1079 3444 Σικελὸς
1121 3380 1173 3436 ὃν
1202 3385 1430 3449 πήγνυσ’
1470 3380 1662 3448 ὄχλος.

283 3479 339 3524 Β.
395 3471 619 3540 ῥόμβος.

94 3554 401 3613 Athenaeus
429 3577 458 3615 e
483 3560 799 3616 Nausicrate
833 3561 943 3617 sola
974 3561 1280 3631 aenigmata
1310 3559 1579 3631 excerpsit
1610 3564 1662 3612 et
1693 3571 1862 3628 pauca
1893 3555 2080 3624 verba,

93 3641 290 3721 quibus
340 3647 588 3720 quodque
625 3635 882 3712 soivi'tur,
936 3656 1147 3705 caetera
1197 3647 1372 3705 media
1418 3646 1615 3703 omisit.
1715 3642 1806 3700 Vel
1856 3645 2080 3700 metrica
