2436 4068
0 0 3 193 Ι
1003 167 1109 216 769

0 224 2 380 i
80 313 269 369 [raude
312 310 688 382 interpolatum
727 309 868 381 apud
925 308 1291 383 Thucydidem
1335 307 1421 362 lv.
1466 312 1553 361 55.
1591 306 1945 359 indicavimus
1984 304 2050 358 ad

0 407 7 473 i
79 399 364 474 Hyperidis
422 400 715 453 orationem
777 396 1076 452 funebrem.
1166 396 1224 450 ln
1286 394 1468 450 eadem
1530 398 1559 466 ξ
1616 394 1815 465 legitur
1868 409 2048 446 errore

4 514 5 517 ¹
81 488 388 544 manifesto:
448 487 534 540 καὶ
577 488 772 547 τούτοις
810 490 935 551 τιμή
977 507 1055 546 τις
1095 487 1275 550 ἐπείη,
1315 483 1490 544 οἵτινες
1545 483 1823 542 πλείους
1878 482 2049 546 μετοί-

82 597 195 636 κους
243 574 599 638 ἁποδείξειανε
660 590 782 627 nam
838 575 951 645 ipsa
1008 575 1084 627 rei
1134 582 1325 626 natura
1379 573 1619 633 πλείςους
1674 569 1941 642 postulat,
1997 574 2058 621 ut

0 633 41 735 i·
80 664 172 719 ln.
217 669 282 717 5:
338 665 380 717 εἰ
421 664 473 717 δὲ
514 662 600 716 καὶ
639 660 778 715 ἆθλα
819 663 1067 728 προτιθείη
1109 682 1187 721 τις
1226 659 1330 720 δ’ςις
1371 660 1678 713 δικαιότατα
1717 657 1804 711 καὶ
1845 655 2053 723 τοὲχιςα

79 753 285 819 διαιροίη
342 750 414 805 τὰ
467 751 792 819 ἀμφίλογα,
845 757 896 803 et
936 751 1013 803 sic
1053 765 1236 802 omnes
1280 748 1476 818 passim
1536 746 1658 800 inde
1709 744 1774 798 ab
1825 744 2053 797 Homero

76 840 387 912 loquuntur.

156 928 268 982 Una
313 925 549 981 litterula
597 934 846 997 corrupta
888 934 970 980 est
1003 924 1096 980 111.
1142 931 1208 978 1:
1249 923 1393 977 ναυσὶ
1436 923 1696 982 καλλίςας
1745 922 1831 975 καὶ
1873 922 2054 989 ἄσφα-

31 1030 34 1034 ’
78 1016 312 1076 λεςάτας
349 1015 612 1082 ὑποδοχὰς
646 1014 790 1081 ἔχει,
830 1012 953 1068 ὅπου
984 1020 1038 1079 γ’
1074 1013 1176 1071 {cm
1212 1011 1617 1078 εἷσορμισθέντας
1659 1010 1860 1072 ἡδέως
1902 1007 2051 1063 ἕνεκα

78 1110 327 1172 χειμῶνος
383 1102 764 1157 ἀναπαύεσθαι.
843 1103 1104 1172 Loquitur
1146 1117 1229 1154 res
1270 1101 1383 1170 ipsa
1426 1106 1478 1150 et
1517 1097 1714 1151 ciamat
1757 1114 1850 1168 pro
1900 1097 2051 1160 ἡδέως

81 1200 324 1264 oportere
359 1193 517 1251 ἀδεῶς
560 1191 853 1255 substitui,
908 1188 1045 1260 quod
1088 1188 1167 1242 vel
1210 1187 1380 1240 solum
1421 1183 1570 1238 ἕνεκα
1610 1187 1862 1253 χειμῶνος
1905 1184 2054 1237 addi-

15 1347 22 1350 ·
79 1287 196 1334 ium
239 1278 491 1333 declarat.
571 1279 724 1334 Nulla
767 1284 1058 1349 tempestas
1094 1275 1238 1329 iliam
1281 1275 1608 1329 securitatem
1645 1272 1861 1326 turbare
1901 1288 2055 1343 posse

13 1306 37 1436 i
79 1369 159 1422 sic
197 1367 414 1421 dicitur.
493 1366 770 1420 Contrario
809 1381 990 1419 errore
1026 1363 1165 1435 apud
1207 1363 1493 1417 Isocratem
1536 1362 1592 1414 in
1633 1359 1812 1415 Antid.
1858 1363 1887 1431 §
1932 1364 2054 1416 115.

19 1459 32 1501 τ’
82 1455 308 1510 Urbinas
344 1453 590 1509 exhibet:
633 1457 860 1518 ἡγοῦμαι
897 1454 939 1507 δ’
978 1453 1116 1517 ὑμᾶς
1157 1453 1346 1512 οέδεῶς
1386 1451 1450 1506 ἂν
1489 1453 1706 1504 οἰκοῦσαι
1747 1465 1843 1520 pro
1881 1449 2052 1512 ἡδέως.

16 1603 26 1612 ⁸
151 1542 412 1597 Confusae
453 1549 579 1596 sunt
613 1541 678 1596 de
720 1558 866 1595 more
901 1541 1321 1612 praepositiones
1359 1540 1414 1592 in
1457 1539 1548 1592 111.
1591 1543 1649 1593 5:
1689 1540 1752 1598 ὡς
1788 1538 1862 1602 ,αὴ
1900 1540 2051 1592 απο-

15 1621 20 1629 ’
80 1632 363 1686 κωλύεσθαι
396 1633 655 1684 ἀποπλεῖν
690 1631 776 1684 τὸν
810 1628 1147 1695 βουλόμενον,
1190 1629 1281 1699 qui
1316 1629 1458 1682 enim
1496 1627 1640 1681 abire
1678 1626 1928 1680 volentem
1961 1633 2056 1680 aut

19 1781 26 1788 ⁸
80 1726 429 1774 coenaturum
473 1725 567 1772 aut
603 1716 968 1789 proiecturum
1007 1716 1183 1770 odiose
1221 1716 1408 1770 detinet
1459 1716 1615 1786 eique
1659 1714 1712 1767 in
1753 1723 2057 1780 moreest,

15 1816 26 1859 t
83 1823 188 1878 quo
225 1807 405 1860 minus
444 1804 497 1859 id
539 1805 678 1876 quod
719 1812 844 1876 agat.
865 1806 1048 1859 statim
1096 1812 1350 1876 peragat,
1391 1803 1593 1858 dicitur
1625 1803 1801 1856 Attice
1842 1803 2055 1858 κωλύειν

0 1949 2 1965 y
82 1894 231 1958 τινά,
286 1901 381 1948 aut
434 1893 791 1948 κατακωλύειν
830 1894 1067 1956 ἀπιέναι,
1124 1895 1419 1958 ἀποπλεῖν,
1472 1893 1716 1952 δειπνεῖν,
1767 1891 2057 1956 ἀνοίγεσθαι

0 1998 1 2035 1
83 1991 135 2037 et
190 1984 310 2037 sim.
367 1983 524 2036 cuius
575 1982 651 2036 rei
704 1989 825 2036 nota
876 1988 1003 2036 sunt
1053 1979 1295 2051 exempla
1345 1979 1484 2052 apud
1541 1978 1951 2050 Aristophanem
2004 1986 2058 2034 et

16 2086 18 2092 ⁴
82 2070 228 2125 alios,
322 2071 507 2142 ltaque
568 2069 857 2141 Xenophon
919 2075 977 2122 ut
1035 2069 1086 2121 in
1145 2067 1495 2122 Oeconomico
1535 2067 1651 2122 XII.
1709 2073 1757 2122 1.
1819 2067 2056 2123 dixerat:

0 2164 30 2221 Β
82 2160 228 2214 ἀλλὰ
280 2162 354 2226 μή
409 2181 469 2213 σε
526 2159 943 2213 κατακωλύω
992 2156 1199 2211 ἀπιέναι
1254 2157 1343 2220 ἤδη
1404 2157 1748 2222 βουλόμενον;
1801 2156 1879 2210 sic
1929 2156 1981 2210 ll.
2022 2156 2055 2210 Ι.

15 2250 25 2321 ².
81 2246 279 2301 dixisse
319 2246 533 2301 videtur
569 2249 634 2307 ὦς
672 2249 748 2312 μὴ
801 2246 1381 2301 κατακωλύεσθαι
1438 2246 1697 2298 ἀποπλεῖν
1744 2246 1830 2299 τὸν
1875 2245 2058 2311 βουλό-

0 2348 32 2388 ψ
79 2355 247 2401 μενον.

173 2422 398 2478 Multum
462 2423 660 2495 negotii
720 2423 991 2479 facessivit
1049 2422 1440 2495 Interpretibus
1501 2421 1648 2476 locus
1689 2421 1776 2476 IV.
1821 2426 1888 2476 4:
1948 2423 2056 2478 οὐδὲ

23 2547 25 2553 1
81 2514 260 2580 φθονεῖ
292 2513 450 2572 οὐδεὶς
490 2518 595 2573 τοῖς
636 2512 1127 2580 ἐπισκευαζομένοις.
1210 2509 1569 2565 Schneiderus
1609 2510 1808 2580 optime
1860 2510 2057 2566 Graece

0 2597 2 2603 ’
84 2602 259 2656 sciens
299 2602 468 2655 sensit
529 2600 788 2672 »intelliqi
826 2601 1009 2655 debere
1051 2617 1182 2672 quae
1222 2598 1542 2653 reficiuntur
1581 2616 1734 2669 opera
1772 2600 1826 2652 in
1874 2617 2056 2670 arqen-

19 2759 21 2762 .
82 2689 319 2762 tisodim's
353 2682 503 2743 antea
543 2688 802 2743 deserta.”
882 2688 983 2743 Sed
1028 2705 1129 2742 non
1172 2688 1418 2742 convenit
1455 2686 1553 2740 hoc
1597 2687 1893 2741 sententiae
1938 2686 2057 2742 loci.

89 2775 186 2830 Hic
241 2792 451 2847 quoque
506 2777 648 2832 κατα
708 2776 998 2831 intercidit.
1092 2774 1360 2830 Emendat
1421 2775 2057 2843 ἐπικατασκευαζομένοις.

16 2877 18 2887 “
86 2862 222 2930 Quid
276 2865 346 2917 sit
399 2865 451 2917 in
503 2865 734 2919 metallis
773 2864 1253 2932 κατασκευάζεσθαι
1308 2862 1523 2934 colliges
1578 2879 1639 2918 ex
1686 2866 1714 2934 §
1758 2868 1821 2918 11
1869 2871 1921 2918 et
1963 2868 2050 2918 22.

82 2958 136 3005 ct
187 2950 275 3004 lv.
321 2954 411 3005 28.
470 2952 608 3007 unde
666 2960 884 3024 apparet
946 2951 1344 3024 Xenophontem
1408 2951 1507 3006 hoc
1574 2950 1786 3006 dicere:
1848 2959 2051 3007 tantam

82 3054 198 3094 esse
237 3040 445 3109 argenti
497 3042 547 3093 in
606 3040 832 3095 metallis
884 3041 1087 3112 copiam
1134 3047 1191 3094 ut
1233 3057 1388 3094 nemo
1429 3038 1693 3102 invideat,
1750 3040 1791 3093 si
1851 3041 1941 3111 qui
1991 3040 2059 3094 ad

84 3145 144 3182 ea
184 3127 465 3182 exercenda
521 3129 586 3182 iis
627 3130 717 3200 qui
760 3136 913 3183 antea
960 3137 1269 3184 exercerent
1309 3130 1425 3183 novi
1458 3128 1713 3183 accedant.

160 3215 219 3269 ln
261 3214 354 3270 ΙΙΙ.
396 3219 463 3270 4:
504 3218 700 3281 ἀγαθὸν
740 3219 791 3272 δὲ
831 3218 916 3272 καὶ
958 3246 1033 3257 -
1071 3218 1179 3272 ἐπὶ
1238 3216 1420 3287 ξενίᾳ
1460 3216 1562 3274 ἔςιν
1615 3213 1699 3269 ὅτε
1746 3218 2055 3283 καλεῖσθαι,

85 3303 253 3358 miror
292 3301 623 3359 Dindorfinm
667 3322 769 3359 non
818 3306 1110 3361 correxisse
1161 3305 1245 3361 ἐπὶ
1300 3305 1519 3368 ξένια,
1578 3301 1715 3374 quod
1777 3303 1932 3357 unice
1973 3321 2054 3359 ve-

81 3408 202 3446 rum
242 3408 358 3446 esse
400 3392 451 3444 in
493 3408 553 3446 ea
593 3410 652 3448 re
694 3410 835 3448 nunc
872 3394 1003 3448 satis
1042 3401 1268 3448 constat.

158 3480 215 3534 ln
258 3479 351 3534 ΙΙΙ.
396 3484 446 3532 Ξῖ.
498 3496 663 3550 quum
723 3481 1003 3537 manifesto
1059 3483 1308 3537 vitiosum
1364 3480 1433 3533 sit
1487 3478 1705 3546 τοσούτῳ
1761 3478 1824 3532 ἂν
1877 3486 2051 3534 πλεῖον

81 3569 166 3622 καὶ
216 3567 475 3631 εἰσάγοιτο
524 3567 631 3638 [καὶ
682 3568 945 3642 ἐξαγοιτο]
1001 3572 1085 3625 καὶ
1131 3571 1479 3635 ἐκπέμποιτο,
1521 3566 1609 3620 alii
1657 3583 1932 3639 perperam
1974 3569 2054 3621 ἐκ·
