2436 4068
1309 174 1341 223 8

323 316 514 371 scribis
554 314 725 370 multa
765 314 871 368 iam
919 312 1272 376 ostendimuS,
1328 312 1432 366 alia
1483 312 1614 366 alias
1663 315 2021 371 ostendemus.
2079 316 2306 372 Miratus

322 421 442 458 sum
494 419 666 474 nuper
713 401 934 456 eandem
979 402 1033 454 in
1077 401 1193 464 illo,
1235 400 1329 470 qui
1367 400 1666 467 Ἱεροκλέους
1713 404 1799 457 καὶ
1843 405 2123 472 Φιλαγρίου
2158 413 2306 459 Φιλο·

323 490 753 562 γέλωταζξεᾱθηε
799 489 853 541 in
895 487 934 560 §
978 492 1047 541 88
1088 488 1162 539 ita
1212 487 1455 558 scripsit:
1508 490 1840 555 Σχολαςικὸς
1893 493 2305 560 ἐπανερχόμενος

320 578 427 634 ὅθεν
457 580 791 643 ἀπεδήμησεν
825 577 911 630 καὶ
943 575 1239 639 ἀναβαίνων
1277 575 1479 641 ὑψηλὴν
1516 577 1781 641 οὶνοέβασιν
1812 579 2074 646 ἐθαύμαζε
2102 581 2305 645 λέγων·

320 669 546 722 ἐνταῦθα
594 663 679 719 ὅτε
728 669 919 731 πρῶτον
968 666 1031 723 ὡς
1080 664 1319 730 ἐπαρκεῖν
1371 661 1546 716 ὥδευον
1593 664 1897 730 κατάβασις
1946 665 2003 729 ἦν
2058 667 2144 721 καὶ
2199 674 2305 729 πῶς

319 752 403 809 οὖν
449 754 656 821 ταχέως
711 750 923 815 ἠλλοὶγη
978 750 1063 803 καὶ
1115 749 1379 815 οὲνοὲβασις
1420 751 1646 816 γέγονε;
1705 753 1806 806 Pro
1845 755 2087 821 ἐπαρκεῖν
2128 756 2182 807 in
2225 772 2308 809 co-

322 843 439 896 dice
480 848 559 895 est
600 845 831 907 παρκεῖν.
913 837 1240 892 Suavissime
1281 837 1499 892 Editor:
1553 839 1775 910 »Recepi
1812 843 2053 909 ἐπαρκεῖν
2093 842 2307 897 verbum

324 930 446 983 bene
502 928 783 988 Graecum,
827 926 917 979 sed
953 926 1099 979 cuius
1135 943 1341 978 sensum
1380 944 1516 980 nunc
1558 927 1648 980 vix
1682 929 1882 1000 capi0.''
1962 927 2308 985 Ostendimus

323 1016 449 1071 alibi
491 1031 653 1086 quam
699 1012 854 1067 facile
893 1034 921 1075 n
964 1019 1017 1067 et
1052 1034 1083 1067 κ
1124 1012 1549 1067 confundantur:
1592 1014 1816 1068 emenda
1852 1016 2023 1086 igitur
2054 1014 2139 1071 ὅτε
2179 1023 2307 1086 πρῶϊ

321 1125 407 1160 τον
445 1105 659 1172 παρῄειν
698 1102 1001 1167 κατάβασις
1039 1099 1094 1164 ἧν
1137 1106 1191 1154 et
1226 1101 1425 1154 mirare
1462 1100 1764 1155 scribarum
1810 1102 2178 1174 diligentiam,
2214 1106 2308 1176 qui

322 1210 391 1247 ne
430 1191 576 1246 istud
616 1189 830 1261 quidem
867 1189 979 1243 leve
1031 1187 1296 1242 scribendi
1351 1205 1521 1258 genus
1574 1189 1817 1260 populari
1866 1206 2111 1246 sermone
2164 1193 2311 1247 nulla

246 1313 248 1316 <
324 1287 440 1336 arte
481 1279 837 1350 compositum
886 1277 998 1330 sine
1036 1276 1184 1346 turpi
1224 1291 1404 1328 errore
1444 1275 1832 1331 describebant.
1912 1277 2116 1332 Ibidem
2155 1278 2194 1352 S
2239 1284 2309 1335 85

326 1369 530 1422 dicitur
583 1366 739 1420 homo
794 1363 976 1417 fatuus
1031 1365 1102 1424 εἷς
1153 1364 1314 1417 οἰκίαν
1363 1366 1539 1426 καινην
1587 1366 1924 1430 μετοικισθεὶς
1978 1366 2064 1419 καὶ
2106 1368 2178 1421 τοὶ
2219 1369 2311 1436 πρὸ

324 1462 414 1512 τοῦ
456 1456 683 1514 πυλῶνος
724 1453 962 1520 καβηρᾶς
1003 1450 1326 1519 ἐπιγράψαι·
1369 1449 1419 1512 ὃς
1461 1450 1525 1505 ἂν
1571 1451 1663 1506 ὦδε
1716 1453 1901 1521 κόπρια
1947 1453 2096 1524 βοέλη
2147 1455 2314 1509 οὲπόλ-

326 1559 473 1600 λυσιν
515 1542 672 1597 αὐτα.
752 1541 961 1595 Editor:
1020 1559 1119 1592 »cm
1148 1538 1465 1607 καμαραςῗ”
1519 1541 1711 1611 apage!
1762 1557 1951 1595 verum
1987 1549 2067 1596 est
2112 1543 2183 1597 τα
2222 1544 2315 1610 πρὸ

326 1638 417 1687 τοῦ
458 1636 684 1691 πυλῶνος
723 1631 962 1697 καθήρας.
1020 1628 1219 1681 Comici
1259 1627 1623 1698 fragmentum
1659 1629 1913 1683 mutilum
1953 1629 2154 1701 legitur
2186 1629 2313 1683 ibid.

328 1719 368 1793 S
409 1722 534 1772 226.
595 1719 795 1771 Histrio
829 1715 1108 1770 famelicus
1147 1716 1232 1768 τὸν
1259 1716 1578 1780 ἀγωνοθέτην
1612 1718 1704 1784 πρὸ
1735 1721 1823 1771 τοῦ
1863 1719 2108 1774 εἰσελθεῖν
2143 1717 2313 1786 ἄριςον

328 1808 457 1877 ᾔτει.
517 1805 659 1860 Gur?
705 1804 896 1875 inquit.
939 1801 1047 1865 ἵνα,
1092 1803 1227 1872 ἔφη,
1270 1805 1343 1868 μη
1384 1805 1730 1870 ἐπιορκοῦντες
1769 1804 2010 1873 λέγωμεν

632 1893 845 1960 ἠρίςησα
888 1893 943 1954 νη
984 1893 1352 1958 τῆν”Αρτεμιν
1402 1890 1412 1964 Ι
1453 1890 1587 1956 μαλ’
1623 1892 1775 1954 ἡδέως
1799 1933 1812 1946 .

330 1989 395 2038 tu
433 1982 679 2051 corrige:
718 1978 800 2033 ἵνα
839 1982 912 2046 μη
954 1980 1192 2046 ἐπιορκῶν
1231 1978 1371 2042 λέγω
1399 1997 1410 2007 ·

635 2069 737 2133 ἐγὼ
777 2069 874 2134 μὲν
915 2067 1163 2135 ἦρίςησα,
1201 2068 1256 2128 νη
1298 2067 1389 2127 την
1424 2067 1676 2134 ’Ἄρτεμιν
1700 2109 1714 2129 ,

633 2155 767 2222 μαλ’
808 2155 958 2219 ἡδέως
983 2198 994 2209 .

332 2245 449 2300 Non
512 2250 667 2298 teneo
730 2261 816 2298 me
874 2244 1003 2314 quin
1058 2242 1141 2296 his
1193 2242 1384 2296 addam
1437 2248 1680 2296 veterum
1734 2242 2037 2297 scribarum
2082 2260 2320 2299 errorem

333 2350 440 2388 non
482 2331 797 2386 dissimilem
822 2375 837 2394 ,
882 2331 1024 2385 unde
1064 2347 1225 2401 quam
1268 2330 1402 2383 nihil
1442 2331 1534 2384 isti
1573 2331 1810 2401 cogitent
1851 2330 2085 2401 colliges,
2164 2331 2321 2403 Apud

336 2421 666 2493 Polyaenum
706 2420 791 2473 VI.
841 2423 922 2473 16.
963 2424 1013 2472 4.
1063 2420 1118 2472 in
1170 2417 1451 2473 Codicihus
1503 2418 1731 2489 legitur:
1791 2418 2125 2487 Καρχηδόνιοι
2167 2432 2320 2474 πολε-

338 2513 555 2575 μοῦντες
597 2507 773 2575 Ἱέρωνι
833 2509 1022 2575 νύκτωρ
1076 2506 1488 2567 ἐπιπλεύσαντες
1550 2509 1797 2576 Μεσσήνη
1836 2507 2054 2568 πλησίον
2096 2506 2320 2584 τῆςίπό·

337 2611 465 2658 λεως
514 2598 601 2650 ὑπ’
641 2595 1060 2663 Ἀκραγαντίνων
1100 2595 1552 2661 καθωρμίσθησαν,
1615 2595 1745 2648 alias
1787 2611 1872 2648 res
1912 2595 2101 2665 agebat
2145 2595 2322 2650 scriba

340 2685 434 2755 qui
487 2701 552 2738 ex
598 2691 1116 2738 THAKPANTINA
1166 2683 1351 2736 elicuit
1400 2684 1486 2737 ὑπ’
1518 2682 1940 2750 Ἀκραγαντίνων
1991 2682 2151 2736 verba
2190 2682 2324 2737 hene

342 2772 543 2827 Graeca
596 2772 686 2826 sed
729 2788 958 2842 quorum
1011 2789 1228 2825 sensum
1270 2787 1415 2825 nunc
1462 2772 1548 2824 vix
1597 2769 1856 2841 capiebat.
1934 2770 2323 2841 Corrigendum

342 2866 423 2914 est
464 2861 550 2913 ὑπ’
594 2859 756 2927 ἄκραν
795 2860 914 2913 τινα
954 2860 1392 2927 καθωρμίσθησαν.
1470 2858 1875 2913 Eiusdemmodi
1917 2858 2086 2928 igitur
2126 2858 2178 2911 in
2220 2858 2323 2913 An-

343 2947 588 3018 tiphonte
641 2955 722 3001 est
770 2948 959 3000 vitium
1000 2969 1065 3012 γε
1104 2951 1310 3012 οὲγνοεῖν
1351 2965 1446 3018 pro
1484 2954 1767 3013 γεγωνεῖν,
1819 2945 1959 3016 quod
1994 2945 2216 3000 verbum
2257 2962 2324 3000 ne

342 3036 466 3105 quis
507 3035 677 3106 poetis
710 3036 986 3105 proprium
1026 3042 1078 3088 et
1107 3053 1136 3088 a
1176 3036 1350 3090 soluta
1370 3037 1608 3090 oratione
1648 3035 1883 3089 alienum
1906 3049 2020 3087 esse
2054 3033 2325 3088 existimet

346 3121 648 3175 adscribam
688 3122 862 3176 locum
905 3139 968 3177 ex
1010 3123 1200 3195 Hippia
1240 3125 1473 3189 maiore,
1527 3123 1620 3194 qui
1667 3123 1720 3175 in
1772 3121 2060 3174 Platonicis
2100 3120 2324 3191 dialogis

347 3209 732 3263 circumfertur
751 3253 765 3274 ,
796 3227 844 3279 p.
872 3214 996 3264 292.
1029 3210 1087 3263 D.
1112 3211 1249 3265 οὐδέν
1270 3233 1344 3266 σοι
1373 3216 1580 3277 μᾶλλον
1601 3215 1849 3275 γεγωνεῖν
1871 3208 2094 3272 δύναμαι
2118 3208 2146 3270 ἢ
2169 3208 2217 3261 εἴ
2233 3228 2319 3274 μοι

342 3297 674 3366 παρεκάθησο
702 3299 836 3358 λίθος
868 3298 955 3351 καὶ
985 3295 1126 3360 οὗτος
1157 3301 1350 3365 μυλίας
1377 3302 1501 3365 μήτ’
1532 3295 1640 3352 ὦτα
1669 3299 1795 3363 μήτ’
1831 3294 2130 3364 ἐγκέφαλον
2158 3295 2319 3362 ἔχων,

346 3402 520 3455 neque
575 3385 919 3456 Antiphontis
972 3386 1267 3457 discipulus
1317 3388 1581 3441 dubitavit
1639 3383 1974 3449 γεγωνίσκειν
2027 3381 2204 3436 dicere
2258 3381 2323 3436 de

346 3472 494 3527 Nicia
549 3473 890 3548 Thucydides
933 3474 1044 3528 Vll.
1090 3479 1175 3528 76.
1225 3475 1536 3542 βουλόμενος
1579 3473 1661 3528 ἐπὶ
1713 3477 1923 3529 πλεῖςον
1965 3471 2317 3534 γεγωνίσκειν.
