2436 4068
1014 182 1120 232 279

70 324 200 381 οὗτοι
236 323 318 380 οὗν
352 324 438 377 καὶ
478 324 739 386 θνήσκουσι
781 326 1042 379 δεκαταῖοι
1088 325 1328 390 μάλιςα,
1384 331 1437 380 et
1488 324 1700 379 similia.
1783 325 1932 380 Plato
1970 337 2050 381 so·

70 414 189 478 lus,
228 410 368 482 quod
409 411 609 474 sciam,
647 410 792 466 ἄττα
832 414 948 467 sine
988 414 1204 468 nomine
1251 430 1446 485 ponere
1488 412 1656 477 solet,
1715 419 1772 468 ut
1821 413 1874 467 in
1917 413 2051 485 Rep.

69 501 134 556 V.
174 502 286 555 449
326 499 381 552 Β.
425 498 608 564 ἔλεγεν
666 499 808 554 ἄττα
848 503 1215 570 προσκεκυφώς
1244 544 1257 558 .
1315 501 1403 555 ubi
1450 500 1606 566 ἔλεγέ
1650 522 1765 557 τινα
1815 518 1919 556 non
1962 518 2052 573 po·

69 595 206 644 terat
245 586 441 641 dicere.
523 587 683 642 Plura
720 586 980 642 indicabit
1015 588 1357 643 Heindorfius
1393 588 1461 644 ad
1504 589 1723 646 Theaet.
1766 606 1816 661 p.
1847 593 1953 644 148
1993 589 2048 645 C.

66 677 177 731 lam
219 674 507 728 videndum
558 681 638 729 est
686 674 1139 746 quemadmodum
1190 677 1244 729 in
1295 676 1378 731 bis
1430 677 1636 733 scribae
1692 678 1928 749 grassari
1968 694 2048 739 so-

68 764 228 820 leant.
317 763 559 817 Primum
618 763 861 817 omnium
915 762 1054 817 male
1098 762 1311 833 explent
1361 764 1636 821 elisionem
1693 773 1747 821 et
1802 765 2050 821 scribunt

66 859 189 907 ποῖα
228 850 408 914 ἄττα,
450 855 669 906 τοιαῦτα
711 849 853 905 ἄττα
876 892 890 913 ,
930 851 1107 917 οἰκτροὶ
1146 850 1328 912 ἄττα,
1372 851 1427 905 in
1470 853 1710 909 Phaedro
1755 872 1806 926 p.
1837 857 1945 911 259
1985 855 2048 911 A.

64 940 359 1007 ἀνδράποδα
412 938 593 1003 ἄττα,
652 940 708 992 in
761 937 992 1012 Lyside,
1060 946 1117 993 ul
1168 939 1436 1002 vidimu8‚
1492 941 1608 1009 τρία
1664 942 1807 998 ἄττα
1861 950 1914 998 et
1968 943 2048 998 sic

63 1029 281 1101 passim.
359 1027 560 1082 Eodem
611 1043 793 1080 errore
851 1026 1109 1081 scribitur
1167 1029 1221 1082 in
1279 1027 1767 1083 Grammaticorum
1825 1030 2045 1094 λέξεσιν.

66 1116 312 1172 Photius:
352 1116 531 1170 Λοιποὶ
568 1113 747 1170 kri-a:
804 1115 966 1169 λοιποὶ
1012 1136 1166 1178 τινα,
1221 1115 1554 1189 Hesychius:
1613 1118 1815 1183 Ὀλίγα
1866 1118 2045 1174 dna:

60 1205 220 1270 ὀλίγα
261 1203 415 1267 τινα,
454 1210 509 1258 et
542 1203 666 1258 aliis
700 1203 847 1258 locis.
929 1203 1006 1258 Ne
1041 1210 1276 1259 metrum
1319 1203 1536 1276 quidem
1576 1206 1773 1262 retinet
1812 1206 2046 1263 scribas:

62 1293 116 1348 in
150 1291 394 1348 Nubibus
429 1308 506 1345 vs,
535 1294 664 1346 620.
707 1291 988 1346 Ravennas
1025 1292 1266 1348 exhibet:

364 1376 471 1440 ὄςις
507 1379 948 1447 σκαλαθυρμάτια
986 1378 1132 1434 ἄττα
1171 1381 1332 1449 μικροὶ
1370 1382 1639 1448 μανθάνων
1660 1425 1674 1446 ,

60 1485 167 1542 quo
202 1467 559 1524 confidentius
597 1475 807 1523 caetera
855 1467 1180 1523 emendabis
1263 1471 1544 1526 Praeterea
1588 1471 1680 1526 ubi
1728 1478 1853 1527 ante
1895 1487 2044 1527 voca-

61 1557 164 1613 lem
214 1555 336 1612 ἅττ’
383 1563 477 1611 aut
525 1555 650 1611 ἄττ’
701 1564 785 1612 est
823 1557 1087 1629 scriptum
1132 1574 1289 1630 saepe
1343 1558 1574 1614 alterum
1623 1581 1657 1615 τ
1695 1561 1954 1615 omittunt
1992 1567 2047 1616 et

61 1645 151 1702 ἅτ’
183 1652 278 1700 aut
311 1643 406 1710 ἄγ’
440 1644 676 1700 assolent
712 1644 971 1709 scribere,
1012 1646 1168 1700 cuius
1207 1647 1284 1701 rei
1326 1648 1433 1701 iam
1469 1648 1834 1720 compluscula
1870 1665 2046 1705 exem·

64 1734 148 1806 pla
185 1750 349 1805 supra
385 1732 669 1798 dedimus,
722 1734 812 1788 ubi
870 1735 924 1787 in
961 1733 1221 1805 Eupolide
1273 1735 1684 1791 ostendebamus
1745 1754 1839 1809 pro
1884 1737 2047 1805 μικροὶ

60 1824 118 1887 γ’
178 1823 394 1888 ὀρτύγια
444 1823 647 1893 optime
705 1823 999 1877 Porsonum
1053 1822 1366 1878 emendasse
1424 1826 1564 1893 μίκρ’
1617 1823 1740 1880 ἄττ’
1807 1825 2044 1893 ὀρτύγια.

62 1910 207 1965 Idem
247 1911 299 1964 in
348 1908 685 1966 Adversariis
733 1928 784 1983 p.
822 1914 948 1965 257.
1003 1909 1147 1966 ἅσσα
1189 1911 1472 1982 aliquoties
1513 1912 1760 1986 Sophocli
1812 1913 2047 1969 reddidit

60 2007 115 2053 et
156 1997 453 2071 Agathoni:

362 2086 602 2152 ἀγένητα
640 2095 800 2142 ποιεῖν
822 2130 836 2151 ,
876 2086 998 2142 ἅσσ’
1039 2087 1104 2143 ἂν
1143 2087 1172 2156 ,ἦ
1213 2089 1585 2157 πεπραγμένα.

63 2191 159 2247 pro
196 2173 307 2229 ἔστ’
346 2175 411 2229 ἂν
450 2173 497 2243 ᾖ.
576 2174 805 2229 Confusa
845 2182 974 2229 sunt
1013 2175 1196 2230 eadem
1235 2183 1288 2231 et
1329 2177 1454 2231 alibi
1496 2188 1550 2233 et
1589 2177 1731 2250 apud
1768 2176 2046 2233 Aeschrio·

62 2279 183 2318 nem
225 2261 468 2317 Samium
507 2262 700 2318 Athen.
744 2280 794 2335 p.
829 2268 937 2318 555
980 2264 1039 2319 D.

362 2350 592 2419 ἔγραψεν
632 2349 753 2406 ἅσσ’
793 2351 987 2419 ἔγραψ’
1009 2393 1024 2417 ,
1062 2353 1165 2417 ἐγὼ
1205 2354 1310 2421 γαρ
1349 2357 1439 2409 οὐκ
1477 2351 1613 2410 οἶδα.

60 2438 151 2495 ubi
201 2440 256 2494 in
303 2438 424 2494 aliis
466 2447 546 2495 est
590 2438 700 2494 ὄπ’
741 2439 957 2507 ἔγραψ’.
1036 2441 1311 2497 Interiisse
1363 2441 1507 2498 ἅττα
1554 2450 1607 2498 et
1645 2442 2042 2500 restituendum

0 2529 28 2615 li
61 2545 155 2601 pro
192 2526 287 2593 ἄγ’
342 2529 587 2599 suspicor
626 2529 679 2582 in
721 2530 962 2583 oratione
1003 2530 1177 2600 prima
1214 2534 1335 2585 κατ’
1375 2533 1773 2600 Ἀριςογείτονος
1831 2550 1880 2604 p.
1915 2535 2041 2586 770.

0 2625 3 2645 '
56 2619 147 2672 οὐκ
185 2618 375 2680 ὀκνήσω
416 2618 537 2699 πρὸς
594 2617 731 2682 ὑμᾶς
770 2618 933 2671 εἰπεῖν
971 2614 1066 2682 ἄγ’
1106 2618 1217 2683 ἐμοὶ
1261 2622 1547 2688 φαι’,νεται
1608 2622 1715 2675 imo
1756 2636 1881 2675 vero
1918 2616 2042 2674 ἅττ’

16 2698 169 2772 ’ἐμοι
203 2707 471 2774 φαίνεται.
553 2703 814 2759 Similiter
855 2705 906 2759 in
962 2705 1075 2760 loco
1114 2706 1426 2779 Euripidis,
1482 2726 1642 2780 quem
1685 2725 1849 2781 supra
1901 2714 2040 2763 attu-

0 2788 258 2858 'limu8‚
296 2792 510 2849 editur.

0 2884 25 2974 33
361 2880 399 2937 ἅ
437 2886 495 2947 γ’
534 2878 617 2935 οὖν
656 2887 884 2948 παραινῶ
924 2882 1101 2936 ταῦτα
1140 2904 1239 2948 μου
1278 2884 1456 2949 δέξαι,
1499 2886 1677 2951 γύναι.

22 2986 156 3042 ‚pro
186 2968 312 3025 ara-⁹
351 2967 471 3033 οὖν,
527 2979 582 3025 et
615 2977 798 3025 nostro
841 2970 953 3024 loco
994 2971 1046 3024 in
1100 2971 1397 3028 Heraclidis
1433 2972 1471 3029 52
1505 2976 1561 3040 γ’
1603 2972 1758 3036 εἶπας
1798 2976 2043 3039 ἀντήκου-

0 3060 21 3143 ξ·
59 3077 156 3120 σας
201 3075 296 3131 pro
330 3056 452 3113 αττ’
489 3056 663 3121 εἶπας.
744 3059 984 3130 Denique
1026 3060 1077 3113 in
1118 3058 1422 3116 Phoenissis
1462 3080 1538 3118 vs,
1574 3067 1675 3119 96:

741 3147 920 3202 πάντα
960 3149 1003 3202 δ’
1043 3146 1241 3211 ἐξειδὼς
1283 3150 1465 3219 Φρασω

361 3235 397 3290 ἅ
435 3238 485 3291 τ’
524 3234 654 3291 εἶδον
692 3237 965 3300 εἰσήκουσά
1005 3238 1054 3290 τ’
1093 3238 1338 3304 Ἀργείων
1378 3240 1561 3309 πάρα,

64 3321 212 3392 prius
248 3344 308 3378 τε
343 3324 483 3380 male
515 3323 832 3379 collocatum
876 3326 991 3379 vitii
1027 3326 1385 3396 suspicionem
1425 3335 1617 3384 movet.
1699 3325 2040 3384 Facillimum

61 3415 143 3462 est
181 3410 465 3467 etliendare
501 3411 917 3468 ταντα-ἅττ’
954 3411 1086 3469 εἶδον
1125 3416 1398 3479 εἰσήκουσά
1434 3439 1510 3473 τε.

138 3497 368 3552 Accedat
407 3498 491 3555 liis
528 3500 758 3572 denique
798 3500 946 3556 locus
986 3502 1358 3559 Demosthenis
1395 3505 1460 3561 de
1499 3507 1552 3561 F.
1588 3505 1645 3560 L.
1691 3522 1738 3575 p.
1778 3506 1902 3557 597.
1947 3498 2036 3554 ubi

60 3601 225 3655 quum
269 3585 516 3642 dixisset:
560 3590 971 3654 συλλογίσασθαι
1007 3592 1064 3653 δὴ
1097 3592 1357 3659 βούλομαι
1398 3594 1468 3649 τα
1507 3591 1900 3658 κατηγορημένα
1941 3592 2037 3644 ἀπ’
