2436 4068
1036 260 1106 312 59

83 404 283 461 Comici
327 403 542 475 ingenio
593 411 648 458 et
688 403 981 458 adulatoris
1033 419 1258 474 persona
1295 401 1559 466 alieniuS,
1610 417 1773 474 quam
1816 403 1914 459 hoc
1955 404 2071 460 est?

83 494 366 548 Praeterea
401 491 583 561 δείπνῳ
624 491 753 547 ferri
794 508 897 545 non
939 498 1149 561 potest:
1191 507 1386 563 repone
1425 492 1635 545 δειπνῶν
1669 490 1810 562 quod
1852 492 2074 563 perinde

82 587 164 636 est
203 587 365 651 atque
400 581 546 647 παρὰ
579 581 637 635 τὸ
674 580 889 633 δεῖπνον.
979 578 1040 631 In
1086 578 1190 633 fine
1230 579 1518 651 fragmenti
1567 595 1673 632 non
1714 580 1830 634 sine
1869 579 2074 652 duplici

79 667 406 741 gravissimo
440 668 573 722 vitio
614 667 842 739 legitur:

1000 753 1180 808 πάντα
1220 756 1326 822 γὰρ
1364 755 1578 824 πρόσεςί
1613 776 1702 822 μοι

384 863 582 910 οσαπερ
623 842 767 910 ἔχειν
806 841 1098 910 τάλλότρια
1137 842 1223 895 τὸν
1257 843 1560 898 δειπνοῦντα
1599 845 1701 908 δεῖ,

384 932 574 997 λιμὸς,
614 931 868 995 ἀπόνοια,
906 929 1117 995 τόλμα,
1160 933 1368 998 γαςηρ,
1407 932 1606 998 ἀργία.
2075 980 2078 986 Δ

76 1018 307 1074 alterum
341 1018 647 1073 Badhamus
683 1017 928 1073 feliciter
979 1019 1218 1082 sanavit,
1271 1019 1364 1090 qui
1407 1019 1461 1072 in
1503 1022 1710 1087 γας-ἤρ,
1757 1021 1923 1088 ἀργία
1955 983 2072 1091 per-

75 1107 252 1180 spexit
290 1106 457 1161 latere
489 1108 881 1175 γαςριμαργίαι
921 1106 1153 1161 alterum
1189 1107 1330 1161 inest
1359 1106 1415 1159 in
1455 1106 1632 1161 verbis
1664 1108 1956 1175 τάλλότρια
1983 1107 2070 1161 τὸν

27 1231 30 1234 «
75 1195 402 1257 δειπνοῦντα,
443 1195 537 1265 qui
578 1194 862 1249 verborum
898 1194 1027 1249 ordo
1062 1195 1303 1250 soloecus
1336 1201 1441 1257 est,
1488 1211 1660 1266 neque
1707 1195 1865 1250 aliter
1905 1210 2069 1266 quam

76 1283 164 1338 τὸν
209 1281 502 1348 τάλλότρια
541 1283 847 1337 δειπνοῦντα
896 1283 982 1336 ius
1024 1290 1105 1338 est
1156 1283 1352 1338 dicere.
1442 1284 1631 1355 Itaque
1673 1289 1766 1338 aut
1816 1281 1915 1337 hoc
1965 1279 2071 1336 erit

76 1369 505 1435 restituendum,
546 1378 639 1424 aut
673 1371 964 1438 τάλλότρια
998 1372 1335 1436 δειπνήσοντα
1365 1372 1460 1428 δεῖ.

149 1457 212 1512 In
247 1458 625 1530 Aristophanis
658 1457 961 1530 fragmento
994 1461 1047 1513 in
1090 1461 1252 1515 Bekk.
1290 1459 1492 1515 Anecd.
1531 1476 1581 1531 p.
1604 1463 1709 1514 454
1731 1501 1745 1524 ‚
1776 1464 1807 1513 5
1842 1457 2068 1530 legitur:

377 1544 505 1600 οὕτω
545 1568 595 1601 τι
637 1547 939 1615 τάπόρρητα
974 1549 1095 1616 δρᾶν
1131 1549 1208 1606 ε’ςι
1242 1548 1431 1614 μέλει.

78 1633 263 1689 infelix
294 1641 377 1688 est
406 1635 620 1705 Bergkii
659 1637 970 1690 coniectura
1007 1637 1281 1702 ἐτημέλειε
1324 1635 1672 1690 sanissimum
1707 1642 1837 1707 puto
1869 1636 1945 1693 ἐςι
1976 1634 2070 1690 sed

75 1723 226 1791 μέλει
266 1730 453 1776 natum
489 1730 572 1777 est
603 1724 720 1777 eius
756 1723 1029 1788 socordia,
1070 1726 1163 1795 qui
1198 1741 1366 1796 quum
1407 1723 1704 1795 fugientem
1741 1723 2070 1794 scripturam

0 1825 25 1897 μ
77 1811 328 1884 expedire
367 1828 471 1865 non
516 1818 695 1883 posset
724 1811 871 1866 dedit
915 1813 1232 1866 vocabulum
1274 1812 1563 1883 quodlibet.
1643 1810 1756 1865 Nou
1794 1818 2074 1866 estovum

76 1916 175 1954 ovo
211 1900 484 1963 similius,
523 1917 684 1971 quam
729 1900 1100 1972 Aristophanis
1135 1900 1398 1955 versiculo
1438 1907 1513 1954 est
1558 1899 1857 1954 versiculus
1899 1899 2073 1955 Alexi-

79 1987 164 2043 dis
201 1987 344 2060 apud
380 1987 574 2042 Athen.
609 1987 700 2042 lV.
750 1992 872 2042 165.
911 1989 981 2045 A:

455 2074 584 2130 οὕτω
619 2096 670 2130 τι
710 2076 981 2144 τάλλότρι’
1022 2077 1202 2131 ἐσθίειν
1242 2077 1318 2134 ἐςὶ
1354 2075 1527 2140 γλυκύ
1552 2115 1567 2130 .

0 2196 26 2226 :.·
78 2161 221 2218 unde
253 2164 650 2236 reponendum:

455 2251 584 2307 οὕτω
617 2271 668 2306 τι
704 2250 1005 2319 τάπόρρητα
1045 2253 1165 2319 δρέἑν
1195 2253 1272 2310 ε’ςι
1317 2251 1510 2317 γλυκύ.

75 2338 191 2396 Non
231 2339 481 2394 dissimili
515 2338 669 2394 modo
703 2338 912 2394 scribae
952 2338 1158 2394 afflixe1
1165 2347 1260 2394 unt
1295 2339 1573 2394 Menandri
1613 2339 1851 2413 lepidum
1889 2307 2066 2397 locum

24 2390 36 2446 ·'.
78 2426 220 2501 apud
248 2428 506 2483 Clement.
541 2426 826 2483 Alexandr
871 2427 1067 2483 Strom.
1108 2428 1226 2484 Vll.
1269 2446 1320 2500 p.
1345 2432 1472 2483 844.

378 2518 422 2570 εἰ
463 2516 559 2581 μέν
602 2537 651 2570 τι
691 2516 847 2570 κακὸν
886 2517 1075 2578 ἀληθὲς
1116 2514 1292 2583 εἶχες,
1333 2517 1540 2581 Φειδία,

382 2604 552 2672 ζητεῖν
589 2606 778 2667 αληθὲς
814 2604 1096 2673 φάρμακον
1135 2605 1317 2659 τούτου
1353 2607 1401 2658 σ·’
1441 2605 1566 2659 ἔδει.

380 2697 465 2746 νῦν
495 2693 539 2746 δ’
572 2695 662 2748 οὐκ
699 2692 841 2760 ἔχεις
866 2735 877 2746 .
921 2694 978 2748 τὸ
1018 2692 1300 2763 φάρμακον
1335 2691 1553 2761 εὕρηκας
1594 2694 1735 2748 κενόν

63 2855 66 2858 ⁴
379 2774 501 2849 πρὸς
540 2781 599 2834 τὸ
640 2780 781 2835 κενόν
803 2823 815 2835 .
854 2783 1044 2846 οἱήθητι
1082 2783 1125 2837 δ’
1156 2785 1380 2850 ὠφελεῖν
1417 2781 1471 2836 τί
1504 2802 1594 2836 σε.

82 2865 158 2923 ita
187 2865 319 2922 haec
359 2868 657 2923 Illeinekius
690 2870 975 2924 constituit
1013 2887 1077 2924 ex
1111 2869 1290 2941 aliquo
1329 2868 1519 2924 Codice
1548 2870 1817 2926 Parisino:
1862 2870 1914 2926 in
1953 2889 2069 2927 cae-

83 2955 213 3012 leris
259 2963 342 3011 est
378 2957 518 3011 κενὸν
567 2954 784 3025 εὕρηκας
825 2959 884 3011 τὸ
928 2957 1244 3026 φαρμακον;
1293 2956 1385 3012 Sed
1437 2974 1610 3030 neque
1654 2958 1754 3014 hoc
1802 2958 1927 3014 ferri
1982 2977 2070 3031 po-

79 3048 185 3099 test
219 3061 392 3116 neque
440 3044 600 3109 illud,
648 3062 880 3116 namque
914 3046 972 3100 τὸ
1010 3045 1291 3116 φάρμακον
1342 3044 1559 3114 εὕρηκας
1610 3047 1750 3102 κενόν
1797 3047 2067 3103 soloecum

78 3138 161 3187 est
198 3131 427 3187 articulo
463 3134 651 3188 vitiose
684 3133 1014 3198 abundante,
1057 3142 1110 3189 et
1147 3135 1345 3207 reperit
1375 3134 1503 3189 mali
1539 3135 1838 3191 remedium
1875 3137 1920 3190 is
1956 3138 2068 3208 ipse

78 3220 172 3292 qui
216 3219 492 3292 loquitur,
535 3220 698 3293 idque
737 3222 1111 3294 superstitioso
1152 3222 1499 3277 homuncioni
1546 3223 1601 3278 in
1639 3241 1785 3296 seqq.
1822 3224 2069 3279 versibus

79 3305 311 3363 indicat:

455 3397 902 3466 περιααξοέτωσαν
938 3402 987 3454 τ’
1027 3402 1083 3454 αἱ
1117 3406 1364 3466 γυναῖκες
1405 3401 1457 3454 ἐν
1494 3399 1668 3470 κύκλῳ

458 3487 546 3540 καὶ
589 3487 1043 3555 περιθεωσατωσαν
1083 3489 1191 3543 κτὲ.

80 3570 261 3644 itaque
317 3573 737 3644 corrigendum:
795 3581 880 3631 νῦν
918 3577 961 3631 δ’
995 3579 1085 3633 οὐκ
1125 3576 1268 3644 ἔχεις
1292 3618 1305 3631 .
1360 3576 1500 3631 κενὸν
1548 3575 1652 3645 ἄρα
1692 3577 1777 3630 καὶ
1834 3575 1891 3629 τὸ
1930 3574 2066 3646 φαρ-

75 3678 242 3727 μακον
277 3661 398 3728 πρὸς
436 3662 494 3716 τὸ
529 3664 668 3718 κενόν
692 3707 703 3718 .
759 3666 949 3731 οἱήθητι
990 3665 1033 3719 δ’
1070 3668 1292 3734 ὠφελεῖν
1332 3665 1387 3720 τί
1425 3687 1513 3719 σε.
1557 3665 1610 3718 in
1654 3663 1737 3719 his
1772 3662 1899 3720 olim
1934 3685 1971 3719 α
2011 3671 2064 3720 et
