2436 4068
1350 235 1454 285 ²502

398 399 465 437 an
515 384 570 437 οὐ
622 382 727 449 γὰρ
766 380 983 443 δήπου
1027 393 1214 432 verum
1276 378 1389 431 sit?
1472 376 1736 431 Similiter
1792 395 1843 450 p.
1887 381 1988 432 2⁶21
2035 378 2096 433 Ε.
2158 384 2379 434 τοιαῦτα

395 471 484 525 καὶ
519 470 752 536 ὀνόματα
792 469 878 521 καὶ
920 468 1133 534 ῥήματα
1170 465 1346 529 ἔξωθεν
1383 465 1835 532 περιαμπέχονται
1878 466 2112 533 Σατύρου
2144 465 2220 520 ἄν
2260 488 2377 520 τινα

399 559 606 625 ὑβριςοῦ
667 556 844 623 δοραν,
898 556 989 625 qui
1046 554 1319 607 Platonem
1388 552 1520 607 bene
1579 554 1727 607 novit
1779 556 1962 608 statim
2023 554 2381 625 amplectetur

398 645 631 711 Σατύρου
669 646 740 708 δή
782 663 900 698 τινα
941 644 1148 710 ὕβρις-οῦ
1189 640 1351 707 δοραν.

472 731 731 786 Notabilis
762 731 1006 785 lectionis
1051 729 1411 800 discrepantia
1449 730 1502 781 in
1545 729 1696 782 libris
1736 736 1814 783 est
1853 728 1964 782 VII.
2002 747 2068 782 vi.
2112 733 2209 793 17,
2254 746 2376 785 nam

397 826 611 889 praeter
651 827 761 874 tres
800 820 1029 890 optimos
1066 818 1318 873 exhibent
1358 833 1575 870 omnes:
1632 817 1722 870 ἐὰν
1763 818 1836 882 μὴ
1871 817 2076 882 βεβαιῶ
2117 818 2208 879 τὴν
2245 821 2378 885 προῖ-

397 907 474 972 ξιν
529 909 707 976 αὐτῷ,
767 907 856 974 ἐφ’
912 905 943 975 ᾖ
995 905 1544 973 ἕδωροδοκούμην.
1627 905 1894 958 Tenemus
1957 905 2039 958 ἐπ’
2100 907 2378 974 αὐτοφώρῳ

399 995 626 1065 sciolos,
668 996 759 1066 qui
801 995 1079 1066 antiquam
1124 994 1450 1063 scripturam
1493 992 1807 1059 ἐδωροδόκουν
1859 993 1938 1046 sic
1979 991 2378 1063 depravarunt,

400 1084 655 1153 quoniam
711 1084 812 1154 ipsi
872 1083 1152 1150 δωροδοκεῖν
1207 1080 1456 1134 dicebant
1509 1097 1606 1151 pro
1669 1079 1900 1146 δεκάζειν
1965 1081 2079 1134 sive
2142 1082 2381 1148 χρήμασι

398 1169 704 1238 διαφθείρειν
758 1178 811 1224 et
862 1170 1004 1224 locos
1059 1171 1353 1233 Veterum,
1407 1168 1500 1222 ubi
1540 1170 1822 1235 δωροδοκεῖν
1863 1167 2200 1237 significabat
2254 1170 2385 1236 δῶρα

398 1259 643 1326 δέχεσθαι
683 1277 786 1312 non
828 1258 1012 1313 διδόναι
1053 1259 1182 1324 δῶρα
1223 1256 1563 1311 mirabantur
1602 1258 1839 1329 primum
1866 1298 1878 1318 ‚
1919 1255 2111 1311 deinde
2151 1257 2382 1328 interpo-

398 1346 612 1413 labant,
654 1347 719 1402 de
752 1364 859 1418 qua
896 1363 952 1400 re
994 1341 1163 1399 multa
1200 1346 1252 1398 in
1284 1347 1462 1416 priore
1501 1353 1654 1415 parte
1695 1345 2016 1398 notavimus,

480 1434 826 1490 Ostendimus
881 1434 1153 1503 sequiores
1194 1449 1377 1486 omnes
1417 1433 1563 1504 turpi
1604 1449 1787 1486 errore
1834 1431 2055 1486 verbum
2107 1432 2386 1499 δωροδοκεῖν
2432 1487 2434 1490 ,

401 1539 667 1594 usurpare
718 1540 813 1594 pro
868 1524 1106 1589 χρήμασι
1147 1521 1481 1589 διαφθείρειν,
1525 1519 1666 1573 unde
1714 1519 1918 1575 factum
1956 1527 2037 1574 est
2079 1527 2138 1574 ut
2189 1521 2386 1588 δωροδο-

403 1613 600 1666 κεῖσθαι
643 1610 955 1665 dicerentur
983 1610 1025 1662 οἱ
1061 1611 1299 1675 χρήμασι
1343 1609 1762 1676 διαφθειρόμενοι.
1820 1608 2081 1663 Diodorus
2117 1608 2220 1662 Sic.
2246 1608 2386 1663 XVI.

406 1704 495 1754 55.
549 1701 635 1754 καὶ
690 1699 900 1765 μάλιςα
951 1699 1068 1757 τοὺς
1129 1697 1477 1764 προεςηκότας
1532 1696 1947 1764 ἐδωροδόκει,
2004 1713 2171 1767 eoque
2226 1712 2386 1750 sensu
2434 1704 2436 1709 '

402 1787 488 1842 δια
528 1795 621 1851 τῆς
661 1788 1086 1855 δωροδοκίας,
1129 1785 1426 1856 larque-ndo,
1466 1784 1666 1855 legitur
1701 1785 1836 1838 XVI.
1882 1788 1985 1847 54,
2041 1791 2092 1838 ct
2134 1784 2271 1838 XIX.
2320 1788 2386 1838 19

403 1876 612 1937 τούτους
651 1882 828 1930 πεῖσαι
870 1876 898 1938 ἢ
941 1874 1296 1941 δωροδοκεῖν
1329 1874 1543 1937 ἀγεννὲς
1582 1875 1778 1938 ἡγεῖτο.
1861 1873 2251 1939 Δωροδοκεῖσθαι
2295 1888 2390 1943 pro

404 1963 783 2032 διαφθείρεσθαι
837 1965 1103 2030 χρήμασιν
1160 1968 1213 2016 et
1256 1960 1380 2014 alibi
1438 1960 1637 2031 legitur
1677 1968 1730 2015 et
1785 1961 1925 2032 apud
1987 1960 2263 2033 Polybium
2303 1959 2388 2013 VI.

407 2055 496 2106 56.
542 2052 707 2125 (παρα
744 2053 795 2106 δὲ
836 2059 940 2111 τοῖς
975 2048 1264 2122 Ῥωμαίοις)
1308 2050 1444 2104 οὐδὲν
1486 2049 1694 2116 αἴσχιον
1733 2053 1822 2103 τοῦ
1868 2050 2388 2116 δωροδοκεῖσθαι.

408 2139 496 2194 Sic
538 2140 707 2210 igitur
754 2139 954 2193 sactum
996 2147 1106 2201 est,
1145 2146 1206 2192 ut
1249 2137 1387 2208 quod
1412 2137 1536 2190 olim
1573 2138 1855 2204 δωροδοκεῖν
1897 2136 2177 2191 dicebatur
2212 2143 2391 2206 postea

405 2227 680 2282 diceretur
720 2229 1127 2295 δωροδοκεῖσθαι,
1181 2234 1231 2279 et
1273 2224 1723 2295 deprehendimus
1778 2223 2021 2278 indoctos
2062 2231 2391 2278 correctores
2432 2251 2436 2263 -·

407 2316 463 2368 in
509 2332 568 2369 re
612 2315 896 2370 manifesta
920 2358 935 2380 ,
996 2315 1081 2367 nbi
1122 2314 1515 2381 ἐδωροδοκούμην
1551 2330 1648 2384 pro
1687 2311 2003 2377 ἐδωροδόκουν
2043 2312 2391 2381 conspicitur.
2424 2336 2436 2380 ὲ

483 2403 545 2457 In
585 2404 613 2470 ἓ
654 2408 720 2459 18
771 2404 920 2459 ἀλλα
961 2405 1154 2457 πολλοῦ
1195 2422 1279 2467 μοι
1318 2403 1440 2455 δοκῶ
1482 2402 1582 2455 δεῖν
1617 2401 1687 2454 τα
1735 2399 1960 2467 ὑμέτερα
2001 2398 2141 2466 ἔχειν
2182 2399 2391 2459 editur,
2424 2381 2436 2439 l

407 2491 500 2546 sed
542 2509 645 2545 non
687 2500 765 2547 est
803 2492 933 2546 haec
975 2507 1102 2544 sana
1145 2491 1332 2543 oratio,
1413 2495 1555 2544 Δοκῶ
1595 2509 1679 2554 μοι
1721 2488 1785 2542 ab
1829 2486 2135 2541 huiusmodi
2179 2486 2436 2561 negotiola⁸

406 2596 629 2652 prorsus
669 2581 955 2642 abhorret,
997 2595 1133 2650 quae
1173 2577 1332 2631 verba
1370 2585 1486 2631 tum
1524 2577 1740 2631 demum
1779 2583 1925 2630 recte
1979 2581 2256 2647 ponuntur
2301 2558 2436 2630 ubi

409 2669 529 2739 quis
571 2669 772 2740 opinari
819 2686 875 2722 se
917 2666 1118 2737 aliquid
1161 2665 1291 2719 dicit
1333 2672 1427 2719 aut
1467 2665 1723 2736 suspicari
1745 2706 1757 2728 ,
1800 2666 1876 2718 ita
1920 2670 1975 2716 ut
2013 2679 2136 2716 eum
2178 2679 2238 2716 ea
2281 2661 2436 2735 opi-„5¹

409 2757 499 2810 nio
541 2763 634 2810 aut
680 2756 915 2829 suspicio
963 2755 1144 2809 fallere
1200 2754 1384 2825 possit.
1467 2754 1691 2807 Ponitur
1732 2754 1893 2807 etiam
1942 2751 2145 2804 ironice
2194 2750 2235 2803 si
2270 2749 2390 2821 quis
2411 2746 2436 2802 ιζ

408 2844 550 2914 quod
603 2852 750 2899 certo
808 2845 943 2898 sciat
985 2842 1116 2896 nolit
1168 2848 1314 2895 certo
1367 2842 1504 2895 scire
1544 2841 1732 2895 videri.
1812 2839 1955 2894 Nihil
2012 2838 2202 2891 horum
2248 2826 2427 2893 caditf

410 2932 463 2984 in
516 2931 660 2985 hunc
710 2932 904 2986 locum.
994 2931 1197 2983 Bonum
1250 2929 1450 2983 factum
1506 2930 1646 3000 quod
1705 2930 1893 3001 optimi
1948 2926 2165 2981 Codices
2212 2925 2423 2994 ferunt]

409 3036 580 3091 opem.
661 3019 928 3090 Egregius
967 3017 1104 3072 liber
1141 3018 1205 3071 H.
1247 3025 1298 3071 et
1336 3018 1395 3072 F.
1438 3018 1695 3071 omittunt
1738 3038 1822 3082 μοι
1873 3019 2024 3079 δοκῶ,
2065 3016 2247 3085 itaque
2284 3026 2418 3067 uno*

410 3106 665 3161 vocabulo
721 3114 961 3160 correcto
1031 3106 1168 3160 hanc
1228 3123 1344 3160 esse
1407 3105 1776 3177 Xenophontis
1838 3120 2056 3159 manum
2123 3102 2425 3181 arbitrorz‘j·

409 3196 558 3250 ἄλλα
613 3197 807 3248 πολλοῦ
858 3195 971 3248 δέω
1019 3195 1091 3247 τα
1142 3194 1366 3262 ὑμέτερα
1420 3193 1597 3262 ἔχειν,
1655 3210 1749 3264 pro
1788 3193 1936 3248 οέλλα
1977 3195 2172 3245 πολλοῦ
2228 3191 2383 3244 δεῖν.
2408 3192 2415 3252 s

413 3282 674 3338 Similiter
721 3281 811 3336 δέω
848 3283 900 3334 in
949 3283 1028 3335 δεῖ
1071 3281 1266 3336 abiisse
1314 3281 1528 3335 videtur
1564 3281 1617 3333 in
1661 3280 1896 3334 Platonis
1941 3278 2194 3349 Apologia
2231 3296 2283 3349 p.
2318 3280 2384 3330 55

411 3371 473 3426 D.
515 3370 845 3438 κατηγοροίην
886 3369 948 3424 ἂν
989 3370 1216 3434 ἐμαυτοῦ
1259 3371 1322 3429 ὡς
1364 3371 1499 3430 θεοὺς
1540 3369 1593 3422 οὐ
1634 3369 1836 3436 νομίζω.
1878 3369 2025 3423 ἄλλα
2064 3371 2260 3422 πολλοῦ
2293 3366 2393 3419 δεῖ

410 3457 567 3520 οὕτως
612 3458 771 3526 ἔχειν.
826 3457 1007 3524 νομίζω
1064 3479 1122 3511 τε
1170 3457 1274 3525 γαρ
1329 3459 1394 3517 ὡς
1444 3458 1603 3519 οὐδεὶς
1643 3464 1741 3511 τῶν
1793 3455 2126 3524 κατηγόρων,
2182 3455 2389 3526 quoties

411 3547 558 3603 hunc
595 3547 773 3602 locum
827 3545 1003 3618 relego
1051 3548 1246 3601 πολλοῦ
1300 3545 1416 3600 δέω
1472 3544 1627 3609 οὕτως
1676 3545 1818 3614 ἔχειν
1873 3562 1997 3601 vera
2047 3543 2181 3599 mihi
2231 3541 2387 3597 lectio

413 3653 529 3691 esse
568 3635 798 3691 videtur.
