2436 4068
1100 214 1206 264 555

149 357 240 418 ἕως
293 354 377 412 οὖν
431 355 506 410 ἔτ’
564 358 628 409 ἐν
685 359 1011 427 ἀσφαλεῖ
1062 355 1412 426 φυλάξασθε,
1472 363 1526 412 et
1576 356 1720 429 apud
1780 357 2140 430 Antiphanem

153 445 411 500 Athenaei
452 445 548 502 111.
590 462 639 516 p.
686 450 789 501 105
830 446 893 500 F.

305 538 447 588 τοῦτ’
488 534 552 587 ἓν
591 536 917 602 ἀσφαλεῖ
956 533 1131 601 νόμιζε
1171 539 1269 589 τῶν
1310 534 1650 603 ὑπαρχόντων
1688 534 1868 601 μόνον,

153 621 245 676 sed
288 621 480 675 vitiose
517 620 660 692 apud
701 621 993 675 Isocratem
1051 623 1234 676 editur
1271 624 1327 677 in
1368 624 1616 693 Euagora
1673 626 1702 695 §
1743 627 1835 679 50.
1887 623 1947 677 τὸ
1987 623 2163 687 σῶμα,

150 711 203 764 ἐν
244 710 523 779 ἀσφαλείᾳ
561 711 874 773 καταςήσας
914 726 1008 780 pro
1045 710 1095 763 ἕν
1134 711 1395 779 ἀσφαλεῖ.
1477 713 1753 767 Tenentur
1788 711 1996 767 scribae
2034 727 2143 766 ma-

153 797 337 852 nifesti
377 796 518 869 apud
556 797 873 870 Dionysium
913 795 1375 854 Halicarn..A.R.
1412 801 1503 855 IX.
1543 804 1631 856 20.
1673 804 1735 863 ὡς
1779 803 1830 856 ἐν
1866 801 2145 871 ἀσφαλείᾳ

150 889 211 951 δὴ
246 886 425 952 ὄντες,
486 885 576 939 ubi
634 885 928 940 Vaticanus
969 885 1107 941 liber
1145 887 1348 958 optime
1397 889 1448 942 ἐν
1489 891 1736 959 ἀσφαλεῖ
1779 891 2052 955 servavit,
2090 897 2145 945 et

147 976 461 1048 conspirant
498 973 622 1028 libri
663 990 849 1029 omnes
890 973 1020 1028 ibid.
1055 974 1147 1029 IX.
1192 978 1281 1030 24.
1339 976 1394 1030 in
1434 975 1555 1031 τότε
1595 977 1654 1040 δὴ
1696 978 1747 1031 ἐν
1788 981 1858 1048 τῷ
1901 981 2149 1048 ἀσφαλεῖ

152 1066 456 1131 νομίσαντες
502 1061 653 1118 εἶναι.

222 1153 282 1206 In
339 1154 369 1223 §
422 1151 608 1206 eadem
660 1152 806 1207 circa
866 1151 1028 1207 linem
1088 1153 1459 1208 necessarium
1520 1170 1811 1225 pronomen
1876 1156 2036 1226 periit
2087 1156 2142 1210 in

150 1239 357 1295 verbis:
398 1243 525 1295 ἀλλ’
560 1242 783 1294 ἐνταῦθα
823 1241 882 1303 δὴ
922 1239 1009 1294 καὶ
1055 1239 1268 1306 μάλιςα
1301 1243 1602 1312 φυλακτέον
1637 1242 1799 1298 οἴεται
1833 1240 1996 1308 εἶναι,
2036 1244 2144 1298 imo

149 1346 279 1384 vero
314 1330 615 1399 φυλακτέον
655 1324 747 1403 (οἶ)
790 1327 953 1383 οἴεται
996 1326 1147 1386 εἶναι.

226 1418 287 1472 Ιι]
347 1421 377 1489 §
420 1423 506 1472 15.
547 1420 612 1479 ὦς
654 1418 707 1472 δὲ
747 1416 899 1480 δόξαν
935 1419 1191 1486 λαμπράν
1228 1418 1889 1485 ἀναλαμβάνουσιν,
1931 1421 2143 1492 corrige

149 1506 541 1573 λαμβάνουσιν;
606 1506 1058 1577 praepositionem
1125 1507 1336 1578 peperit
1397 1507 1719 1579 praecedens
1781 1508 2023 1582 syllaba,
2085 1515 2144 1564 ut

148 1612 306 1668 saepe
345 1594 492 1648 alibi.
552 1594 836 1661 Λαμβάνω
871 1593 1024 1658 δόξαν
1060 1602 1144 1650 est
1177 1594 1367 1658 ἔνδοξος
1404 1595 1697 1662 γίγνομαι,
1735 1598 2143 1665 ἀναλαμβάνειν

147 1684 302 1749 δόξαν
342 1684 389 1738 is
430 1690 577 1738 recte
616 1682 820 1737 dicitur
859 1683 951 1754 qui
993 1685 1250 1739 amissam
1289 1691 1525 1739 veterem
1565 1685 1793 1756 gloriam
1851 1697 2142 1759 recuperat.

149 1771 435 1844 Euripides
480 1771 662 1826 Helen.
704 1775 833 1825 847.

450 1866 557 1921 πῶς
598 1858 680 1915 οὖν
722 1861 1023 1925 θανούμεθ’,
1064 1860 1160 1919 ὥςε
1204 1862 1291 1916 καὶ
1331 1861 1485 1925 δόξαν
1523 1863 1754 1927 λαβεῖν’,

147 1948 438 2021 Xenoplmn
481 1948 674 2020 Cyrop.
711 1948 749 2002 1.
792 1966 859 2002 vi.
904 1952 992 2003 2⁵2..
1034 1947 1171 2011 ὅπως
1226 1949 1378 2014 δόξαν
1418 1949 1611 2018 λάβης.
1694 1949 1840 2005 Plato
1890 1954 1942 2007 in
2005 1954 2138 2009 Poli-

140 2041 251 2093 tico
299 2055 350 2109 p.
389 2040 499 2091 290
541 2036 600 2090 D.
647 2037 706 2091 τὸ
746 2043 842 2091 τῶν
883 2039 1047 2105 ἱερέων
1087 2046 1282 2106 σχῆμα
1316 2071 1393 2080 -
1426 2038 1579 2102 δόξαν
1614 2042 1804 2105 σεμνὴν
1843 2043 2133 2108 λαμβάνει.

140 2128 338 2181 Contra
373 2128 425 2180 in
463 2125 838 2180 Demosthenis
875 2144 1012 2198 quae
1046 2126 1220 2182 fertur
1259 2127 1482 2199 epistola
1518 2127 1608 2181 111.
1644 2133 1693 2182 5.
1735 2129 1948 2198 φαύλην
1982 2130 2135 2196 δόξαν

138 2218 169 2279 ἧ
207 2214 359 2275 πόλις
392 2212 702 2280 λαμβάνει,
743 2221 796 2269 et
836 2214 957 2268 aliis
998 2216 1228 2271 aliorum
1267 2215 1416 2271 locis,

142 2318 150 2324 '
213 2305 275 2359 ln
319 2305 348 2373 §
390 2306 477 2357 16.
526 2303 770 2371 χαλεπὸν
810 2304 863 2357 δὲ
907 2305 1065 2371 εὑρεῖν
1115 2302 1240 2358 ὅπου
1281 2305 1398 2372 οὐχὶ
1443 2305 1531 2359 καὶ
1574 2296 1942 2373 ἐπιψεύδονται
1980 2309 2129 2364 πλέο·

137 2413 230 2453 νας
269 2390 567 2460 φάσκοντες
607 2391 983 2458 ἀπεκτονέναι,
1046 2393 1403 2465 supplendum
1461 2401 1541 2447 est
1583 2394 1954 2462 ἕπιψεύδονταί
1995 2398 2087 2471 (τι)
2112 2440 2126 2461 ,

138 2479 289 2535 vides
329 2479 459 2551 quid
505 2496 793 2551 pronomen
851 2480 1194 2554 absorpserit.
1277 2483 1337 2536 In
1393 2486 1421 2554 ξ
1468 2486 1550 2535 17.
1597 2484 1827 2546 ἀνήκεςα
1867 2487 2130 2556 quaedam

140 2574 434 2642 apparent:
497 2567 703 2622 laborat
759 2568 1035 2624 Graecitas
1089 2572 1142 2624 in
1198 2571 1700 2639 ἀντιπραττομένους
1758 2572 1980 2630 barbare
2034 2594 2130 2648 pro

136 2655 626 2724 ἀντιπράττοντας,
668 2660 984 2729 compositio
1028 2659 1161 2713 dura
1203 2668 1255 2714 et
1295 2658 1551 2730 impedita
1590 2666 1706 2723 est,
1748 2678 1876 2715 sana
1918 2673 2129 2720 senten-

140 2747 215 2801 tia
258 2743 402 2799 nulla
445 2743 669 2799 extundi
709 2753 901 2818 potest.
984 2745 1346 2802 ostenderunt
1389 2745 1735 2802 difficultates
1770 2749 2126 2823 Interpretes:

137 2832 362 2889 sanandi
403 2851 524 2906 spes
565 2834 668 2889 nisi
723 2852 785 2889 ex
829 2836 1213 2906 integriorilius
1256 2835 1407 2889 libris
1460 2836 1605 2891 nulla
1658 2844 1756 2891 est.
1840 2839 1938 2893 l’ro
1988 2845 2127 2898 ἀντι-

135 2922 557 2992 πραττομένους,
603 2939 739 2994 quae
785 2922 932 2978 foeda
981 2930 1063 2978 est
1107 2923 1379 2979 barbaries
1406 2966 1420 2991 ‚
1462 2926 1725 2998 suspicari
1779 2930 1946 2998 possis
1985 2933 2126 2987 ἀντι-

134 3011 482 3078 ταττομένους
528 3028 709 3066 verum
749 3029 901 3075 esse,
955 3012 1095 3084 quod
1147 3011 1369 3067 verbum
1412 3020 1464 3067 et
1516 3013 1642 3068 alibi
1687 3015 1839 3070 video
1878 3018 1931 3071 in
1982 3021 2125 3075 ἀντι-

135 3100 435 3168 πράττομαι
510 3099 807 3171 depravari.
909 3100 1108 3172 Nempe
1174 3100 1315 3172 apud
1392 3102 1659 3157 Iulianum
1729 3104 1782 3157 in
1849 3102 1992 3160 Orat.
2033 3108 2124 3162 ΙΙΙ.

137 3204 186 3261 p.
227 3190 334 3243 112
380 3191 440 3243 A.
491 3187 759 3255 καθάπερ,
800 3186 944 3255 οἶμαι
968 3232 982 3254 ,
1022 3190 1160 3258 φασὶ
1201 3191 1287 3244 τὸν
1324 3192 1662 3259 Μυρμηκίδην
1703 3192 2119 3262 ἀντιπραττόμε·

134 3297 212 3331 νον
253 3286 316 3346 τῇ
359 3277 554 3332 Φειδίου
590 3276 754 3346 τέχνη
796 3277 940 3331 nulla
977 3284 1058 3332 est
1091 3272 1356 3333 dubitatio
1399 3279 1528 3351 quin
1569 3280 2008 3346 ἀντιταττόμενον
2050 3284 2121 3339 sit

137 3363 534 3434 corrigendum.
614 3365 717 3420 Sed
750 3367 1001 3437 quoniam
1043 3366 1449 3422 ἀντιτάττεσθαι
1492 3369 1563 3422 sit
1601 3374 1833 3436 φανερῶς
1869 3370 2119 3427 ἐναντιοῦ-

134 3453 251 3506 σθαι
291 3457 345 3506 et
398 3451 679 3509 Hieronem
723 3454 788 3509 (le
828 3454 1055 3510 occultis
1107 3456 1450 3510 inimicorum
1509 3457 1746 3509 consiliis
1804 3457 2120 3532 insidiisque

135 3545 389 3612 appareat
425 3539 638 3605 (licere,
679 3559 812 3613 quas
862 3551 956 3599 aut
1006 3546 1374 3616 suspicaretur
1414 3551 1506 3598 aut
1546 3542 1998 3600 animadverteret
2040 3555 2121 3622 ty-

138 3645 339 3682 rannus
389 3628 710 3697 (ύπ-οπτεύσζη
751 3661 824 3673 —-
877 3634 1259 3703 αἰσθανόμενος)
1321 3632 1449 3686 nihil
1508 3633 1584 3684 sic
1641 3633 1969 3701 proficimus,
2056 3638 2114 3691 In

1660 3722 1745 3757 ἆυ,
