2436 4068
1216 242 1301 276 xiv

282 390 364 440 nis
404 384 860 457 praestantissimo
903 381 1088 435 Codice
1141 378 1377 431 Parisino
1415 377 1448 431 S
1490 378 1700 448 saepius
1737 380 1910 443 ὤμοσα
1951 379 2003 430 in
2044 377 2231 443 ὡμολό-

278 508 420 552 γησα
460 493 512 539 et
563 483 838 549 ὠμοσάμην
882 484 933 534 in
978 477 1392 544 ὡμολογησάμην
1432 476 1594 532 stulte
1639 477 1933 549 depravari.
2009 478 2067 532 In
2109 477 2232 531 alio-

277 603 395 641 rum
460 585 610 639 libris
666 585 839 649 ὤμοσα
880 582 935 634 in
993 578 1275 644 ὠνόμασα,
1330 579 1512 645 ὀμόσαι
1565 579 1620 632 in
1672 577 1918 645 ὂνομάσαι
1972 577 2120 632 abire
2158 595 2235 632 so-

275 687 363 741 let.
442 684 662 755 Legitur
701 680 838 752 apud
874 667 1122 732 Photiu1n
1162 695 1213 732 v.
1254 678 1448 734 Κύναε
1490 699 1694 734 τονωπα
1726 681 1864 734 δοκεῖ
1897 684 2087 747 πρῶτος
2121 681 2234 732 ὄνο-

275 786 492 852 μάσαι
536 783 807 850 Σωκράτης
834 822 847 844 ,
889 779 1172 850 legendum
1213 786 1293 834 est
1328 781 1431 834 τὸν
1487 781 1650 835 κύνα
1691 782 1826 835 δοκεῖ
1868 781 2058 847 πρῶτος
2105 778 2237 844 ὀμό-

275 907 361 941 σαι
399 882 691 950 Σωκράτης.
773 879 902 947 Quis
943 895 1047 933 non
1089 880 1333 934 meminit
1373 883 1429 943 νὴ
1467 882 1552 935 τὸν
1592 881 1720 934 κύνα
1758 888 1812 935 et
1854 880 1933 946 ιμοὶ
1971 882 2057 934 τὸν
2108 880 2237 934 κύνα

277 984 480 1040 Socrati
522 981 686 1036 fuisse
725 982 779 1034 in
815 980 941 1034 ore?
996 979 1063 1034 of.
1107 979 1238 1034 Plat.
1280 979 1436 1051 Gorg.
1477 983 1603 1034 461.
1646 981 1703 1034 A.
1748 983 1873 1034 466.
1915 980 1968 1033 C.
2012 983 2136 1034 482.
2181 980 2236 1033 B.

274 1085 355 1140 Ad
394 1084 531 1138 hano
575 1082 750 1137 lucem
800 1083 1171 1153 unusquisque
1224 1082 1405 1136 statim
1455 1081 1738 1136 emendare
1791 1083 1986 1153 poterit
2040 1081 2239 1135 Aristo·

274 1186 466 1259 phanis
518 1183 692 1238 locum
755 1183 809 1236 in
867 1181 1152 1237 Ecclesiaz.
1195 1199 1273 1238 vs,
1318 1186 1438 1237 190.
1482 1181 1572 1236 ubi
1629 1198 1794 1253 quum
1849 1181 2069 1237 dixisset
2121 1194 2235 1238 niu-

277 1285 532 1342 lieroula:

506 1388 560 1449 νη
600 1387 692 1448 την
730 1386 1070 1454 Ἀφροδίτην,
1110 1383 1166 1440 εὖ
1205 1406 1271 1452 γε
1310 1384 1544 1451 ταυταγὶ
1585 1385 1777 1451 λέγεις.

281 1505 312 1542 a
350 1490 650 1558 Praxagora
686 1487 764 1541 sie
804 1487 1145 1559 increpatur:

503 1587 741 1653 τάλαιν’,
781 1587 1086 1656 Ἀφροδίτην
1127 1588 1488 1654 ὠνόμασας.
1528 1589 1783 1658 χαρίεντά
1821 1593 1876 1655 γ’
1916 1587 1979 1643 σ’ὶν

507 1689 723 1757 ἔδρασας
764 1689 805 1742 εἰ
846 1691 985 1742 τοῦτ’
1026 1686 1179 1749 εἶπας
1220 1690 1270 1742 ἐν
1309 1690 1616 1759 τήκκλησίᾳ.

283 1790 564 1845 dubitasne
602 1791 767 1844 etiam
806 1790 1111 1858 Ἀφροδίτην
1165 1790 1425 1855 ὤμοσας
1477 1790 1771 1846 rescribere
1807 1791 1940 1845 nihil
1982 1793 2245 1847 reveritus

281 1892 604 1948 Ravennatis
639 1890 763 1944 libri
798 1891 1201 1954 auctoritatem,
1245 1907 1402 1962 quem
1442 1891 1650 1946 mendis
1690 1893 2067 1964 erroribusque
2107 1893 2245 1949 obsi-

278 2002 393 2049 tum
441 2009 557 2048 esse
610 1991 740 2045 satis
787 1989 1313 2044 demonstravimus?
1393 1991 1546 2045 Iuvat
1599 1993 1760 2046 simili
1803 1993 1958 2047 modo
2009 1994 2243 2067 lepidum

280 2094 566 2150 Clementis
610 2090 954 2146 Alexandrini
992 2089 1170 2144 locum
1211 2090 1391 2162 inepta
1445 2092 1712 2162 scriptura
1769 2092 2013 2148 liberare.
2092 2095 2242 2167 Legi-

282 2204 373 2250 tur
411 2194 559 2248 loeus
614 2192 668 2245 in
722 2190 1053 2261 Protreptioo
1105 2206 1223 2262 pag.
1267 2196 1315 2245 7.
1380 2191 1522 2264 Sylb.
1579 2192 1669 2246 ubi
1723 2193 1978 2265 Diagoras
2029 2196 2052 2248 ὂ
2100 2194 2242 2258 ἄθεος

281 2296 349 2352 ad
389 2292 668 2349 Herculem
712 2291 977 2362 ligneum:
1005 2274 1009 2278 ’
1037 2289 1150 2346 »εἶα
1191 2293 1283 2356 δή,
1327 2289 1361 2346 ὦ
1408 2291 1713 2360 Ἡράκλεις,
1768 2295 1982 2365 inquit,
2040 2301 2122 2351 νῦν
2171 2319 2244 2353 σοι

282 2399 371 2462 ἤδη
431 2395 596 2462 καιρὸς
651 2392 814 2460 ὥσπερ
869 2393 1120 2458 Εὐρυσθεῖ
1169 2392 1303 2460 άτοὶρ
1363 2394 1420 2455 δη
1476 2393 1562 2447 καὶ
1616 2396 1736 2461 ἡμῖν
1795 2398 2111 2464 ὑπουργῆσαι
2161 2402 2247 2454 τὸν

287 2494 698 2565 τρισκαιδέκατον
753 2489 903 2547 ἆθλον
950 2493 1036 2546 καὶ
1094 2492 1331 2563 Διαγόρα
1391 2497 1566 2548 τοῦτον
1619 2497 2076 2563 παρασκευάσαι.”
2129 2498 2251 2570 κᾷτ’

289 2597 444 2653 αὐτὸν
479 2597 549 2656 εἷς
589 2596 646 2649 τὸ
683 2597 780 2661 πῦρ
820 2595 1060 2655 ἐνέθηκεν.
1140 2594 1283 2648 Fieri
1325 2610 1428 2648 non
1470 2602 1642 2666 potest
1682 2604 1741 2650 ut
1800 2597 2066 2669 intelligas
2125 2600 2253 2670 quid

292 2700 362 2753 sit
417 2695 654 2766 Διαγόρα
707 2699 882 2750 τοῦτον
934 2694 1347 2763 παρασκευάσαι.
1429 2694 1566 2762 Quid
1607 2695 1802 2752 dixerit
1842 2699 2096 2771 Diagoras
2137 2717 2253 2773 ape-

291 2800 395 2854 riet
434 2797 610 2852 Alexis
650 2796 904 2851 Athenaei
944 2797 1032 2851 IX.
1074 2814 1126 2868 p.
1164 2801 1288 2851 579.
1331 2797 1387 2850 B.
1430 2797 1523 2851 ubi
1562 2799 1617 2851 in
1657 2798 1806 2853 libris
1846 2807 1959 2855 est:

589 2897 674 2950 τὸν
714 2899 948 2965 ὀψοποιὸν
987 2896 1238 2952 σκευάσαι
1276 2904 1478 2966 χρηςῶς
1517 2899 1664 2964 μόνον

589 2998 668 3051 δεῖ
701 3002 930 3052 τοῦτον
969 2997 1102 3052 ἄλλο
1142 2999 1184 3053 δ’
1224 3000 1396 3064 οὐδέν,

294 3100 385 3156 sed
418 3115 605 3154 verum
649 3099 783 3152 vidit
831 3099 1152 3162 PiersonuS‚
1201 3101 1293 3171 qui
1340 3101 1642 3156 emendavit
1685 3104 1764 3158 δεῖ
1797 3103 2009 3173 τοῦψονς
2064 3113 2126 3160 tu
2160 3109 2254 3177 igi-

294 3209 386 3257 tur
440 3199 622 3255 eadem
669 3215 828 3270 opera
881 3198 1138 3253 Clementi
1196 3200 1357 3255 redde
1414 3203 1501 3256 καὶ
1555 3205 1793 3274 Διαγόρα
1846 3203 2030 3274 τοῦψον
2085 3228 2255 3275 παρα-

298 3300 565 3356 σκευάσαι.
601 3308 650 3353 Ψ
674 3306 725 3353 et
745 3308 793 3352 T
815 3299 871 3352 in
893 3299 1170 3354 Codicihus
1193 3302 1428 3371 antiquis
1450 3303 1536 3355 vix
1561 3303 1729 3358 forma
1759 3305 2042 3372 differunt,
2073 3325 2254 3379 quam-

297 3402 476 3457 obrem
518 3406 702 3454 utrum
744 3401 882 3468 τύχη
917 3416 984 3453 an
1023 3401 1176 3467 ψυχή
1211 3402 1282 3455 sit
1332 3402 1672 3458 scribendum
1714 3423 1818 3459 non
1865 3424 1928 3460 ex
1967 3408 2118 3462 libris
2165 3411 2256 3466 sed

296 3520 361 3559 ex
399 3503 658 3573 cuiusque
712 3500 814 3554 loci
850 3501 1113 3555 sententia
1164 3503 1597 3558 constituendum
1637 3513 1747 3570 est,
1802 3513 1862 3560 ut
1898 3515 1950 3562 et
1986 3509 2087 3581 ipsi
2138 3512 2258 3566 sub-

301 3603 422 3660 inde
457 3602 893 3659 monstravimuS.
975 3601 1218 3657 Fuerunt
1250 3603 1372 3659 olim
1409 3603 1689 3677 philologi,
1726 3610 1815 3678 qui
1854 3609 2013 3665 certis
2047 3612 2260 3681 quihus-
