2436 4068
1025 267 1126 317 159

85 411 325 471 Eubulus
364 409 503 482 apud
549 409 741 464 Athen.
781 426 830 480 p.
875 414 999 465 559.
1040 411 1095 464 B.

457 496 492 552 ὦ
534 503 633 552 Ζεῦ
674 498 1006 562 πολυτίμητ’,
1045 495 1140 552 εἶτ’
1181 499 1283 563 ἐγὼ
1324 504 1491 559 κακῶς
1533 500 1659 553 ποτέ

458 587 544 651 ε’ρῶ
583 593 872 651 γυναῖκαςς
915 586 972 645 νὴ
1014 586 1119 649 Δί’,
1156 587 1448 652 ἀπολοίμην
1487 585 1618 654 ἄρα,

457 673 663 728 πάντων
702 672 871 740 ἄριςον
910 672 1191 738 κτημάτων
1214 714 1226 726 .
1268 676 1311 728 εἰ
1353 675 1396 728 δ’
1437 674 1643 739 ἐγένετο

456 763 589 822 κακὴ
629 761 760 825 γυνη
799 761 1035 823 Μήδεια,
1076 761 1405 823 Πηνελόπεια
1443 763 1497 816 δέ

454 850 603 913 μέγα
643 852 893 915 πρᾶγμα.

81 935 457 1008 corrigendum
498 943 579 991 est
617 936 889 998 Πηνελόπη
930 936 983 990 δέ
1012 955 1095 1000 γε.
1177 935 1237 989 Ιι]
1278 937 1470 992 Codice
1511 939 1653 991 enim
1693 937 1894 994 diserte
1934 940 2064 993 scri·

79 1031 231 1098 ptum
275 1025 539 1086 πηνελόπη
575 1025 627 1078 δὲ
666 1025 814 1090 μέγα
853 1027 1116 1091 πρᾶγμα,
1158 1040 1260 1077 non
1311 1025 1616 1086 πηνελόπηα
1662 1026 1745 1092 δέ,
1791 1034 1850 1079 ut
1891 1026 2064 1098 perhi-

82 1113 227 1168 bent.
307 1113 431 1167 Post
469 1129 637 1183 pauca
679 1113 733 1166 in
774 1111 963 1166 Codice
999 1115 1082 1165 est
1119 1114 1290 1179 χρηςή
1336 1133 1421 1166 τιο·
1462 1109 1518 1173 ἦν
1552 1113 1726 1177 μέντοι
1773 1134 1888 1178 τισ,
1929 1131 2066 1186 quae

0 1242 2 1247 .
34 1191 37 1194 ⁴
83 1202 160 1255 sic
193 1207 321 1256 sunt
353 1199 761 1271 distinguenda:

32 1273 46 1286 ..
379 1290 550 1358 χρηςή
584 1319 662 1331 —-
698 1289 777 1349 τίς
820 1285 875 1349 ἦν
916 1287 1122 1353 μέντοις
1164 1289 1272 1352 ‘th-3
1315 1287 1446 1354 οἴμοι
1487 1289 1735 1350 δείλαιος.

382 1377 592 1446 ταχέως
631 1375 698 1440 γέ
737 1378 796 1441 μ’
835 1377 891 1430 αἶ
925 1375 1120 1444 zan-300}
1162 1382 1408 1442 γυναῖκες
1450 1377 1709 1431 ἐπέλιπον.

82 1472 362 1540 postquam
404 1465 541 1519 dixit
581 1466 749 1533 χρηςή
789 1496 864 1504 --
905 1463 1090 1520 haeret
1129 1471 1181 1519 et
1223 1481 1325 1518 non
1371 1465 1569 1536 reperit
1609 1464 1748 1536 quod
1789 1464 1962 1528 dicat,
2007 1472 2068 1518 ut

86 1552 421 1625 Strepsiades
456 1555 508 1607 in
548 1551 790 1607 Nubibus
824 1555 948 1606 787.
2156 1548 2158 1551 ’

37 1654 42 1659 ’
308 1641 424 1710 φέρ’
461 1641 578 1695 ἴδω.
621 1673 694 1682 —
730 1640 786 1694 τί
821 1641 994 1705 μέντοι
1035 1646 1227 1709 πρῶτον
1268 1638 1358 1704 ἧνς
1400 1642 1455 1695 τί
1493 1646 1684 1708 πρῶτον
1727 1641 1815 1706 ἦν,

84 1736 139 1784 et
170 1729 447 1785 Phaedrus
482 1731 536 1783 in
565 1729 882 1799 cognomine
915 1727 1125 1800 dialogo
1161 1746 1211 1800 p.
1250 1732 1375 1783 ⁹236.
1413 1729 1471 1783 Ι).
1531 1729 1718 1795 ὄμνυμι
1754 1730 1858 1798 γάρ
1893 1750 1966 1785 σοι
1991 1762 2067 1772 —-

83 1819 202 1875 τίνα
239 1819 435 1884 μέντοι;
470 1819 589 1872 τίνα
619 1818 764 1879 Osi-M
804 1817 833 1879 ἢ
873 1817 1053 1882 βούλει
1092 1817 1184 1878 τὴν
1224 1817 1494 1872 πλάτανον
1534 1820 1752 1880 ταυτηνί
1761 1837 1773 1881 ;

162 1907 357 1961 Araros
395 1903 586 1960 Athen.
627 1922 678 1977 p.
721 1908 848 1960 237.
886 1906 946 1959 A.

382 1995 472 2048 οὐκ
510 1993 612 2047 ἔσθ’
644 1991 778 2054 ὅπως
814 1996 903 2048 οὐκ
941 1990 994 2047 εἴ
1023 1991 1334 2060 παράσιτος,
1376 1995 1636 2062 φίλτατε,

381 2083 404 2135 ὃ
435 2083 480 2136 δ’
514 2082 840 2151 Ἰσχόμαχος
882 2082 906 2135 ὅ
943 2081 1231 2150 διατρέφων
1271 2102 1331 2135 σε
1370 2082 1661 2152 τυγχάνει,

82 2186 197 2226 rem
236 2186 338 2224 acu
376 2170 555 2240 tetigit
588 2168 810 2223 Botbius
849 2168 1140 2224 emendans
1187 2169 1258 2224 ὁδὶ
1298 2170 1528 2240 τρέφων,
1569 2179 1622 2225 et
1661 2178 1741 2226 est
1777 2171 1907 2224 baec
1949 2170 2060 2240 ipsa

81 2259 349 2331 scriptura
400 2260 453 2312 in
506 2256 797 2330 archetypo
842 2256 1058 2322 Codice,
1100 2258 1153 2311 in
1208 2273 1314 2329 quo
1360 2258 1614 2313 librarius
1670 2260 1724 2313 in
1777 2258 2061 2326 διατρέφων

78 2345 316 2402 litteram
356 2366 394 2400 α
433 2352 633 2418 puncto
671 2361 835 2418 supra
875 2346 1076 2418 scripto
1116 2345 1526 2418 expungendam
1568 2364 1683 2402 esse
1723 2347 1878 2402 solito
1915 2363 2064 2400 more

79 2433 354 2490 indicavit.
431 2435 712 2490 Caeterum
751 2432 953 2506 absque
991 2449 1053 2488 eo
1093 2433 1294 2489 indicio
1331 2433 1522 2490 fuisset
1561 2453 1625 2491 ex
1667 2452 1723 2491 se
1762 2442 2062 2508 spectatum

28 2522 152 2595 ((63)
191 2522 391 2592 τρέφων
430 2538 618 2578 verum
658 2538 775 2577 esse
814 2524 945 2577 satis
982 2522 1287 2595 apparebat.

157 2611 354 2667 Araros
388 2610 528 2684 apud
570 2610 789 2666 Suidam
823 2628 869 2666 v.
908 2613 1189 2667 ἀναθεῖναι.

453 2697 588 2762 ὅπως
627 2701 680 2756 δὲ
719 2702 812 2763 την
851 2702 1061 2769 νύμφην
1101 2701 1191 2755 ἐαν
1231 2703 1256 2754 ὁ
1295 2701 1464 2769 καιρὸς
1503 2700 1533 2770 ᾖ

35 2745 183 3135 ‘k
455 2788 703 2857 μετέωρον
738 2790 823 2846 ἐπὶ
861 2789 920 2844 τὸ
961 2789 1144 2857 ζεῦγος
1180 2790 1452 2854 ἀναθήσεις
1494 2791 1677 2859 φέρων.

36 2870 50 2937 :j
187 2893 252 2933 ue
290 2877 380 2932 ἐάν
420 2878 496 2932 rei
534 2878 781 2933 convenit
816 2884 870 2933 et
899 2878 1160 2934 Graecum
1198 2884 1279 2932 est
1313 2878 1482 2947 καιρός
1517 2880 1625 2943 ἐςι,
1667 2895 1770 2934 non
1813 2881 1836 2932 ὁ
1874 2878 2073 2948 καιρός.

39 2958 50 3014 3
183 2965 345 3022 enda:
386 2966 595 3021 ἐπειδὰν
635 2967 802 3035 καιρὸς
839 2963 886 3035 ᾖ.

44 3035 85 3116 ξ’
156 3052 490 3110 Nicostratus
527 3054 718 3109 Athen.
759 3072 812 3127 p.
857 3059 984 3110 474.
1023 3055 1078 3109 B.

50 3143 87 3227 ἶ
374 3146 403 3207 ἦ
435 3147 559 3205 ναῦς
597 3143 648 3198 δὲ
689 3142 861 3210 πότερ’
901 3143 1147 3212 εἶκόσορός
1188 3144 1290 3203 tls-tv
1325 3144 1353 3206 ἢ
1389 3144 1565 3206 κύκνος

382 3233 409 3294 ἢ
450 3232 726 3298 κάνθαρος;
765 3230 905 3287 τουτὶ
945 3233 1050 3300 γὰρ
1083 3232 1146 3287 ἂν
1182 3231 1380 3298 πύθωμ’
1420 3229 1497 3288 ὅτι

382 3321 537 3380 αὐτὸς
576 3325 773 3387 περανῶ
813 3320 884 3374 τά
924 3319 1119 3375 πάντα.

162 3404 221 3461 ln
261 3406 450 3463 Codice
489 3414 569 3463 est
610 3411 639 3471 ἦ
680 3413 810 3463 ναῦσ
857 3409 911 3463 δὲ
950 3408 1158 3477 πότερον
1197 3429 1336 3464 εικοσ
1368 3428 1505 3477 οροσε
1550 3409 1558 3483 Ι
1601 3429 1677 3466 ςιν
1717 3410 1745 3472 ἣ
1786 3409 1966 3462 κύκνοο·
2006 3414 2060 3474 et

88 3492 177 3550 ὃᾶν
226 3497 463 3563 πύθωμαι
516 3493 592 3551 ὅτι
639 3498 803 3552 αύτὸσ
849 3517 1066 3565 περιανω
1111 3498 1183 3553 τὰ
1223 3497 1424 3554 πάντα.
1503 3497 1605 3566 Qui
1646 3497 1845 3567 optime
1886 3511 2063 3549 emen·

89 3578 230 3638 davit
263 3591 459 3651 περανῶ
495 3584 790 3646 lacobsius,
834 3585 971 3642 idem
998 3593 1141 3643 recte
1176 3588 1373 3651 πύθωμ’
1395 3586 1471 3641 ἔτι
1504 3585 1760 3647 coniecit,
1804 3581 1941 3655 quod
1966 3581 2062 3643 du-,

89 3666 213 3725 dnm
257 3679 527 3744 receptum
568 3674 818 3745 oportuit.
