2436 4068
1320 166 1423 216 792

693 313 919 379 βέβληκ’
961 309 1245 376 Ἀχιλλεὺς
1286 309 1368 363 δύο
1410 307 1551 374 κύβω
1594 308 1680 362 καὶ
1721 308 1982 378 τέσσαρα,

393 410 446 458 et
488 403 540 455 in
578 405 681 460 πῶς
722 399 785 452 ἂν
819 397 1037 464 βάλοιμ’
1076 397 1377 463 Εὐριπίδην,
1433 396 1658 467 aliisque
1710 398 1938 468 passim:
1980 397 2072 452 sed
2113 399 2246 469 quod
2280 399 2354 453 ia·-

392 499 530 546 ctum
582 496 655 542 esc
715 503 869 539 nemo
908 484 978 538 τα
1023 484 1285 549 βληθέντα
1335 483 1563 556 appellat
1621 485 1711 539 sed
1773 502 1957 540 omnes
2008 485 2079 539 τα
2130 486 2354 541 πεσόντα

389 586 483 632 aut
518 578 590 631 τα
629 573 946 637 ἐκπεσόντα,
987 579 1048 626 ut
1085 573 1139 624 in
1183 572 1496 643 Sophocleo:

690 663 886 730 ςέργειν
928 661 979 714 δὲ
1018 660 1351 714 τοέκπεσόντα
1390 658 1478 714 κεῦ
1518 659 1685 714 θέσθαι
1726 660 1906 727 πρέπει

693 751 852 819 σοφὸν
891 749 1176 814 κυβευτὴν,
1221 748 1368 802 οέλλα
1407 749 1480 812 μη
1519 748 1676 805 ςένειν
1714 748 1900 815 τύχην.

466 838 696 908 lntelligi
747 853 966 909 prorsus
1010 853 1112 889 non
1168 843 1338 906 potest
1378 853 1482 906 quo
1519 836 1672 889 modo
1710 836 1922 890 dicatur
1973 837 2207 890 ἐκπεσεῖν
2263 836 2358 892 ὑπὸ

395 930 492 985 τῶν
532 929 754 994 ἐχθρῶν,
797 926 1120 992 περιπίπτειν
1173 930 1381 985 κακοῖς,
1437 925 1684 988 ἐμπεσεῖν
1738 927 1808 984 εἷς
1863 925 1948 978 τὸν
2000 930 2252 989 μυλῶνα,
2308 931 2359 979 et

392 1015 592 1071 similia
632 1014 763 1067 bene
814 1012 1017 1077 multa,
1077 1012 1181 1064 nisi
1222 1010 1666 1066 animadverteris
1722 1011 1852 1066 haec
1885 1029 1983 1083 pro
2015 1013 2242 1082 passivis
2281 1028 2358 1066 re-

391 1103 650 1177 spondere
704 1100 882 1155 verbis
941 1099 1220 1165 ἐκβοὶλλω,
1275 1100 1616 1166 περιβαλλω,
1675 1098 1951 1166 ε’μβοέλλω.
2049 1099 2203 1170 Apud
2262 1100 2360 1154 He·
2392 1111 2397 1154 ss

394 1193 642 1267 sychiuln
692 1188 829 1243 male
879 1188 1083 1243 editur:
1138 1192 1532 1252 Ἐμπεσεῖν;
1593 1189 1664 1248 εἷς
1716 1189 2051 1255 δεσμωτήριον
2099 1189 2360 1254 οὶχθῆναι,
2395 1179 2436 1259 ζ’

396 1281 487 1336 sed
528 1277 821 1334 edendum:
877 1279 1229 1343 Ἐμπεσεῖν
1285 1276 1383 1336 εἰς
1435 1277 1892 1343 δεσμωτήριονε
1952 1277 2213 1344 ἀχθῆναι,
2268 1275 2436 1354 qul?

394 1369 544 1423 locus
585 1366 719 1420 mihi
752 1370 964 1419 sumtus
1003 1363 1217 1418 videtur
1249 1380 1311 1418 ex
1344 1363 1522 1434 aliqua
1554 1362 1693 1427 λέξει
1728 1363 2004 1425 Πλάτωνος
2046 1370 2098 1418 et
2131 1362 2391 1419 r·eseren

395 1457 495 1510 dus
533 1454 600 1509 ad
640 1452 873 1508 Platonis
913 1451 978 1505 de
1017 1452 1145 1523 Rep.
1200 1451 1375 1505 locum
1410 1451 1551 1506 VIII.
1610 1469 1659 1522 p.
1697 1456 1823 1507 555.
1866 1452 1934 1515 Β,
1986 1467 2143 1522 quem
2201 1467 2396 1522 supra

396 1543 777 1616 apposuimus,
819 1539 910 1594 ubi
951 1539 1070 1610 quis
1112 1541 1208 1594 ὑπὸ
1248 1544 1579 1608 συκοφαντῶν
1619 1541 1690 1601 εἷς
1733 1539 2066 1607 δεσμωτήριον
2117 1540 2363 1605 ἐμπεσεῖν
2393 1550 2436 1606 3,

395 1633 611 1687 dicitur.
694 1628 844 1696 Quod
894 1628 1148 1698 magistet
1187 1630 1410 1695 α’χθῆναι
1453 1627 1621 1690 dixit,
1678 1628 1899 1693 meliuS,
1953 1634 2013 1682 ut
2067 1627 2245 1692 videS,
2286 1609 2412 1681 ‹li-3
2388 1656 2421 1679 .-

397 1721 560 1774 xisset
601 1719 956 1783 ἐμβληθῆναι,
997 1714 1086 1769 sed
1123 1717 1394 1786 sequiores
1437 1717 1510 1769 ita
1549 1714 1812 1777 solebant,
1853 1722 1911 1769 ut
1951 1715 2271 1770 Plutarchus
2308 1716 2364 1769 in
2394 1740 2426 1827 3

393 1806 599 1863 Pericle
640 1822 755 1877 cap.
793 1809 894 1859 51;
949 1806 973 1856 o‘
1024 1805 1226 1865 Φειδίας
1274 1825 1344 1864 εις
1384 1804 1441 1858 τὸ
1482 1805 1816 1870 δεσμωτήριον
1871 1804 2215 1872 απαχθεις
2259 1805 2363 1858 ε’τε-

394 1898 614 1958 λεύτησε
664 1895 917 1957 νοσήσας,
978 1891 1063 1945 ubi
1104 1908 1200 1963 pro
1246 1894 1508 1960 απαχθείς
1560 1892 1818 1946 Veterum
1857 1891 2079 1963 quilibet
2130 1893 2409 1958 ἐμπεσών

392 1986 672 2058 posuisset.

472 2074 531 2127 In
574 2072 718 2126 lucta
766 2070 1057 2142 composito
1096 2069 1428 2136 καταβάλλω
1467 2069 1750 2142 respondet
1785 2070 2007 2142 simplex
2049 2070 2221 2125 πίπτω
2246 2111 2260 2132 ,
2305 2075 2367 2124 ut
2414 2102 2417 2108 -

397 2163 452 2214 in
494 2157 826 2232 Thucydidis
885 2158 1028 2212 dicto
1081 2158 1220 2228 apud
1271 2158 1544 2213 Plutarch.
1600 2160 1651 2212 in
1712 2157 1914 2213 Pericle
1961 2175 2074 2230 cap.
2118 2162 2181 2213 8:
2242 2156 2363 2212 ὅταν
2410 2174 2421 2238 ¹3

399 2251 498 2314 ἐγὼ
552 2246 913 2314 καταβάλω
977 2247 1214 2300 παλαίων
1265 2249 1449 2307 ἐκεῖνος
1502 2247 1789 2312 ἀντιλέγων
1842 2249 1906 2307 ὡς
1961 2249 2014 2302 οὐ
2071 2246 2364 2301 πέπτωκε
2410 2239 2436 2295 l

400 2344 512 2408 νικᾷ
555 2336 640 2390 καὶ
670 2334 973 2400 μεταπείθει
1007 2335 1122 2394 τοὺς
1164 2335 1410 2401 ὁρῶντας,
1451 2351 1586 2406 quae
1615 2352 1700 2390 res
1735 2334 1965 2389 advertit
2006 2336 2110 2388 iam
2154 2335 2216 2389 H.
2253 2315 2436 2407 Steti.

399 2426 672 2498 phanum:
718 2422 1015 2476 „observa”
1058 2423 1233 2494 inquit
1282 2423 1420 2476 »dici
1457 2423 1780 2478 πεπτωκέναι
1833 2423 1896 2477 de
1930 2423 2023 2476 ιιιο
2063 2441 2213 2494 quem
2252 2423 2366 2495 quis
2428 2409 2436 2495 ξ

401 2510 798 2578 καταβαλλει.”
893 2509 980 2564 Sic
1034 2511 1139 2577 τρὶς
1192 2519 1368 2566 πεσεῖν
1421 2517 1473 2566 et
1528 2513 1634 2580 τρὶς
1693 2514 2024 2578 καταβαλεῖν
2079 2511 2366 2567 luctatores
2423 2494 2436 2563 ἶ

403 2603 693 2664 dicuntur,
752 2604 805 2653 et
863 2599 1003 2671 apud
1059 2599 1330 2654 Platonem
1391 2601 1444 2653 in
1504 2600 1695 2672 Hippia
1756 2601 1962 2655 minore
2023 2617 2071 2671 p.
2114 2604 2238 2654 574.
2293 2599 2364 2654 A:
2425 2578 2436 2696 ἒ

404 2689 609 2756 αἴσχιον
652 2689 702 2740 ἕν
754 2685 901 2755 πάλη
955 2689 1012 2742 τὸ
1066 2687 1342 2742 πίπτειν
1393 2689 1422 2751 ἢ
1472 2689 1530 2742 τὸ
1580 2688 2084 2754 καταβάλλειν.
2163 2687 2362 2742 Eodem
2432 2711 2436 2745 -ς

399 2777 556 2832 modo
593 2774 751 2830 verbo
788 2773 1008 2840 καταγω
1059 2775 1343 2846 respondet
1383 2792 1476 2846 pro
1525 2776 1736 2847 passivo
1790 2775 2116 2844 κατέρχομαι
2157 2776 2254 2830 ὑπό
2290 2796 2363 2830 τι·
2419 2771 2436 2841 ⁵,

402 2888 514 2930 νος,
556 2864 620 2918 de
659 2880 763 2934 qua
802 2863 861 2916 re
901 2862 1002 2916 alio
1042 2863 1155 2917 loco
1197 2863 1414 2917 uberius
1455 2863 1707 2918 diximus,
2399 2886 2418 2965 3

474 2954 536 3008 In
572 2952 661 3006 IX.
707 2955 773 3004 1:
835 2949 1157 3005 Schneidero
1195 2952 1618 3023 obtemperatum
1661 2952 1895 3023 oportuit
1934 2969 2030 3023 pro
2064 2951 2272 3018 μαλιςα
2318 2952 2360 3006 δ’
2400 2965 2421 3019 ι,

400 3064 465 3098 αν
503 3041 656 3096 ι’ππον
706 3038 1150 3093 αποδεικνύειν
1201 3040 1324 3094 δέοι
1373 3039 1563 3108 ἔχοντα
1605 3061 1666 3094 ων
1720 3040 1908 3100 ἱππεὺς
1947 3042 2109 3095 δεῖται
2163 3061 2232 3100 εις
2275 3001 2421 3097 wel-l

397 3145 584 3197 λεμον,
643 3127 942 3181 rectissime
1000 3128 1290 3197 corrigenti
1340 3149 1492 3182 ιππον
1549 3128 1946 3182 αποδεικνύοι
2011 3127 2220 3195 ἔχοντα.
2300 3099 2416 3186 ΙΙΙ(ζ

402 3223 431 3289 §
468 3222 517 3272 5.
559 3219 621 3277 ὡς
654 3214 716 3268 ἂν
758 3214 889 3279 ήκις’
924 3215 1218 3280 ἀναβαίνων
1275 3223 1495 3277 λυποῖ,
1542 3215 1943 3269 rescribendum
1982 3216 2194 3280 λυποίη,
2236 3216 2360 3285 quia
2403 3202 2410 3243 ’ἵ

398 3307 685 3377 scriptores
725 3304 889 3357 Attici
932 3320 1034 3357 non
1079 3302 1180 3356 alia
1220 3321 1378 3373 quam
1418 3303 1515 3358 hac
1552 3303 1720 3357 forma
1762 3304 2080 3358 utebantur:
2121 3304 2357 3369 λυπέοιμι

394 3396 634 3450 Ionicum
676 3398 756 3447 est
793 3400 846 3447 et
895 3399 1109 3458 λυποῖμι
1154 3393 1518 3462 Tragicorum.
1600 3391 1839 3445 Turbant
1880 3393 1932 3445 in
1989 3392 2072 3446 his
2122 3391 2356 3455 scribae,

396 3499 623 3555 quorum
677 3481 805 3536 vitio
855 3481 1128 3537 erroribus
1183 3479 1487 3536 huiusmodi
1535 3479 1682 3535 Plato
1724 3481 2065 3552 potissimum
2120 3479 2359 3553 oppletus
