2436 4068
1353 190 1417 239 10

684 333 782 387 ὑπὸ
816 336 904 387 τοῦ
944 329 1205 397 βασιλέως
1241 331 1451 385 Μανίαν
1492 331 1816 397 Δημητρίου,

684 419 1000 484 ἀνταξιῶσαι
1042 418 1228 486 δωρεὰν
1273 417 1463 472 καύτόν
1503 438 1653 472 τινα.

662 509 845 570 ’δόντος
885 509 933 561 δ’
968 506 1299 573 ἐπιςρέψασα
1334 505 1476 570 μετα
1517 506 1692 573 μικρὸν
1721 504 1900 569 λέγει·

682 595 1075 662 Ἀγαμέμνονος
1110 600 1245 656 παῖ,
1285 596 1370 647 νῦν
1411 594 1560 647 ἐκεῖν’
1594 591 1734 656 ἔξεςί
1767 612 1872 646 σοι.

381 702 449 740 ne
505 684 615 739 sola
669 690 822 756 putes
873 687 1053 735 scorta
1098 681 1274 735 Attica
1322 697 1447 735 cum
1503 681 1673 752 poetis
1730 680 1963 735 multum
2016 696 2366 737 consuescere

379 772 535 828 solita
571 774 623 825 in
665 775 882 842 promtu
920 768 1049 822 haec
1087 767 1315 833 habere,
1355 785 1383 822 e
1417 768 1693 823 Plutarchi
1732 768 2093 842 Symposiacis
2125 768 2213 825 IX.
2241 773 2289 823 1.
2315 772 2366 824 2.

377 860 511 915 haec
567 856 893 912 adscribam:
936 857 1158 922 ἐμνήσθη
1213 863 1306 919 τῆς
1361 856 1611 925 Θεοδώρου
1663 861 1752 910 τοῦ
1808 857 2072 924 τραγῳδοῦ
2122 858 2365 922 γυναικὸς

377 950 433 1003 οὐ
483 943 896 1014 προσδεξαμένης
938 946 1095 1000 αὐτὸν
1135 947 1186 999 ἐν
1231 947 1300 1013 τῷ
1349 943 1717 1010 συγκαθεύδειν
1762 944 1989 1009 ὑπογύου
2036 949 2126 1000 τοῦ
2169 947 2366 1010 οέγῶνος

376 1033 545 1098 ὄντος,
595 1034 707 1088 ἐπεὶ
753 1034 805 1087 δὲ
845 1036 1056 1098 νικήσας
1102 1034 1304 1096 εἰσῆλθε
1355 1033 1475 1101 πρὸς
1530 1033 1693 1094 αὐτην
1742 1032 2126 1099 ἀσπασαμένης
2167 1033 2255 1087 καὶ
2298 1034 2365 1087 εἲ·

377 1122 572 1185 πούσης
598 1141 610 1152 ·
788 1194 790 1197 Ι

682 1209 1075 1275 Ἀγαμέμνονος
1115 1215 1241 1272 παῖ,
1278 1213 1363 1262 νῦν
1404 1207 1555 1261 ἐκεῖν’
1596 1205 1736 1270 ἔέεςί
1775 1227 1869 1261 σοι.

376 1298 560 1370 Neque
599 1296 784 1352 fefellit
826 1296 1113 1351 Alexandri
1155 1296 1391 1358 militeS‚
1435 1311 1602 1366 quum
1647 1296 1702 1348 in
1741 1296 1934 1350 castris
1974 1295 2036 1349 ad
2081 1294 2365 1368 Hydaspen

377 1386 605 1441 fluvium
664 1385 719 1438 in
777 1384 1199 1440 Bacchanalibus
1252 1382 1534 1452 δραμάτιον
1594 1384 1891 1458 satyricum
1960 1383 2013 1437 in
2074 1382 2363 1454 Harpalum

377 1475 643 1547 scriptum
697 1479 986 1543 ageretur,
1047 1474 1101 1527 in
1161 1473 1317 1528 cuius
1375 1471 1591 1543 prologo
1645 1471 1775 1526 haec
1833 1478 1987 1526 erant
2040 1488 2122 1543 ap.
2171 1471 2365 1531 Athen.

376 1562 522 1619 XIII.
558 1565 687 1617 595.
729 1569 792 1615 E.

1225 1647 1316 1712 οὑξ
1350 1649 1589 1716 οὶριςεροῖς
1630 1647 1674 1701 δ’
1705 1643 1788 1701 ὅδε

679 1736 863 1803 πόρνης
904 1736 927 1788 ὅ
967 1737 1163 1797 κλεινὸς
1205 1738 1321 1797 ναὸς
1345 1778 1357 1799 ,
1398 1733 1450 1790 ὃν
1480 1736 1537 1799 δη
1580 1737 1850 1798 Παλλίδης
1913 1756 1918 1759 “

676 1822 867 1887 τεύξας
908 1823 1147 1888 κατέγνω
1185 1824 1268 1878 διὰ
1297 1825 1356 1878 τὸ
1391 1827 1599 1892 πρᾶγμ’
1641 1825 1800 1878 αὑτοῦ
1833 1825 2039 1891 φυγήν,

375 1930 480 1968 non
521 1910 740 1976 fefellit,
781 1911 1028 1982 inquam,
1070 1918 1397 1983 spectatores
1437 1911 1664 1966 Graecos
1696 1911 1839 1965 unde
1886 1911 2016 1965 haec
2056 1928 2152 1982 per
2185 1913 2360 1967 iocum

372 2000 693 2056 adumbrata
732 2005 927 2054 essent.
1011 1998 1067 2053 Si
1108 1999 1237 2069 quid
1280 1999 1487 2062 iudic0,
1541 1998 1762 2054 Strattis
1803 1998 2192 2054 eiusdemmodi
2231 2001 2362 2071 quid

371 2088 605 2153 luserat,
647 2086 788 2158 quod
823 2103 967 2140 nunc
1008 2086 1161 2141 nobis
1201 2088 1386 2157 periit,
1427 2086 1519 2141 sed
1557 2093 1616 2140 ut
1655 2089 1895 2142 revocari
1934 2088 1987 2141 in
2028 2087 2204 2142 lucem
2246 2105 2361 2160 pos-

371 2178 459 2231 sit.
540 2176 810 2246 Antiquus
851 2180 904 2228 et
954 2173 1142 2228 doctus
1195 2174 1592 2229 Grammaticus
1637 2174 1704 2229 ad
1756 2174 2130 2246 Aristophanis
2187 2176 2362 2231 Ranas

369 2281 447 2318 νε.
472 2267 580 2319 404
602 2262 904 2317 annotavit:
940 2261 1104 2331 χρόνῳ
1132 2262 1176 2316 δ’
1206 2261 1375 2331 ὕςερον
1401 2265 1455 2317 οὐ
1486 2264 1663 2331 πολλῷ
1692 2262 1778 2317 καὶ
1809 2263 2062 2327 καθάπαξ
2093 2263 2360 2337 (expunge

369 2352 481 2426 καί)
522 2356 748 2420 περιεῖλε
796 2350 1039 2412 Κινησίας
1074 2350 1173 2412 τοὶς
1214 2350 1471 2418 χορηγίας
1496 2393 1508 2405 .
1564 2350 1622 2415 ἐξ
1660 2349 1718 2406 οὗ
1758 2352 1844 2407 καὶ
1889 2351 2150 2420 Στροὶττις
2193 2352 2244 2404 ἐν
2285 2352 2357 2418 τῷ

371 2443 443 2502 εἰς
477 2440 634 2495 αὐτὸν
667 2436 895 2506 δράματι
935 2437 1038 2507 ἔφη
1064 2458 1076 2470 ·

673 2528 833 2588 σκηνη
866 2527 961 2592 μὲν
993 2532 1082 2581 τοῦ
1111 2527 1413 2595 χοροκτόνου
1451 2527 1703 2590 Κινησίου.

370 2619 432 2675 In
463 2618 684 2689 antiquo
713 2617 894 2671 codice
927 2635 1093 2689 quum
1118 2606 1712 2675 XOPOKTONOT'ffi'-
1741 2626 2019 2674 exaratum
2061 2624 2202 2672 esset
2240 2634 2357 2689 pro-

372 2709 496 2764 clivi
527 2726 708 2764 errore
728 2695 1098 2766 {fexcidere
1127 2718 1245 2783 post
1282 2721 1375 2766 O‘r
1413 2712 1600 2783 potuit.
1645 2711 1868 2767 Strattis
1887 2710 2102 2765 videtur
2122 2709 2357 2764 fabulam

371 2796 457 2853 his
496 2798 628 2869 ipsis
667 2799 843 2853 verbis
883 2816 1105 2853 exorsus
1143 2817 1286 2854 esse:

675 2889 846 2950 Σκηνη
878 2888 974 2953 μὲν
1013 2887 1098 2952 ἥδε
1138 2891 1228 2942 τοῦ
1266 2888 1566 2956 χοροκτόνου
1601 2890 1711 2943 θεοῦ

670 2974 933 3036 Κινησίου.

368 3075 507 3132 quae
551 3065 614 3113 ut
653 3062 1043 3132 spectatoribus
1081 3063 1276 3118 Atticis
1312 3063 1496 3118 audita
1536 3070 1698 3125 sunt,
1739 3063 1994 3117 continuo
2033 3062 2131 3115 toti
2166 3077 2356 3116 caveae

367 3154 460 3207 τοῦ
499 3148 802 3204 λυκοκτόνου
843 3151 951 3204 θεοῦ
993 3150 1133 3222 apud
1188 3150 1501 3223 Sophoclem
1546 3152 1691 3206 venit
1738 3152 1791 3204 in
1834 3157 2084 3205 mentem.
2179 3148 2352 3215 Quam

369 3243 525 3303 facile
562 3228 682 3306 Q—C,
726 3230 857 3308 ὦῖ,
900 3231 1045 3310 ὦ,
1093 3230 1203 3300 ᾗ
1243 3244 1516 3315 corrumpi
1558 3250 1651 3297 aut
1692 3242 2014 3296 intercidere
2055 3241 2257 3310 possint
2297 3240 2352 3294 in

369 3335 549 3406 priore
586 3339 738 3406 parte
777 3333 1125 3388 ostendimus,
1206 3333 1266 3387 In
1307 3332 1645 3386 Comicorum
1685 3329 2001 3400 fragmentis
2041 3346 2145 3382 non
2187 3327 2351 3382 semel

370 3423 446 3476 ita
496 3421 697 3476 sactum
739 3437 864 3474 esse
890 3420 1025 3474 mihi
1066 3420 1510 3475 animadvertisse
1555 3419 1752 3474 videor.
1831 3416 2077 3471 Nondum
2118 3415 2353 3486 poenitet

373 3510 428 3563 in
471 3510 689 3564 Platone
731 3508 943 3562 Comico
985 3508 1125 3580 apud
1169 3507 1340 3562 Schol.
1394 3508 1555 3563 Arist.
1598 3508 1717 3562 Pac.
1759 3510 1863 3561 792
1902 3521 1996 3576 pro
2048 3505 2070 3558 ὁ
2106 3505 2351 3572 Καρκίνου

371 3603 497 3660 παῖς
532 3602 621 3652 τοῦ
657 3598 937 3652 θαλαττίου
975 3596 1301 3668 reposuisse:
