2436 4068
1084 203 1190 254 555

162 347 301 422 apud
353 345 511 402 eund.
571 346 638 401 ad
685 346 880 401 Phoen.
918 350 1007 399 44.
1063 352 1117 400 et
1169 347 1254 402 τὸν
1305 346 1348 399 δ’
1391 342 1523 401 εἶδεν
1570 344 1696 402 οέςόν
1748 360 1844 416 pro
1894 348 2027 403 τονδὶ
2077 349 2132 403 δὲ

160 436 311 494 ναςὸν
360 435 501 507 apud
555 435 775 506 Hei-ing.
835 432 1133 489 Observatt.
1188 450 1238 504 p.
1278 437 1404 490 279.
1460 432 1661 505 quide
1715 433 1984 489 industria
2030 435 2132 491 hoc

157 540 327 595 genus
377 523 698 578 mendorum
738 530 985 592 retegens
1028 539 1078 594 p.
1120 526 1292 576 275-
1309 525 1434 576 289.
1477 522 1689 576 eximiis
1742 521 2132 578 emendationi-

155 612 255 665 bus
291 610 491 665 multos
531 611 826 666 multorum
862 610 1006 664 locos
1047 610 1103 662 in
1146 610 1417 679 integrum
1457 610 1733 673 restituit,
1772 609 1828 662 in
1868 608 1954 664 his
1989 611 2132 682 apud

155 699 482 754 Herodotum
517 699 606 752 VI.
650 702 739 753 28.
782 713 879 768 pro
917 697 1393 762 δειμαινούσης
1449 700 1492 752 οἱ
1538 705 1630 760 τῆς
1670 704 1882 765 ςροοτιῆς
1919 701 2134 770 egregie

153 787 444 842 emendans
488 786 822 852 λιμαινούσης
875 801 925 856 p.
964 787 1091 838 277.
1170 784 1233 838 In
1283 784 1510 855 Epistol.
1571 784 1829 841 Socratic.
1865 786 1980 842 XII.
2033 805 2131 859 pro

151 880 306 942 λιμοῦ
346 876 434 931 καὶ
475 876 629 944 δίψης
670 875 724 929 in
758 873 911 927 libris
952 879 1034 927 est
1069 871 1155 926 οὶεί
1192 891 1292 937 μου
1331 872 1418 926 καὶ
1460 873 1612 941 δίψης
1635 913 1651 935 ,
1694 876 1926 930 correxit
1964 876 2132 933 Koen.

152 962 221 1018 ad
278 962 435 1035 Greg.
492 962 734 1018 Corinth.
789 979 838 1034 p.
877 964 1003 1015 665.
1083 958 1250 1014 Multa
1300 959 1386 1014 his
1436 959 1635 1014 similia
1674 958 1932 1031 leguntur
1988 965 2132 1037 apud

151 1051 477 1107 criticorum
510 1052 797 1123 principes,
857 1049 1023 1104 Nemo
1057 1065 1122 1103 ex
1154 1046 1313 1102 Codd.
1355 1063 1678 1119 cognoscere
1711 1051 1909 1119 poterit
1941 1059 2130 1109 utrum

150 1140 270 1208 πίνῃ
307 1156 375 1194 an
430 1149 578 1210 πεινῇ
618 1140 691 1194 sit
730 1136 1074 1193 scribendum
1098 1179 1114 1202 ‚
1168 1145 1340 1192 λιπεῖν
1379 1153 1448 1190 an
1487 1135 1685 1190 λείπειν
1726 1136 1890 1210 (unde
1930 1146 2008 1195 tot
2047 1142 2131 1196 vi·

150 1227 289 1282 tiosa
327 1227 583 1282 vocabula
624 1234 750 1282 nata
802 1233 932 1281 sunt
968 1223 1325 1290 λειποτάξιον,
1362 1229 1710 1292 λειποψυχεῖν
1751 1230 1877 1279 cett.
1918 1243 2016 1298 pro
2053 1241 2130 1283 λι-

152 1315 294 1388 πο-),
352 1317 610 1371 πείθεσθαι
652 1332 721 1370 an
768 1315 1040 1376 πιθέσθαι,
1083 1312 1178 1380 ἔρις
1219 1330 1287 1368 an
1329 1316 1491 1381 ἐρεῖς,
1530 1313 1666 1381 εἰδῇς
1706 1328 1776 1366 an
1813 1311 1956 1383 ἴδῃς,
1994 1318 2130 1371 oin-o-

150 1404 270 1458 τίνω
321 1420 387 1458 an
439 1405 688 1459 οἰποτείνω
710 1446 726 1468 ,
778 1403 967 1471 ςροοτιοὶ
1020 1419 1089 1455 an
1138 1403 1356 1470 ςροοτείοο
1377 1444 1392 1464 ,
1436 1400 1648 1454 παιδεία
1697 1417 1763 1454 an
1802 1402 1986 1458 παιδιαὶ
2008 1447 2023 1470 ,
2075 1412 2131 1460 et

149 1490 239 1545 ubi
292 1491 452 1547 finem
503 1491 817 1547 inveniam?
897 1490 1070 1558 Quam
1119 1506 1276 1561 saepe
1316 1506 1381 1544 ex
1426 1488 1578 1543 libris
1629 1487 1933 1544 afferuntur
1972 1491 2142 1555 ἥδειον-

148 1587 204 1634 et
238 1580 477 1644 βέλτειον
516 1589 570 1636 et
612 1581 788 1635 αἷκείοο
827 1587 880 1635 et
929 1580 1115 1648 ὄρνεις,
1159 1576 1302 1649 quod
1344 1580 1469 1644 ὅρνις
1518 1576 1718 1648 ubique
1761 1578 2125 1637 scribendum.

148 1666 404 1722 Omnium
451 1685 556 1724 usu
606 1675 822 1741 recepta
876 1674 1005 1723 sunt
1042 1667 1368 1736 φιλόνεικος,
1410 1665 1738 1734 φιλονεικία,
1779 1672 2126 1736 φιλονεικεῖν,

147 1772 285 1827 quae
324 1773 493 1827 quum
533 1774 562 1812 e
601 1758 711 1820 νίκη
753 1763 1043 1829 propagata
1083 1756 1193 1809 sint
1236 1754 1285 1828 (e
1322 1761 1481 1814 νεῖκος
1521 1754 1663 1808 enim
1704 1758 1998 1824 φιλονεικής
2033 1775 2126 1814 na·

147 1850 265 1898 tum
320 1842 530 1916 fuisset)
586 1845 833 1916 sequitur
882 1845 1142 1912 φιλόνικος
1196 1849 1321 1897 cett.
1382 1841 1548 1896 scribi
1607 1849 1869 1914 oportere.
1949 1845 2126 1902 Simili

145 1947 329 1986 errore
377 1939 563 1986 natum
618 1940 698 1986 est
750 1932 973 1987 verbum
1026 1931 1266 1997 γείνομαι
1307 1937 1358 1984 et
1400 1929 1692 1996 γεινόμενος
1743 1938 1796 1985 et
1834 1932 1907 1986 τοὶ
1960 1935 2124 1998 γεινό-

141 2041 311 2085 μενα,
361 2036 528 2091 quum
574 2020 784 2075 scribae
830 2037 926 2093 pro
979 2021 1233 2086 γίγνομαι
1270 2018 1397 2074 dare
1432 2018 1665 2074 solerent
1703 2020 1915 2086 γίνομαι
1962 2022 2124 2094 idque

143 2115 364 2178 propter
409 2130 424 2162 ι
478 2108 800 2179 productum
852 2115 1208 2163 ΓΕΙΝΟΜΑΙ
1268 2105 1615 2164 scriberetur.
1709 2106 1932 2180 Semper
1988 2111 2125 2167 mihi

140 2194 436 2250 absurdum
482 2204 536 2251 et
584 2197 871 2252 barbarum
911 2197 1087 2250 visum
1133 2201 1216 2249 est
1259 2195 1312 2248 in
1356 2194 1737 2266 Aristophanis
1787 2196 1990 2252 Avibus
2032 2216 2122 2253 no-

144 2299 265 2338 men
300 2285 653 2352 Πεισθέτοοιρος
702 2301 876 2356 neque
917 2300 1175 2356 umquam
1211 2281 1454 2337 dubitavi
1494 2283 1624 2354 quin
1666 2285 1992 2353 Πισθέταιρος
2033 2304 2122 2358 ge·

142 2373 308 2427 nuina
362 2371 532 2427 forma
586 2380 766 2437 esset,
819 2380 879 2427 ut
931 2371 1219 2436 Πιςόξενος.
1299 2370 1517 2442 Reperit
1574 2388 1767 2426 nomen
1811 2373 1986 2444 ipsum
2028 2385 2125 2431 Πι-

141 2460 403 2528 σθεταίρον
444 2461 498 2514 in
545 2462 767 2533 antiqua
809 2459 1161 2532 inscriptione
1203 2459 1480 2530 Rangabe,
1522 2475 1682 2531 quem
1730 2460 1925 2517 nollem
1965 2463 2020 2517 in
2061 2480 2124 2519 ea

142 2565 200 2603 re
235 2547 415 2603 futiles
454 2556 508 2604 et
561 2548 795 2621 pueriles
840 2548 1173 2620 suspiciones
1227 2548 1548 2620 protulisse,
1590 2564 1727 2619 quae
1767 2547 2025 2620 leguntur
2063 2553 2118 2607 in

140 2637 260 2692 eius
291 2637 467 2711 Antiq.
514 2637 719 2693 Helle'n.
759 2638 819 2691 Τ.
863 2636 928 2691 11.
972 2653 1088 2708 pag.
1127 2640 1254 2691 859.

215 2725 415 2781 Eadem
456 2734 539 2781 est
583 2725 838 2798 peccandi
891 2724 1191 2796 frequentia
1234 2726 1287 2778 in
1335 2732 1408 2778 AI
1449 2730 1502 2778 et
1540 2733 1583 2779 E
1638 2724 1868 2781 absurde
1922 2729 2120 2799 permi-

138 2813 373 2869 scendis:
426 2815 497 2868 τὰ
537 2815 693 2868 πεδία
735 2813 871 2867 fiunt
911 2814 1126 2878 παιδία,
1181 2812 1319 2867 ἔλεον
1369 2812 1636 2884 appellant
1686 2813 1891 2880 ἔλαιον,
1932 2823 2121 2871 contra

136 2901 267 2957 urbs
300 2906 542 2962 Ἐλαιοῦς
585 2901 650 2957 ab
693 2901 955 2956 olivarum
994 2900 1296 2972 frequentia
1337 2916 1529 2955 nomen
1571 2900 1761 2974 adepta
1798 2903 2121 2960 stultissime

136 2991 310 3052 ἑλεοῦς
364 2992 416 3044 in
464 2990 617 3045 tibris
649 2989 968 3063 appellatur.
1047 2989 1212 3043 Nemo
1261 2989 1344 3043 ἐπὶ
1382 2989 1532 3056 κέρως
1574 2995 1625 3044 et
1677 2991 1986 3060 ἐπικαίρως,
2027 2996 2117 3048 ’A-

137 3085 301 3147 χαιῶν
353 3087 408 3135 et
458 3080 668 3148 ἀχέων,
726 3080 915 3132 ἐνοῦσιν
967 3084 1021 3132 et
1057 3079 1314 3141 αἰνοῦσιν,
1366 3078 1454 3145 ἐρῶ
1515 3084 1568 3132 et
1607 3077 1762 3146 αἴρω,
1823 3080 2016 3148 ἑτέρους
2064 3088 2117 3136 et

137 3167 362 3235 ἑταίρους
399 3167 539 3222 inter
572 3183 630 3221 se
664 3166 952 3237 distinguit
992 3173 1046 3219 ct
1085 3164 1187 3219 alia
1239 3182 1465 3219 numero
1499 3167 1737 3221 carentia
1771 3168 1825 3221 in
1867 3168 2117 3222 omnibus

137 3251 291 3309 libris
329 3271 528 3327 susque
568 3254 739 3327 deque
792 3254 1073 3309 habentur.
1155 3254 1326 3321 Quam
1371 3270 1528 3325 saepe
1580 3270 1675 3325 pro
1713 3255 1889 3315 οένέδην
1959 3255 2014 3307 in
2055 3254 2115 3307 li-

140 3339 252 3394 bris
290 3342 538 3397 omnibus
576 3342 775 3414 legitur
823 3342 1118 3398 absurdum
1169 3343 1382 3405 οὶνοιίδην
1406 3384 1418 3406 ,
1478 3341 1618 3412 quod
1659 3341 1785 3396 olim
1834 3359 1930 3413 pro
1966 3359 2118 3397 voca-

141 3426 265 3481 bulo
303 3428 504 3484 Gracco
550 3430 861 3485 habebatur.
944 3431 1095 3485 Sitne
1149 3431 1387 3496 πέσωμεν
1430 3446 1497 3484 an
1555 3431 1824 3494 παίσωμεν
1881 3429 2115 3485 scriben-

141 3514 270 3569 dum
295 3559 310 3578 ‚
365 3516 603 3580 ἐξέπεσεν
655 3536 721 3572 an
763 3519 1072 3583 ἕξέπαισεν,
1117 3520 1301 3581 οἴονται
1343 3536 1410 3572 an
1454 3515 1551 3572 οἶόν
1591 3539 1648 3571 τε
1673 3559 1685 3580 ,
1741 3519 1795 3570 οὐ
1831 3517 2000 3581 μένειν
2046 3536 2111 3574 an

141 3606 435 3667 θυμαίνειν,
480 3606 607 3660 ἔνεον
648 3623 713 3661 an
757 3609 918 3662 ἔναιον
951 3625 1012 3663 cx
1047 3607 1204 3663 Codd.
1248 3609 1375 3663 sciri
1421 3606 1637 3677 nequit:
1684 3613 1803 3659 utra
1846 3608 2115 3678 scriptura
