2436 4068
1373 234 1478 286 472

426 394 530 434 non
568 378 700 433 alias
741 378 938 432 formas
973 394 1134 448 quam
1174 378 1393 442 ἐδίδουν,
1432 379 1615 438 ἐδίδους
1653 384 1704 431 et
1745 380 1898 433 ἐδίδου
1940 394 2192 450 umquam
2237 381 2400 437 fuisse

425 469 479 521 in
521 484 652 531 usn,
694 465 1037 537 quamobrem
1074 466 1258 526 ἐδίδους
1299 472 1380 519 est
1420 464 1801 536 reponendum.
1880 468 2047 522 Periit
2081 468 2397 524 vocabulum

421 556 488 610 ad
527 555 848 609 sententiam
890 553 1251 607 necessarium
1292 554 1347 606 in
1397 552 1436 626 §
1478 557 1527 606 7.
1577 554 1788 607 διέδωκοι
1822 555 2000 616 ἄλλοις
2051 555 2232 620 ἄγειν,
2274 574 2396 628 sup-

418 643 503 714 ple
542 642 754 696 διέδωκοο
794 638 942 694 ἄλλοι
982 638 1196 704 ἄλλοις,
1247 648 1408 711 atque
1448 641 1546 695 hoc
1585 641 1802 696 demum
1851 651 1931 697 est
1964 644 2252 698 διαδιδόναι.
2337 645 2396 698 ln

418 730 457 804 ἕ
500 733 588 783 21.
637 728 847 797 ἔχοντες
887 727 1016 797 ξίφη
1057 730 1110 782 οὐ
1153 731 1359 797 ψήφους
1414 730 1759 796 ποορέςητε
1812 732 1898 785 noc)
1953 730 2068 794 ἐξῆν
2118 734 2238 797 ὑμῖν
2289 734 2396 786 ἐπι·

415 826 604 886 κουρεῖν
643 820 818 877 αὐτοῖς
853 819 895 870 εἶ
934 816 1226 882 ἐβούλεσθε.
1321 817 1597 871 Sententia
1638 818 1869 888 postulat
1923 819 2234 884 adstabatiS,
2288 836 2392 874 non

415 905 726 969 adscensus,
769 903 910 975 quod
950 903 1029 958 vel
1075 904 1244 958 solum
1287 906 1562 971 ἐβούλεσθε
1609 906 1806 976 arguit.
1887 906 2074 976 Itaque
2124 907 2394 977 corrigen-

416 993 546 1047 dum
599 993 864 1059 ποορέςοοτε
914 1009 1009 1063 pro
1057 992 1333 1059 ποιρέςητε.
1413 992 1612 1047 Eodem
1653 993 1803 1047 ducit
1855 994 2069 1064 vulgata
2126 995 2396 1065 scriptura

414 1084 790 1150 ποορειςήκειτε.
869 1079 1127 1151 Compara
1168 1097 1304 1151 quae
1344 1079 1719 1135 adnotavimus
1759 1081 1824 1135 ad
1859 1082 1899 1136 Ι.
1939 1099 2045 1134 v111.
2083 1086 2141 1146 5,
2182 1089 2236 1135 et
2276 1081 2396 1136 vide

414 1169 502 1223 IV.
544 1186 634 1222 vu.
679 1173 729 1223 7.
784 1168 1056 1237 ὑφέςοισοιν
1106 1168 1305 1239 optime
1345 1184 1376 1221 a
1418 1167 1703 1223 Schaefero
1755 1169 2097 1223 emendatum
2139 1186 2234 1240 pro
2276 1171 2394 1238 &cpi-

411 1278 600 1315 ςθόσθόν.

486 1345 546 1398 In
590 1343 628 1417 ᾗ
666 1348 752 1397 22.
793 1347 1060 1411 τοιγαροῦν
1101 1343 1331 1407 ἐξουσίαν
1371 1345 1648 1406 ἐποιήσατε
1681 1352 1787 1406 τοῖς
1829 1353 2003 1406 κοοκοῖς
2047 1348 2214 1399 αὐτῶν
2255 1346 2392 1413 ὑβρί-

412 1434 513 1501 ζειν
561 1433 760 1504 [ἐῶντες
797 1432 1043 1504 αὐτούς],
1086 1432 1269 1503 spuria
1301 1438 1429 1485 sunt
1466 1431 1571 1485 duo
1607 1431 1795 1486 ultima
1835 1433 2124 1498 vocabula,
2165 1450 2396 1505 quorum

413 1522 679 1576 sementia
718 1519 888 1573 multo
931 1519 1123 1574 melius
1174 1518 1430 1573 vocabulo
1480 1525 1749 1588 τοιγαροῦν
1804 1520 2158 1591 significatur.
2242 1522 2394 1576 Prae-

409 1617 557 1664 terea
593 1608 826 1672 ἐξουσίοον
866 1614 1024 1662 ποιεῖν
1061 1608 1161 1661 τινί
1196 1607 1331 1660 nihil
1372 1607 1640 1678 significat
1682 1609 1785 1661 nisi
1828 1608 2126 1662 infinitivus
2161 1624 2391 1664 accesse-

410 1699 485 1751 rit
525 1695 666 1750 unde
705 1702 957 1766 appareat
998 1696 1154 1750 cuius
1195 1695 1272 1748 rei
1317 1701 1630 1765 potestatem
1683 1695 1763 1749 vel
1805 1695 2076 1749 licentiam
2118 1697 2279 1751 alicui
2323 1696 2392 1752 fe-

410 1786 549 1839 cisse
589 1784 710 1855 quis
766 1782 1007 1836 dicatur:
1074 1783 1161 1836 ubi
1209 1789 1389 1837 autem
1440 1784 1660 1851 ὑβρίζειν
1710 1783 1815 1837 huc
1869 1786 2160 1839 retraxeris
2216 1788 2392 1846 ἐῶντες

410 1873 599 1933 αὐτούς
641 1879 784 1925 stare
817 1870 931 1924 loco
970 1878 1258 1942 nequeunt.

486 1960 702 2030 Insigne
741 1958 1044 2029 exemplum
1089 1958 1516 2029 interpolationis
1566 1960 1617 2012 in
1662 1957 1700 2031 §
1738 1961 1824 2012 ⁶24.
1870 1960 2168 2014 iunioribus
2204 1978 2393 2032 operae

409 2048 642 2120 pretium
699 2054 780 2100 est
832 2047 1274 2101 animadvertere.
1355 2046 1585 2100 Dederat
1639 2046 1963 2117 Xenophon,
2024 2055 2082 2101 ut
2127 2050 2391 2103 Porsonus

410 2136 608 2207 optime
648 2134 1062 2198 demonstravit,
1102 2135 1218 2195 τοὺς
1260 2134 1416 2194 κύνοος
1455 2135 1571 2194 τοὺς
1614 2136 1886 2200 χαλεποὺς
1922 2126 2020 2196 τοὶς
2060 2123 2154 2201 μὲν
2198 2137 2388 2204 ἡμέροις

409 2223 699 2285 διδέοοσι,
754 2223 852 2282 τοὶς
894 2224 945 2276 δὲ
985 2223 1175 2282 νύκτοος
1216 2225 1428 2290 οέφιοῖσι.
1511 2221 1642 2275 Vide
1682 2223 1733 2276 in
1780 2230 1979 2293 quanto
2021 2224 2259 2294 periculo
2300 2225 2391 2279 illa

409 2312 680 2382 scriptura
729 2309 1041 2364 fueritzin
1095 2309 1343 2363 omnibus
1393 2308 1546 2363 libris
1593 2316 1803 2381 praeter
1856 2310 1988 2364 duos
2043 2319 2262 2383 apparet
2314 2313 2390 2367 δε-

409 2401 653 2466 σμεύουσι
678 2441 692 2460 ,
737 2414 992 2469 compone
1039 2415 1162 2451 cum
1212 2397 1297 2452 his
1337 2397 1748 2469 Hesychianum‘
1781 2399 2133 2454 Διδειόοσιε
2176 2402 2388 2467 δεο·[.οευ’ὁ

407 2509 544 2543 ovo-tv
593 2494 644 2541 et
695 2503 806 2540 rem
870 2485 1093 2539 tenebis
1176 2486 1236 2538 In
1293 2487 1493 2557 optimo
1550 2493 1683 2540 teste
1731 2487 1923 2540 δεδίοισι
1982 2488 2240 2558 scriptum
2290 2495 2387 2542 est.

408 2576 645 2631 Verbum
684 2574 948 2640 δεσμεύειν
989 2590 1084 2644 pro
1125 2573 1224 2626 δεῖν
1267 2590 1590 2644 quamquam
1638 2581 1689 2628 et
1726 2574 1850 2628 alibi
1892 2575 2033 2645 apud
2076 2575 2388 2647 Xenophon-

407 2671 517 2718 tem
559 2653 866 2733 comparet‚
915 2671 1095 2716 tamen
1153 2679 1252 2714 non
1292 2660 1505 2715 videtur
1539 2662 1734 2715 Atticis
1774 2662 2167 2733 antiquioribus
2225 2662 2390 2718 fuisse
2424 2652 2428 2654 ’

407 2753 665 2806 usitatum
691 2793 705 2815 ,
746 2758 799 2804 et
841 2751 886 2804 si
927 2749 1138 2821 quando
1181 2750 1418 2803 occurrit
1469 2766 1570 2802 non
1616 2750 1834 2804 meliore
1875 2751 1991 2804 iure
2031 2751 2270 2805 obtinere
2315 2751 2385 2805 lo⁴
2424 2776 2427 2778 ·

407 2857 530 2896 cum
588 2847 748 2909 atque
788 2839 842 2891 in
897 2837 1126 2891 Anabasi
1167 2838 1266 2898 τοὶς
1307 2839 1401 2903 μὲν
1441 2837 1630 2904 ἡμέρας
1685 2839 2135 2903 δεσμεύουσι,
2191 2838 2282 2892 sed
2322 2838 2386 2894 de

405 2945 466 2982 ea
509 2945 565 2982 re
605 2927 736 2981 alias
777 2925 994 2980 dabitur
1036 2925 1325 2979 annotandi
1365 2925 1530 2979 locus,

481 3016 539 3069 ln
583 3014 885 3069 Anabaseos
940 3014 1075 3069 libro
1114 3014 1200 3067 VI.
1243 3033 1277 3067 1.
1322 3019 1371 3068 5.
1418 3030 1560 3067 nunc
1602 3013 1816 3067 tandem
1861 3013 2011 3068 video
2049 3014 2380 3068 Dindorfium
2407 3039 2419 3087 ,χ

404 3103 488 3158 ἐπὶ
511 3105 562 3157 δὲ
586 3102 727 3166 ξένιοο
750 3103 982 3170 ἐδέχοντο
1005 3102 1192 3161 αὐτούς
1225 3101 1534 3155 emendasse
1557 3144 1571 3166 ,
1613 3101 1703 3155 sed
1738 3103 1810 3155 ita
1837 3109 1895 3155 ut
1917 3101 2060 3155 dicat
2102 3101 2217 3155 »ἐπὶ
2240 3095 2415 3166 ξένιοοΞ

396 3193 566 3265 polius
605 3209 761 3262 quam
799 3190 882 3244 ἐπὶ
929 3189 1071 3258 ξενίᾳ
1114 3189 1442 3258 probandum
1491 3208 1601 3243 esse
1652 3191 1790 3260 apud
1826 3190 2197 3259 antiquiores,''
2278 3182 2436 3251 Sedsstg

396 3281 481 3336 ἐπὶ
521 3278 665 3349 ξενίᾳ
699 3278 774 3331 nil
814 3279 918 3331 nisi
959 3276 1220 3330 ridiculus
1261 3276 1644 3330 Graeculorum
1685 3294 1834 3330 error
1873 3283 1970 3330 est.
2051 3276 2193 3331 Satis
2233 3254 2436 3347 enim,1

401 3385 546 3422 nunc
599 3368 742 3420 inter
778 3383 963 3419 omnes
1017 3370 1224 3418 constat
1279 3363 1528 3426 VetereS‚
1581 3366 1624 3416 si
1666 3365 1787 3434 quis
1839 3365 2008 3417 civem
2046 3373 2260 3419 vocaret
2311 3346 2436 3460 adin

396 3472 614 3511 coenam
657 3454 741 3508 ἐπὶ
783 3455 979 3507 δεῖπνον
1021 3459 1201 3506 κοολεῖν
1254 3451 1435 3505 solitos
1476 3450 1680 3515 dicere,
1724 3452 1768 3504 si
1811 3452 1930 3522 quis
1971 3451 2234 3523 hospitem
2284 3474 2374 3507 κοι-
2427 3461 2431 3530 f

394 3552 503 3599 λεῖν
546 3543 629 3597 ἐπὶ
685 3541 842 3605 ξένιοο.
924 3540 1093 3608 Quam
1137 3555 1292 3610 saepe
1334 3540 1385 3592 in
1430 3539 1870 3610 inscriptionibus
1912 3547 1964 3594 et
2015 3540 2240 3594 aliorum
2281 3558 2371 3611 po-
2425 3586 2427 3598 ι

397 3634 642 3704 pulorum
691 3638 743 3684 et
781 3630 974 3684 Atticis
1015 3628 1244 3683 recurrit
1296 3627 1516 3681 κοιλέσοιι
1561 3628 1611 3680 δὲ
1659 3628 1744 3681 noa>
1785 3630 1909 3688 τοὺς.
1937 3629 2178 3694 πρέσβεις
2234 3638 2373 3683 Ern-
