2436 4068
1006 219 1110 269 467

76 365 243 420 eiecta
299 368 380 416 est
421 362 759 415 restituatur.
860 361 1078 416 Praeter
1121 361 1443 415 Lobeckium
1488 359 1553 414 de
1597 377 1659 415 ea
1714 379 1771 415 re
1825 363 2056 434 pruden-

74 453 283 507 tissime
332 450 694 502 Buttmannus
753 450 1007 520 scripsit,
1067 450 1555 505 Grammaticorum
1614 450 1902 522 princepS,
1963 453 2057 507 sed

75 540 203 594 huic
244 554 455 609 quoque
494 536 740 590 Editores
777 553 880 589 uon
937 544 1064 590 sunt
1110 538 1242 590 satis
1294 536 1439 591 dicto
1489 534 1786 590 audientes.
1867 539 2058 594 Adbuc

74 627 336 697 Bergkius
387 625 441 678 in
489 625 924 695 Epigrammate‚
983 624 1125 695 quod
1180 624 1442 679 Simonidi
1505 624 1766 678 tribuitur
1820 625 2056 699 (Anthol.

76 714 242 769 Palat.
278 713 367 767 lx.
413 711 573 783 147),
614 718 772 781 turpe
811 710 1066 764 mendum
1108 713 1337 766 retinuit
1387 713 1440 765 in
1486 713 1629 766 Poet.
1672 712 1796 786 Lyr.
1839 731 1889 786 p.
1930 718 2057 770 797.

293 798 384 854 Ἴ).
424 799 503 854 ἴτε
545 801 817 866 Δημητρὸς
857 799 978 866 πρὸς
1017 798 1324 867 ἀνάκτορον,
1368 799 1403 854 ὦ
1444 801 1551 865 ἴτε,
1590 802 1788 866 μύςαι,

453 888 573 953 μηδ’
614 885 798 947 ὕδατος
839 886 1069 954 προχοὰς
1111 888 1375 941 δείδετε
1415 890 1737 955 χειμερίους,

75 994 241 1050 quum
283 976 408 1030 olim
442 977 803 1029 Buttmannus
839 975 1023 1028 δείδιτε
1063 975 1404 1029 correxisset.
1486 976 1880 1032 Foedissimum
1918 978 2058 1034 idem

14 1129 20 1135 ,
77 1064 331 1120 mendum
372 1082 402 1119 e
440 1065 697 1137 Dionysio
748 1062 917 1117 Halic.
960 1061 1093 1116 eluit
1132 1063 1312 1134 Antiq.
1370 1063 1520 1117 Rom.
1563 1064 1651 1117 Vl.
1696 1069 1798 1130 52,
1839 1066 1931 1120 uhi
1971 1068 2061 1122 πό·

14 1199 20 1225 ,
74 1165 233 1219 λεμον
272 1154 316 1207 δ’
349 1155 404 1207 οὐ
443 1153 760 1216 δείδομεν
817 1151 1017 1221 legitur
1057 1148 1151 1204 sed
1189 1149 1389 1216 δέδιμεν
1427 1159 1508 1205 est
1549 1153 1666 1206 sine
1704 1153 1814 1207 ulla
1854 1162 2062 1209 contro-

16 1283 19 1285 >
75 1242 280 1305 versia,
321 1241 648 1294 Buttmanno
689 1247 937 1302 auctore,
977 1237 1283 1309 legendum.
1342 1239 1642 1294 Prudenter
1681 1240 1822 1296 idem
1859 1242 2063 1297 iudicat

76 1328 144 1384 de
182 1329 419 1383 Platonis
460 1328 572 1382 loco
610 1329 662 1381 in
719 1326 958 1382 Phaedro
997 1343 1047 1397 p.
1092 1330 1194 1380 251
1242 1328 1301 1380 A.
1359 1327 1448 1381 ubi
1503 1327 1792 1383 ridiculam
1834 1328 2061 1385 sormam

77 1425 133 1474 et
171 1433 392 1490 prorsus
433 1416 715 1470 barbaram
767 1415 948 1477 δεδιείη
1004 1414 1279 1468 Bekkerus
1335 1416 1553 1486 recepit.
1637 1417 1917 1472 Sententia
1960 1417 2063 1472 loci

76 1505 306 1579 postulat
349 1506 390 1559 εἰ
427 1506 501 1570 μὴ
542 1505 789 1573 ἐφοβεῖτο
845 1504 971 1578 (non
1013 1500 1295 1574 φοβοῖτο),
1340 1502 1522 1574 itaque
1565 1505 1908 1560 scribendum
1950 1514 2062 1562 est:

75 1596 119 1650 εἰ
159 1597 233 1661 μὴ
273 1595 505 1649 ἐδεδίει
562 1594 652 1654 τὴν
702 1599 795 1655 τῆς
844 1592 1044 1660 σφόδρα
1086 1591 1281 1656 μανίας
1321 1589 1472 1654 δόξαν
1521 1594 1622 1647 θύοι
1663 1592 1727 1647 ἂν
1768 1596 1832 1654 ὡς
1886 1580 2074 1660 abacia·v

74 1703 207 1750 ματι
256 1683 345 1738 καὶ
385 1684 477 1750 θεῷ
514 1689 620 1741 τοῖς
676 1682 946 1741 παιδικοῖς.
1031 1679 1134 1734 Sed
1180 1679 1427 1734 desidero
1476 1680 1793 1736 Buttmanni
1834 1682 2063 1754 pruden-

74 1773 207 1826 tiam
249 1771 305 1824 in
345 1769 555 1823 duobus
607 1768 729 1823 aliis
778 1768 926 1822 lociS.
1007 1768 1173 1822 Miror
1214 1768 1450 1839 primum
1491 1770 1756 1840 quomodo
1793 1770 1934 1826 serre
1973 1790 2063 1844 po-

0 1860 18 1910 ζ.
76 1860 245 1914 tuerit
285 1859 337 1912 in
381 1857 615 1929 Pempeli
649 1855 952 1927 fragmento
986 1854 1129 1928 apud
1170 1854 1457 1910 Stobaeum
1495 1857 1676 1911 Floril.
1701 1859 1930 1914 LXXIX.
1974 1864 2062 1916 52.

0 1931 52 2014 ξ’
73 1953 181 2009 πᾶς
214 1950 275 2011 δῆ
315 1947 420 2001 νόον
459 1946 595 2013 ἔχων
629 1944 837 2010 τιμάτω
872 1944 959 1998 καὶ
995 1944 1196 2009 σεβέτω
1231 1944 1318 1998 καὶ
1362 1946 1630 2000 δεδιὲτω
1668 1948 1852 2012 γονέων
1893 1950 2063 2018 εὐχας

73 2038 106 2100 ἦ
144 2036 415 2103 κατάρας,
459 2034 713 2106 quoniam
775 2032 908 2086 satis
946 2033 1290 2103 perspicuum
1329 2040 1412 2087 est
1450 2033 1650 2088 δεδιέτω
1694 2053 1899 2091 meram
1948 2053 2064 2093 esse
2115 2083 2119 2087 .

24 2142 33 2186 i
72 2122 375 2179 barbariem
435 2140 531 2195 pro
584 2122 795 2183 δεδίτω,
850 2127 903 2174 et
938 2119 1177 2174 eiusdem
1222 2120 1424 2176 farinae
1468 2138 1585 2176 esse
1625 2129 1788 2194 atque
1828 2125 2059 2189 εἰσ-ιε’τω,

27 2213 271 2287 ἀπιέτω
313 2212 467 2274 sim„
509 2210 576 2265 de
613 2208 810 2281 quibus
845 2207 1189 2281 Phrynichus
1223 2210 1500 2264 annotavit
1544 2217 1596 2264 et
1644 2210 1869 2268 Lobeck.
1911 2230 1964 2285 p.
1995 2218 2061 2268 15

31 2316 154 2374 sq
234 2299 383 2355 Alter
419 2299 568 2353 locus
605 2305 687 2352 est
728 2295 991 2368 Apollonii
1034 2295 1227 2350 Rhodii
1268 2296 1531 2352 111.755.

379 2387 556 2442 πολλα
595 2386 700 2453 γὰρ
741 2385 1009 2439 Λίσονίδαο
1052 2384 1185 2454 πόθῳ
1224 2386 1552 2452 μελεδήματ’
1594 2385 1762 2455 ἔγειρε

376 2476 658 2530 δειδυῖαν
698 2477 895 2541 ταύρων
934 2476 1172 2542 κρατερὸν
1212 2474 1379 2541 μένος.

5 2521 49 2658 {3
77 2562 169 2619 ubi
208 2562 381 2619 multa
415 2562 675 2617 laboriose
720 2561 944 2616 molitur
975 2562 1338 2617 Buttmannus
1393 2570 1452 2616 ut
1500 2563 1721 2618 δειδυῖαν
1769 2571 1915 2620 recte
1967 2566 2064 2621 ba-

12 2661 48 2727 22
75 2650 200 2709 here
239 2652 522 2715 videatur,
562 2666 892 2724 quamquam
933 2657 987 2705 et
1027 2651 1141 2722 ipse
1182 2668 1306 2704 mox
1343 2650 1603 2706 barbarae
1646 2650 1850 2708 formae
1886 2654 2062 2710 taedio

39 2731 255 2796 innotus
304 2741 496 2795 εἰδυῖαν
552 2740 799 2794 coniecit.
882 2737 984 2793 Sed
1027 2754 1199 2810 neque
1251 2741 1582 2795 correctione
1637 2757 1809 2813 neque
1861 2745 2062 2799 tenuis-

75 2827 213 2884 sima
253 2826 692 2901 philosophorum
727 2826 1029 2881 subtilitate
1064 2826 1130 2881 ad
1179 2826 1466 2899 caliginem
1507 2827 1886 2885 offundendam
1930 2849 2063 2903 opus

11 2903 174 2974 itast.
266 2915 576 2988 Apollonius
632 2915 744 2986 ipsc
804 2918 1037 2987 turpiter
1103 2915 1364 2987 impegit,
1419 2916 1875 2988 quemadmodum
1935 2918 2064 2973 alibi

0 3053 2 3060 ,
43 2996 234 3077 ‘saepe
272 3005 327 3059 in
376 3004 727 3076 gravissimos
781 3019 994 3058 errores
1035 3002 1312 3075 implicare
1352 3020 1409 3059 se
1453 3004 1585 3060 solet
1636 3013 1690 3061 et
1742 3006 2063 3062 Graecitatis

0 3109 1 3116 ¹
76 3099 280 3148 tertam
324 3093 586 3147 rationem
625 3099 678 3146 et
721 3093 881 3147 metri
922 3098 1286 3164 corrumpere.
1368 3092 1507 3161 Quid
1543 3110 1603 3148 eo
1645 3092 1860 3151 homine
1902 3094 2064 3151 facias

0 3162 2 3237 ff
78 3180 173 3252 qui
206 3179 271 3236 11.
313 3184 403 3236 65.
447 3182 580 3249 ᾔδειν
620 3179 757 3234 dixit
796 3196 892 3252 pro
932 3180 1194 3235 sciebant:

0 3263 1 3294 ³
302 3272 373 3335 τῷ
410 3268 454 3323 δ’
494 3265 613 3324 αὖτ’
648 3269 870 3335 ’Ἄρητός
910 3290 970 3323 τε
1011 3269 1098 3323 καὶ
1133 3271 1382 3336 ’Ὄρνυτος
1405 3312 1418 3332 ,
1458 3270 1572 3325 οὐδέ
1609 3292 1658 3325 τι
1701 3273 1889 3340 ᾔδειν

0 3338 3 3454 h
305 3357 465 3420 νήπιοι
508 3354 680 3414 ’ύς-ατα
721 3364 865 3412 κεῖνα
906 3365 1040 3428 κακῇ
1081 3358 1330 3422 δήσαντες
1371 3360 1423 3413 ἐν
1466 3360 1602 3428 αἴσῃ.

0 3461 2 3511 ς
81 3449 133 3497 et
171 3441 237 3500 ΙΙ.
282 3445 407 3498 320.
448 3445 719 3513 ἐνήρεινται
756 3444 1008 3500 formavit
1048 3445 1114 3500 ab
1149 3447 1401 3514 ἐνερείδωε

0 3611 5 3639 ν
307 3533 359 3586 οὐ
398 3531 503 3597 γάρ
540 3553 597 3587 τε
640 3533 822 3603 ῥίζῃσιν
865 3535 1136 3603 ἐνήρεινται
1179 3535 1430 3605 νεάτῃσιν.
