2436 4068
983 198 1083 247 581

51 349 156 404 δεῖν
195 345 369 412 σέβειν
418 343 560 411 ἔρνεα
614 342 700 396 καὶ
742 342 900 402 κύνάς
941 341 1028 394 καὶ
1077 340 1146 393 τὰ
1190 343 1444 404 τοιαῦτα,
1485 339 1570 393 καὶ
1610 339 1694 394 διά
1735 346 1883 396 τοῦτο
1926 343 2031 397 δια·

54 434 245 506 φθείρει
282 434 399 494 τοὺς
426 432 561 492 νέους
596 431 712 491 τοὺς
749 427 1119 495 μανθάνοντας.
1200 429 1309 483 Hoc
1349 444 1560 501 quoque
1601 429 1807 483 crimen
1862 430 2033 484 Xeno-

56 523 308 597 phontem
353 519 554 590 fugisse
605 516 819 571 videtur
870 524 952 580 et,
994 524 1054 571 ut
1090 517 1314 587 opinor,
1355 516 1516 570 etiam
1558 516 1734 586 ipsum
1781 517 2032 591 Polycra-

56 618 196 671 tem,
253 608 357 661 nisi
404 606 542 660 sorte
591 604 656 659 de
702 621 763 659 ea
811 620 870 658 re
921 604 1059 658 dixit
1127 605 1179 657 in
1234 602 1468 658 secunda
1528 603 1763 658 Socratis
1814 621 2036 660 accusa-

55 698 240 760 tione,
301 695 457 748 cuius
499 693 746 746 notitiam
800 692 895 744 uni
946 691 1142 746 Suidae
1191 691 1448 746 debemus
1494 709 1544 746 v,
1587 692 1919 759 Πολυκράτης
1960 725 2038 735 --

57 786 174 846 τοὺς
233 783 376 838 κατὰ
423 779 727 849 Σωκράτους
766 780 953 844 λόγους
1015 780 1099 834 δύο
1146 780 1343 847 Ἀνύτῳ
1389 778 1477 833 καὶ
1519 782 1747 849 Μελήτῳ
1799 781 2036 850 γράψας.

58 874 168 929 Hoc
210 878 423 926 tantum
463 873 633 924 miror
679 885 779 923 cur
811 885 916 922 non
956 867 1140 922 eadem
1193 885 1354 939 opera
1409 868 1607 941 Lyconi
1649 870 1866 923 tertiam
1907 872 2039 925 scri-

57 961 263 1035 pserit,
314 958 630 1030 praesertim
680 973 848 1027 quum
907 956 1171 1010 Maximus
1213 956 1445 1028 TyriuS,
1506 957 1686 1026 gravis
1722 964 1940 1022 auctor,
1993 959 2038 1014 si

30 1049 179 1122 quis
218 1047 395 1112 alius,
439 1052 492 1100 et
534 1044 832 1099 Themistio
880 1052 1025 1099 certe
1068 1060 1172 1097 non
1215 1043 1644 1114 postponendus,
1687 1044 1750 1099 de
1802 1046 2040 1101 Socratis

22 1134 467 1192 ·accusatoribus
513 1150 678 1204 agens
742 1133 817 1186 ita
872 1131 1067 1187 dixerit
1127 1131 1181 1184 in
1242 1130 1463 1185 Dissert.
1503 1131 1591 1185 lx.
1638 1135 1686 1184 2.
1761 1135 2040 1203 Σωκράτην

55 1225 298 1287 Μέλητος
335 1223 432 1289 μὲν
481 1220 793 1289 ἐγράψατο,
838 1222 1058 1281 ’Ἀνυτος
1095 1219 1146 1273 δὲ
1188 1220 1483 1284 εἰσήγαγε,
1535 1220 1718 1273 Λύκων
1772 1222 1824 1275 δὲ
1870 1223 2039 1278 ἐδίω·

54 1333 198 1377 κεν,
238 1318 293 1367 et
340 1311 595 1382 quoniam
629 1326 692 1364 ea
733 1307 895 1363 verba
935 1308 1142 1362 Atticos
1181 1308 1470 1378 scriptores
1508 1306 1683 1378 legere
1723 1309 1894 1364 solitis
1935 1328 2040 1366 non

57 1402 193 1456 satis
231 1400 517 1472 perspicua
571 1405 730 1460 sunt,
773 1403 826 1451 et
866 1412 931 1450 ne
981 1396 1159 1468 ipsum
1197 1395 1414 1466 quidem
1457 1396 1748 1451 Maximum
1792 1397 1920 1469 quid
1963 1400 2042 1453 in·

60 1496 144 1544 tet·
191 1488 490 1558 γράφεσθαι
530 1492 582 1540 et
642 1484 872 1550 εἰσάγειν
929 1491 982 1539 el.
1036 1485 1227 1539 διώκειν
1288 1484 1568 1539 interesset
1623 1486 1843 1540 scivisse
1886 1495 2044 1560 putu,

57 1576 195 1633 addo
251 1577 490 1630 vicinum
544 1574 757 1628 locum:
819 1574 906 1627 κα)
967 1575 1215 1636 Μελητου
1256 1573 1588 1642 γραφομένου
1643 1576 1898 1643 ὑπερεώρα
1953 1577 2040 1632 καὶ

53 1664 273 1720 Ἀνύτου
327 1663 625 1728 εἰσάγοντος
680 1662 988 1731 κατεφρόνει
1030 1662 1116 1716 καὶ
1159 1661 1395 1722 Λύκωνος
1449 1661 1779 1726 λέγοντος
1820 1666 2044 1731 κατεγέ-

0 1789 1 1817 ;
57 1766 180 1818 λά,
232 1752 331 1807 hoc
372 1751 588 1824 quidem
644 1752 989 1823 perspicuum
1040 1757 1154 1805 est:
1210 1750 1352 1823 Lyco
1392 1758 1579 1804 contra
1622 1751 1894 1806 Socratem
1930 1771 2043 1809 ora-

0 1895 1 1899 ,
60 1844 254 1897 tionem
294 1840 509 1904 habuit,
550 1846 686 1894 teste
726 1840 956 1894 Maximo
997 1840 1191 1912 Tyrio;
1232 1839 1414 1911 itaque
1452 1840 1641 1894 διώκειν
1679 1840 1754 1893 illi
1796 1847 1875 1895 est
1916 1863 2043 1897 κατ-

0 1968 1 1978 1
58 1938 258 1998 ηγορεῖν
297 1936 348 1985 et
388 1930 443 1982 in
493 1947 643 1983 reum
696 1929 900 1993 dicere,
953 1929 1301 2000 quamobrem
1355 1929 1555 1982 mirum
1608 1935 1723 1993 est,
1778 1936 1838 1983 ut
1890 1931 2045 1986 modo

60 2019 336 2083 dicebam,
395 2017 770 2091 Polycratem,
824 2023 1042 2071 auctore
1095 2015 1295 2079 Suida,
1336 2015 1524 2070 Meleto
1574 2021 1627 2071 et
1681 2017 1858 2090 Anyto
1909 2017 2044 2075 duas

60 2110 330 2163 orationes
373 2107 691 2178 scripsisse,
733 2106 929 2179 Lyconi
974 2122 1074 2158 non
1116 2094 1408 2176 scripsisse.

137 2195 241 2251 Sed
288 2196 419 2250 satis
463 2195 739 2249 iocorum:
784 2195 915 2248 istos
955 2193 1171 2265 quidem
1227 2192 1457 2247 mirifice
1498 2194 1692 2264 nugari
1735 2211 1908 2267 neque
1945 2197 2043 2251 mi-

60 2301 247 2340 ramur
300 2299 472 2354 neque
529 2299 724 2354 magno
764 2298 923 2354 opere
963 2299 1237 2336 curamus.
1318 2281 1618 2336 Bentleium
1673 2284 1874 2348 miror,
1917 2302 2044 2356 quo·

59 2371 216 2428 modo
254 2372 372 2426 istis
411 2371 764 2442 nugatoribus
803 2370 1006 2442 aliquid
1058 2371 1296 2443 potuerit
1337 2370 1572 2425 credere.
1657 2371 1750 2425 Ille
1791 2372 1934 2427 enini
1986 2374 2042 2429 in

58 2460 281 2517 Dissert.
324 2459 389 2514 de
430 2460 601 2532 Epist.
659 2459 867 2515 Socrat.
910 2477 1026 2531 cap.
1073 2459 1181 2513 Vll.
1244 2458 1492 2513 Meletum
1538 2458 1881 2514 interfectum
1925 2478 2042 2517 esse

58 2548 279 2613 scribit,
332 2548 423 2603 sed
466 2549 703 2622 Anytum
747 2550 800 2602 in
842 2548 1092 2603 exsilium
1149 2554 1362 2602 tantum
1405 2549 1631 2602 missum
1688 2554 1739 2602 et
1782 2549 1899 2604 eius
1941 2550 2040 2605 He-

60 2637 268 2693 racleae
309 2638 362 2691 in
405 2638 572 2693 Ponto
611 2644 793 2708 postea
831 2637 1075 2708 degentis
1114 2635 1417 2707 complures
1464 2637 1788 2691 mentionem
1831 2636 2042 2706 facere,

60 2728 220 2783 cuius
272 2726 347 2780 rei
381 2731 564 2833 „testes
614 2725 860 2798 producit
911 2725 1269 2780 Themistium
1318 2733 1370 2779 et
1411 2726 1772 2796 Augustinum
1825 2725 1889 2780 de
1929 2727 2039 2783 Civ.

60 2813 431 2871 Deivl11.0.
489 2830 613 2868 cum
673 2815 904 2884 Diogene
959 2814 1187 2868 Laertio,
1250 2813 1615 2877 Tliemistius,
1670 2822 1730 2868 ut
1772 2814 2042 2882 vidimus,

45 2905 299 2977 Anytum
356 2901 623 2974 lapidibus
681 2903 933 2958 obrutum
974 2903 1199 2967 scribit,
1254 2903 1592 2973 Augustinus
1630 2909 1817 2957 contra
1861 2905 2041 2959 volun-

35 2992 193 3046 ‘lano
232 2998 385 3063 atque
418 3000 666 3062 perpetuo
712 2993 871 3046 exilio
922 2993 1169 3047 evasisse.
1252 2991 1366 3059 Quo
1415 2990 1713 3045 habitatum
1771 3008 2042 3049 concesse-

61 3080 134 3135 rit
172 3096 276 3134 non
319 3086 722 3134 commemorat.
804 3081 1065 3152 Diogenes
1116 3080 1288 3135 baert.
1325 3080 1390 3134 11.
1435 3083 1523 3134 43.
1569 3080 1806 3153 Anytum
1857 3089 2043 3136 narrat

49 3155 230 3239 'quum
271 3166 407 3223 sorte
448 3168 760 3223 Heracleam
801 3171 1033 3224 venisset
1083 3169 1148 3223 ab
1191 3167 1632 3224 lleracleensibus
1689 3168 1868 3222 statim
1927 3169 2040 3223 tini-

62 3253 164 3310 bus
217 3257 330 3310 suis
384 3256 638 3312 excedere
694 3258 921 3312 iussum.
1016 3257 1159 3313 Idem
1224 3259 1276 3311 in
1338 3256 1654 3312 Antisthene
1705 3256 1793 3309 Vl.
1850 3260 1901 3310 9.
1963 3258 2042 3314 sic

64 3343 286 3398 scribit:
330 3345 690 3419 (Ἂντισόένης)
747 3348 833 3402 καὶ
876 3348 1072 3416 Ἀνύτῳ
1112 3355 1203 3410 τῆς
1244 3352 1423 3415 φυγῆς
1478 3345 1636 3406 αἴτιος
1679 3343 1917 3409 γενέσθαι
1958 3347 2040 3400 δο-

66 3440 151 3486 κεῖ
197 3433 283 3486 καὶ
333 3436 559 3502 Μελήτῳ
626 3440 715 3489 τοῦ
769 3436 1004 3491 θανάτου.
1085 3442 1346 3495 Ποντικοῖς
1402 3434 1507 3500 γὰρ
1558 3433 1834 3493 νεανίσκοις
1894 3435 2038 3489 κατὰ

65 3521 211 3580 κλέος
262 3526 351 3574 τοῦ
409 3521 707 3589 Σωκράτους
772 3525 1088 3593 ἀφιγμένοις
1144 3523 1434 3591 περιτυχὼν
1495 3522 1785 3584 άπήγαγεν
1850 3522 2040 3583 αὐτοὺς

10 3647 11 3650 ¹
66 3612 188 3675 πρὸς
238 3611 323 3663 τὸν
357 3613 576 3665 ’Ἄνυτον
628 3613 777 3667 εἰπὼν
830 3614 880 3667 ἐν
927 3614 1026 3675 ἤθει
1084 3614 1461 3681 σοφώτερον
1515 3606 1693 3662 εἶναι
1748 3613 1859 3663 τοῦ
1917 3618 2038 3664 Σω-
