2436 4068
1053 177 1162 227 549

131 327 248 385 τοὺς
294 323 580 391 ναυάρχους
615 321 873 381 πολλάκις
912 323 1028 375 ἀντ’
1068 320 1362 382 ἐπιτηδείων
1400 318 1684 386 γενομένων
1723 320 1811 374 καὶ
1848 320 1962 389 ἄρτι
1997 343 2110 377 συν·

130 415 300 469 ιε’ντων
338 413 410 464 τά
446 411 667 465 ναυτικά
708 412 795 464 καὶ
835 411 1106 477 ἀνθρώποις
1146 413 1212 471 ὥς
1259 407 1489 477 xpus-bon.
1525 408 1918 472 γιγνωσκόντων
1957 413 2109 467 ἀπεί-

132 521 240 567 ρους
290 499 558 560 θαλάττης
600 499 895 565 πέμποντες
945 498 1031 551 καὶ
1081 498 1325 563 ἀγνῶτας
1377 504 1484 557 τοῖς
1533 496 1643 549 ἐκεῖ
1690 497 2012 552 κινδυνεύοιέν
2057 520 2108 554 τι

131 590 310 642 παθεῖν
345 588 430 642 διά
462 593 646 641 τοῦτ-οε
690 587 742 640 in
785 585 870 640 his
910 586 1028 639 iure
1062 586 1263 652 ‚merito
1301 591 1517 655 recepta
1548 590 1628 638 est
1669 583 1895 639 Iacobsii
1934 603 2112 642 enien-

130 675 276 730 datio
317 678 432 729 ἀντ’
470 674 765 736 ἐπιτηδείων
807 690 902 745 pro
936 672 1334 735 ἀνεπιτηδείων,
1377 672 1469 727 sed
1509 670 1649 743 quod
1692 671 1833 728 idem
1876 674 1929 728 in
1981 677 2112 729 scri-

132 771 288 835 ptura
340 764 580 817 omnium
630 762 890 816 librorum
934 762 1205 827 ἀνθρώποις
1258 762 1324 820 ὡς
1370 761 1587 827 χρηςέον
1626 763 1682 814 οὐ
1722 761 2113 826 γιγνωσκόντων

131 852 390 922 expunxit
427 853 510 915 οὐ,
550 857 759 924 poterat
798 853 1095 903 sententiae
1136 847 1312 902 lenius
1351 855 1404 901 et
1441 847 1632 902 melius
1671 848 1970 905 subvenire.
2049 851 2113 907 In

134 948 228 994 O‘r
271 939 399 994 latet
442 948 521 994 GT
581 936 1035 1008 scribendumque
1069 934 1127 990 εὖ
1165 935 1572 1002 γιγνωσκόντων.
1653 936 1933 992 Praeterea
1989 955 2112 1012 sup-

131 1026 383 1098 plendum
430 1028 480 1081 ἐν
519 1029 591 1095 τῷ
634 1026 758 1100 (ἀεὶ)
799 1026 1176 1087 διαλλάττειν,
1216 1033 1290 1078 ΔΙ
1331 1026 1477 1080 enim
1516 1023 1839 1096 praecedens
1878 1033 1951 1079 AI
1995 1026 2113 1100 (pro

131 1114 273 1186 AEI)
327 1114 592 1187 absorpsit
648 1122 703 1170 et
758 1113 1039 1169 inscrenda
1100 1112 1289 1185 copula
1351 1119 1433 1166 est
1492 1112 1626 1186 (καὶ)
1683 1113 2009 1169 κινδυνεύοιέν
2060 1136 2111 1172 τι

130 1205 312 1258 παθεῖν
366 1204 450 1259 διά
493 1208 661 1258 τοῦτο.
742 1203 838 1257 His
892 1203 1063 1274 igitur
1112 1202 1190 1256 sic
1244 1201 1556 1255 constitutis
1611 1217 1715 1254 non
1768 1208 1850 1256 est
1898 1201 2114 1259 difficile

133 1292 251 1347 ‚vitii
305 1291 484 1347 sedem
540 1291 797 1362 indagare
850 1298 904 1345 et
957 1306 1138 1344 veram
1198 1288 1481 1344 lectionem
1532 1289 1861 1361 exsculpere.
1961 1292 2114 1348 Patet

130 1381 272 1434 enim
317 1379 446 1435 liaec
487 1387 766 1452 propterea
806 1378 1032 1441 iactari,
1093 1386 1152 1432 ut
1206 1376 1478 1451 Lysander
1522 1375 1599 1431 illi
1642 1378 1868 1450 imperio
1906 1379 2113 1451 perido-

131 1484 289 1530 neuS,
328 1468 697 1523 Callicratidas
728 1474 915 1522 contra
949 1467 1124 1538 impar
1163 1483 1279 1521 esse
1316 1471 1619 1537 putaretur.
1676 1466 1820 1538 Ergo
1860 1467 2111 1525 Callicra·
2142 1526 2143 1529 ,

132 1555 270 1611 tidas
303 1558 650 1612 insimulatur
675 1573 791 1611 esse
829 1555 1035 1623 ἄπειρος
1065 1562 1160 1619 τῆς
1194 1553 1463 1616 θαλάττης
1494 1554 1581 1608 καὶ
1619 1555 1791 1620 ἀγνὼς
1826 1563 1933 1617 τοῖς
1974 1558 2110 1621 ἐκεῖ,

132 1643 405 1718 Lysander
461 1653 647 1700 contra
700 1647 984 1708 ἐπιτήδειος
1032 1644 1119 1698 καὶ
1173 1642 1319 1712 ἄρτι
1381 1642 1623 1703 συνιεὶς
1682 1644 1766 1698 τᾶ
1822 1645 2108 1700 ναυτικοὶ

127 1734 216 1787 καὶ
270 1736 541 1801 ἀνθρώποις
595 1736 660 1795 ὡς
720 1733 938 1802 χρκςέον
979 1729 1034 1786 εὖ
1091 1733 1408 1797 γιγνώσκων.
1490 1730 1631 1786 Haec
1681 1732 1861 1785 omnia
1908 1733 2109 1804 optime

132 1822 427 1892 procedunt
469 1829 680 1894 praeter
722 1838 905 1876 unum.
991 1820 1297 1875 Absurdum
1333 1820 1479 1873 enim
1524 1827 1605 1873 est
1645 1819 1732 1874 καὶ
1772 1819 1888 1889 ἄρτι
1923 1823 2110 1877 συνιέν-

128 1932 228 1964 των
266 1911 337 1964 n}
380 1910 599 1965 ναυτικά
623 1952 638 1973 ,
679 1926 851 1982 neque
891 1910 1034 1963 enlm
1075 1910 1132 1963 τὸ
1179 1908 1398 1963 συνιέναι
1438 1907 1490 1960 in
1543 1924 1600 1961 re
1643 1909 1859 1963 nautica
1905 1911 2110 1982 praeci·

129 2016 291 2070 puam
350 1998 560 2054 laudem
621 1998 779 2053 habet
829 1997 922 2052 sed
973 1999 1031 2053 τὸ
1083 1996 1320 2064 ἔμπειρον
1371 1992 1534 2058 εἶναι,
1595 1997 1683 2050 cui
1740 1999 2029 2069 opponitur
2084 2001 2107 2055 5

125 2087 332 2154 ἄπειρος
371 2095 464 2149 τῆς
504 2086 803 2148 θαλάττηςε
858 2093 911 2139 et
967 2085 1121 2157 plane
1175 2083 1464 2139 ridiculum
1504 2089 1586 2137 est
1626 2082 1767 2152 ἄρτι;
1812 2086 1966 2157 longo
2007 2104 2110 2142 usu

128 2175 341 2228 tandein
386 2177 595 2247 paritur
633 2183 685 2228 et
727 2174 1002 2245 colligitur
1044 2173 1129 2227 illa
1172 2171 1464 2243 singularis
1507 2173 1582 2225 rei
1624 2173 1930 2229 maritimae
1967 2178 2110 2247 peri-

126 2265 232 2329 tia,
286 2281 391 2336 qua
440 2264 639 2318 summi
692 2262 941 2331 ναύαρχοι
991 2269 1045 2317 et
1092 2261 1220 2316 olim
1266 2259 1535 2333 pollebant
1589 2268 1643 2315 et
1701 2278 1844 2317 nunc
1889 2263 2106 2335 pollent.

126 2351 241 2407 Non
285 2359 455 2423 potest
491 2353 661 2422 igitur
701 2351 923 2406 stultius
968 2349 1242 2425 Lysander
1294 2348 1503 2403 laudari
1545 2366 1706 2421 quam
1752 2351 1829 2406 sic
1870 2359 1929 2408 ut
1965 2352 2110 2408 dica-

127 2449 219 2495 tur
256 2442 329 2496 τᾶ
363 2442 582 2496 ναυτικοὶ
622 2440 767 2508 ἄρτι
809 2439 1133 2502 συνιέναι,
1175 2439 1228 2492 in
1270 2454 1376 2509 quo
1416 2453 1575 2508 quam
1600 2438 1708 2492 vim
1747 2438 1938 2496 habeat
1959 2458 2112 2514 prae-

127 2547 251 2584 sens
286 2537 496 2601 tempus
535 2530 726 2583 sentiri
763 2535 936 2601 potest
983 2529 1028 2583 si
1072 2527 1468 2599 comparaveris
1506 2525 1622 2595 ἄρτι
1662 2529 1902 2593 μανθάνω
1943 2536 1997 2585 et
2040 2532 2110 2585 si-

128 2618 294 2673 milia.
373 2618 546 2685 Quam
594 2618 834 2671 suaviter
876 2616 1114 2672 riderent
1154 2632 1342 2671 omnes
1390 2615 1469 2670 rei
1520 2616 1769 2672 nauticae
1810 2619 2005 2689 periti,
2064 2621 2111 2677 si

124 2707 212 2761 eui
256 2706 353 2761 lioc
388 2707 529 2761 serio
567 2704 711 2759 laudi
747 2712 1050 2761 verteretur
1075 2704 1150 2760 ὅτι
1191 2707 1264 2760 τὰ
1302 2703 1523 2758 ναυτικά
1555 2702 1670 2771 ἄρτι
1712 2713 1941 2769 συνῆκεν.
2020 2708 2110 2764 Ni·

126 2794 199 2849 hil
244 2794 347 2850 tale
402 2812 432 2849 a
487 2793 833 2867 Xenophonte
889 2792 1184 2866 profectum
1234 2799 1352 2857 est,
1405 2791 1496 2847 sed
1534 2808 1631 2863 pro
1679 2791 1795 2862 ἄρτι
1845 2795 2111 2853 συνιέντων

125 2882 349 2938 verbum
392 2889 674 2955 posuerat,
713 2898 820 2954 quo
877 2898 978 2935 non
1031 2890 1148 2937 erat
1198 2881 1343 2936 aliud
1385 2888 1438 2937 et
1481 2881 1555 2936 rei
1607 2883 2016 2940 convenientius
2057 2895 2110 2942 et

126 2971 402 3046 Lysandro
437 2971 609 3043 magis
646 2970 1018 3025 honorificum.
1099 2969 1250 3037 Quod
1286 2968 1490 3042 igitur?
1551 2968 1752 3042 Nempe
1800 2971 1888 3025 καὶ
1941 2975 2108 3043 ἀκρι-

124 3060 425 3126 βούντων
472 3061 544 3115 τά
578 3058 796 3113 ναυτικά
821 3101 833 3122 ,
874 3075 1011 3130 quae
1045 3074 1256 3113 summa
1298 3057 1416 3112 laus
1455 3065 1572 3123 est,
1613 3064 1666 3113 et
1707 3074 1926 3130 prorsus
1968 3061 2110 3117 inter

126 3163 184 3202 se
223 3149 492 3203 contraria
534 3154 661 3202 sunt
696 3148 755 3202 τὸ
795 3145 1000 3215 ἄπειρον
1040 3143 1168 3201 εἶναι
1204 3155 1297 3211 τῆς
1353 3145 1622 3208 θαλάττης
1675 3153 1729 3200 et
1767 3147 1824 3201 τὸ
1864 3148 1936 3202 τᾶ
1991 3170 2107 3204 ναυ-

126 3237 252 3290 τικᾶ
309 3237 572 3303 ἀκριβοῦν.
667 3234 837 3302 Quam
901 3234 1033 3289 hene
1087 3234 1303 3289 dicatur
1357 3235 1601 3303 ἀκριβοῦν
1655 3235 1728 3290 τᾶ
1781 3236 2000 3290 ναυτικά
2054 3246 2108 3293 et

130 3338 289 3394 quam
345 3324 414 3378 sit
462 3322 796 3395 Xenophonti
857 3321 1119 3378 familiare
1165 3322 1387 3378 verbum
1429 3325 1672 3390 ἀκριβοῦν
1715 3323 1801 3377 vix
1842 3340 1975 3394 opus
2028 3335 2109 3382 est

135 3410 319 3464 multis
377 3410 761 3466 demonstrare.
856 3410 1124 3482 llliapsodi
1180 3410 1440 3466 dicuntur
1493 3413 1565 3467 τᾶ
1605 3411 1702 3473 ἔπη
1759 3413 2000 3479 ἀκριβοῦν
2052 3416 2107 3470 in

134 3496 417 3551 Menum-ab.
462 3499 548 3552 lv.
591 3517 643 3554 n.
692 3504 794 3561 10,
849 3507 902 3554 et
944 3501 1186 3566 ἀκριβοῦν
1225 3501 1318 3560 τὴν
1369 3501 1684 3562 δικαιοσύνην
1732 3506 1812 3552 est
1855 3499 1905 3552 in
1948 3500 2109 3573 Cyro-

135 3585 280 3656 piwtl-
328 3586 363 3639 l·
410 3604 478 3639 ΙΙΙ.
532 3592 593 3638 16
635 3595 684 3642 vl
742 3588 781 3659 ξ
826 3594 904 3642 17.
950 3589 1017 3641 τᾶ
1060 3590 1233 3642 δίκαια
1271 3589 1530 3656 ἀκριβοῦν.
1611 3586 1754 3640 tlonl'.
1798 3587 1857 3639 ll.
1903 3606 1974 3642 nt.
2024 3597 2107 3647 15.
