2436 4068
1343 217 1448 266 250

412 364 546 434 ἔφη,
586 361 620 417 ὦ
660 362 832 428 ἄνδρες
856 402 869 421 ,
914 365 996 413 νῦν
1036 361 1129 423 μὲν
1169 360 1482 421 διαλυθῆναι.
1527 358 1615 411 ubi
1653 359 1752 425 ὥρα
1796 361 1848 413 in
1890 358 1992 428 ἀρα
2033 359 2380 431 depravatum

410 460 491 507 est
544 458 813 506 corrector
864 446 1031 512 καιρός
1091 445 1313 499 addidit.
1392 447 1452 499 In
1507 445 1737 500 Anabasi
1775 447 1836 499 V.
1880 465 1965 502 v11.
2009 454 2058 503 ὅ.
2114 450 2383 519 egregiam

410 538 771 609 Xenophontis
821 534 1114 587 orationem
1161 532 1300 587 idem
1342 550 1511 604 genus
1563 534 1743 588 mendi
1795 535 2075 605 inquinat:
2121 538 2383 591 ἀκούσατε

407 626 488 682 οὖν
528 646 661 691 μου,
702 625 822 690 πρὸς
863 623 1015 685 θεῶν,
1069 622 1281 691 inquit,
1339 623 1425 676 καὶ
1468 623 1558 676 εὀὶν
1596 623 1692 688 μὲν
1744 623 2152 690 ἑγὼφαίνωμαι
2192 625 2385 678 ἀδικεῖν

407 719 460 770 οὐ
509 714 612 781 χρή
659 732 728 777 με
776 710 962 763 ἐνθένδε
1013 710 1257 763 ἀπελθεῖν
1311 710 1427 777 πρὶν.
1463 710 1527 764 ἂν
1569 711 1632 764 δῶ
1673 711 1810 772 δίκην
1835 728 1847 740 ·
1889 711 1978 764 ε’ἀν
2015 712 2066 765 δὲ
2107 713 2225 777 ὑμῖν
2260 713 2384 780 φαί-

404 820 583 855 νωνται
640 799 829 852 ἀδικεῖν
883 800 925 851 οἱ
975 798 1067 862 ἐμὲ
1117 797 1495 862 διαβάλλοντες
1548 797 1702 859 οὕτως
1744 801 1918 858 αὐτοῖς
1969 800 2159 865 χρῆσθε
2214 798 2380 866 ὥσπερ

403 888 562 952 ἄξιον.
643 885 736 940 Vel
785 885 938 956 pueri
985 886 1162 939 sciunt
1201 885 1332 955 quid
1371 886 1584 939 intersit
1624 886 1764 939 inter
1801 887 2056 953 φαίνομαι
2097 888 2286 940 ἀδικεῖν
2329 894 2383 941 et

403 977 660 1045 φαίνομαι
701 975 899 1028 ἀδικῶν.
942 972 1070 1043 quid
1110 979 1288 1026 autem
1325 971 1562 1043 proderit
1603 973 1905 1027 innocentia
1946 977 1989 1027 si
2025 990 2219 1045 poenas
2254 974 2381 1028 dare

406 1062 668 1135 oportebit
719 1059 769 1122 ὃς
811 1061 874 1115 ἂν
922 1061 1175 1128 φαίνηται
1219 1062 1453 1122 ἀδικεῖν;
1496 1061 1865 1130 unusquisque
1900 1061 2044 1115 videt
2084 1063 2380 1132 genuinum

404 1168 519 1207 esse
558 1150 646 1204 ἐὰν
685 1151 779 1216 μὲν
820 1150 920 1213 ἐγὼ
959 1149 1228 1217 φαίνωμαι
1282 1149 1465 1202 ἀδικῶν
1488 1191 1503 1210 ,
1546 1155 1607 1201 ut
1646 1149 1940 1202 sexcenties
1986 1150 2038 1202 in
2074 1166 2135 1203 ea
2173 1167 2232 1203 re
2276 1149 2382 1204 dici

403 1240 569 1302 solet,
610 1246 662 1292 et
705 1238 896 1309 opponi
934 1238 1024 1290 ἐὰν
1064 1237 1115 1291 δὲ
1157 1239 1199 1290 οἱ
1245 1237 1337 1301 ἐμὲ
1367 1235 1780 1302 διαβάλλοντες,
1820 1235 2026 1290 abiecto
2065 1237 2380 1292 emblemate

405 1331 526 1394 ὑμῖν
566 1328 849 1395 φαίνωνται
890 1326 1081 1379 ἀδικεῖν
1105 1367 1118 1386 ,
1163 1323 1304 1395 quod
1352 1324 1514 1378 etiam
1559 1325 1604 1377 si
1645 1323 1778 1377 bene
1813 1323 2012 1379 Graeca
2052 1326 2221 1379 oratio
2253 1325 2382 1379 fuis-

404 1424 484 1470 set
522 1424 633 1471 tam
689 1413 953 1468 Insulsum
994 1421 1047 1466 et
1091 1411 1346 1482 frigidum
1390 1419 1471 1466 est
1511 1419 1570 1466 ut
1623 1412 1824 1466 servari
1865 1429 1968 1465 non
2024 1414 2205 1483 possit.
2283 1414 2381 1468 Eo-

403 1505 522 1558 dem
565 1502 719 1556 modo
772 1499 1122 1572 interpolatus
1174 1500 1322 1554 locus
1368 1508 1448 1554 est
1482 1500 1594 1554 Vll.
1639 1517 1708 1554 iv.
1753 1503 1839 1554 26.
1901 1502 2119 1567 προπίνω
2175 1521 2281 1563 σοι,
2343 1500 2379 1555 ὦ

403 1591 595 1653 Σεύθη,
639 1589 724 1644 καὶ
759 1591 844 1643 τὸν
878 1586 1034 1641 ἵππον
1067 1592 1243 1642 τοῦτον
1277 1589 1543 1655 δωροῦμαι.
1624 1587 1975 1643 Athenienses
2011 1589 2155 1643 enim
2193 1590 2246 1642 in
2285 1589 2376 1643 tali

401 1698 462 1734 re
502 1677 739 1734 solebant
771 1676 978 1730 dicere:
1022 1677 1240 1743 προπίνω
1276 1696 1350 1729 σοι
1395 1679 1479 1730 τὸν
1516 1675 1670 1730 ἵππον
1710 1677 1933 1740 τουτονί,
1974 1677 2378 1748 θῑεΧθηορΙΙΟΠ-

399 1776 509 1823 tem
549 1766 792 1837 suspicor
832 1781 935 1818 non
989 1763 1146 1818 aliter
1185 1765 1462 1835 scripsisse
1508 1781 1669 1835 quam
1712 1765 1990 1835 populares
2029 1781 2213 1819 omnes
2251 1765 2378 1820 sole-

397 1857 544 1911 bant.
623 1855 818 1910 Misere
855 1860 1143 1922 corruptus
1192 1859 1271 1906 est
1311 1852 1494 1906 eodem
1536 1853 1960 1923 interpolationis
1999 1870 2194 1923 genere
2232 1853 2379 1907 locus

399 1942 766 2015 Xenophontis
816 1941 870 1993 in
921 1939 1206 1994 Hellenicis
1247 1941 1332 1995 VI.
1375 1959 1422 1994 v.
1461 1944 1548 1995 48.
1604 1941 1757 1995 ὁπότε
1797 1942 1848 1996 δὲ
1889 1941 1974 1995 καὶ
2019 1943 2166 2005 ἡμεῖς
2201 1943 2376 2006 ἀγαλ-

396 2033 593 2099 λόμεθα
645 2033 686 2084 οἱ
736 2029 1156 2095 συναγορεύοντες
1209 2030 1457 2095 βοηθῆσαι
1510 2027 1747 2096 ἀνδράσιν
1806 2031 2024 2094 ἀγαθοῖς
2078 2025 2204 2090 ἦπου
2255 2030 2375 2094 ὑμῖν

397 2142 463 2186 γε
501 2127 607 2180 τοῖς
643 2117 772 2186 ἔργῳ
817 2117 1108 2182 δυναμένοις
1143 2119 1392 2183 βοηθῆσαι
1433 2124 1652 2182 γενναῖα
1690 2115 1754 2172 ἂν
1788 2123 1964 2172 ταῦτα
1992 2118 2198 2186 φανείη.
2279 2117 2379 2172 Re·

398 2209 592 2262 stitues
641 2206 963 2259 sententiam
1003 2212 1056 2259 et
1096 2204 1415 2259 Graecitatis
1450 2221 1606 2258 usum
1641 2205 1719 2257 sie
1768 2205 2078 2260 scribendo:
2129 2205 2373 2270 ἀγαλλό-

396 2298 530 2363 μεθα
576 2292 999 2360 συναγορεύοντες
1040 2292 1277 2360 ἀνδράσιν
1324 2294 1539 2358 ἀγαθοῖς
1586 2294 1868 2363 expunctis
1904 2296 1946 2348 οἱ
2000 2300 2053 2347 et
2102 2294 2370 2359 βοηθῆσαι.

397 2383 541 2439 Solet
580 2382 722 2437 enim
765 2379 987 2434 verbum
1020 2379 1335 2445 ἀγαλλομαι
1378 2397 1501 2434 cum
1545 2381 1825 2452 participio
1870 2381 2151 2451 coniungi,
2192 2379 2399 2451 quem?

397 2470 682 2526 admodum
725 2469 1079 2536 αἰσχύνομαι,
1134 2467 1274 2538 quod
1313 2477 1392 2522 est
1426 2469 1474 2522 ei
1510 2485 1538 2522 e
1578 2470 1795 2539 regione
1843 2469 2175 2539 oppositum,
2216 2475 2277 2522 ut
2318 2470 2373 2522 in

398 2557 641 2630 Agesilao
672 2557 732 2610 V.
777 2561 827 2611 5.
886 2562 1041 2611 πονῶν
1089 2556 1355 2621 ἠγάλλετο
1407 2563 1460 2610 et
1497 2556 1549 2609 in
1591 2556 1820 2611 Hierone
1854 2556 1992 2611 VIII.
2036 2560 2084 2610 5.
2134 2556 2372 2622 διαλεγό·

395 2668 534 2715 μενοι
574 2645 927 2712 ἀγαλλόμεθα
963 2652 1069 2705 τοῖς
1117 2644 1598 2712 προτετιμημένοις,
1651 2652 1703 2698 et
1743 2644 1862 2698 aliis
1909 2643 2071 2699 locis:
2128 2645 2374 2715 opposuit

396 2738 537 2790 inter
575 2751 631 2788 se
671 2732 959 2804 Xenophon
1009 2733 1362 2801 συναγορεύειν
1400 2740 1454 2786 et
1491 2732 1620 2800 ἔργῳ
1667 2733 1916 2797 βοηθῆσαι
1968 2739 2021 2787 et
2060 2733 2133 2787 ita
2173 2733 2371 2803 optime

394 2823 498 2878 loci
554 2822 819 2876 sententia
876 2829 1101 2875 constat.
1187 2822 1332 2875 Duos
1386 2837 1415 2874 e
1457 2820 1674 2875 Platone
1730 2820 1871 2887 locos
1924 2819 2227 2876 subiiciam.
2308 2819 2372 2872 In

396 2909 674 2967 Phaedone
718 2909 916 2979 legitur
955 2926 1005 2980 p.
1045 2913 1114 2963 85
1156 2909 1212 2963 Β.
1266 2909 1416 2963 ἀλλά
1453 2909 1632 2964 τούτου
1672 2929 1737 2974 γε
1773 2907 1923 2962 ἕνεκα
1955 2908 2129 2973 λέγειν
2174 2929 2232 2961 τε
2266 2910 2368 2975 χρὴ

396 2999 483 3054 καὶ
536 2998 725 3064 ἐρωτάν
767 2994 797 3049 δ’
834 3018 884 3051 τι
921 2996 984 3051 ἂν
1031 2998 1322 3062 βούλησθε,
1374 2994 1463 3057 ἕως
1501 2996 1565 3051 ἂν
1609 3000 1652 3051 οἱ
1691 2996 1967 3058 Ἀθηναίων
1992 2998 2142 3050 ,ἐῶσιν
2195 2994 2368 3061 ἄνδρες

394 3085 590 3142 ἕνδεκα.
673 3084 1008 3155 Quicumque
1061 3084 1275 3154 linguae
1315 3084 1546 3139 Graecae
1585 3092 1638 3140 et
1677 3085 1886 3138 Atticae
1926 3084 2232 3137 interiorem
2275 3099 2368 3135 no-

395 3175 573 3230 titiam
610 3173 764 3243 longo
798 3189 900 3226 usu
940 3171 1041 3226 sibi
1080 3169 1410 3242 comparavit
1445 3171 1591 3225 dabit
1635 3171 1770 3225 mihi
1811 3172 2054 3225 vitiosam
2093 3179 2145 3225 et
2185 3170 2368 3225 absur-

394 3263 517 3317 dam
556 3261 712 3315 hanc
767 3276 881 3314 esse
935 3260 1228 3332 orationem
1280 3262 1322 3314 οἱ
1377 3260 1652 3320 Ἀθηναίων
1702 3257 1877 3325 ἄνδρες
1928 3257 2135 3313 ἕνδεκαε
2197 3275 2370 3329 neque

395 3351 539 3406 enim
571 3348 845 3410 Ἀθηναίων
875 3347 1047 3414 ἄνδρες
1092 3364 1283 3401 sanum
1319 3364 1434 3402 esse
1466 3354 1638 3418 potest
1669 3363 1840 3417 neque
1878 3349 1920 3401 οἱ
1953 3347 2126 3416 ἄνδρες
2166 3346 2365 3402 ἕνδεκα.

397 3438 567 3505 Quam
602 3435 891 3491 ridiculum
933 3442 1068 3489 esset
1105 3435 1282 3489 dicere
1317 3439 1358 3490 οἱ
1393 3436 1666 3495 Ἀθηναίων
1697 3433 1870 3501 ἄνδρες
1909 3435 2214 3502 τριακονταῑ
2278 3434 2366 3488 So-

394 3527 569 3581 lemne
627 3532 705 3580 est
761 3522 1007 3578 omnibus
1065 3522 1242 3578 dicere
1291 3526 1332 3577 οἱ
1383 3522 1656 3591 τριάκοντα
1707 3529 1761 3576 et
1813 3524 1854 3575 οἱ
1901 3521 2097 3579 ἕνδεκα.
2177 3523 2363 3593 Itaque

394 3630 561 3686 quum
603 3614 655 3667 in
717 3611 942 3667 vetustis
996 3609 1144 3666 libris
1198 3619 1335 3668 esset
1396 3597 2076 3676 EssZANOIffiEssZIN,
2144 3610 2195 3665 id
2257 3615 2377 3684 est:-
