2436 4068
1290 244 1357 291 62

333 405 552 447 manum
610 395 726 454 est,
783 396 844 443 ut
898 401 1140 460 premere
1191 401 1468 456 nequeam.
1549 384 1720 439 Codex
1761 384 2018 440 Athenaei
2069 386 2124 439 in
2174 401 2320 458 seqq.

333 477 611 531 Menandri
670 476 846 531 verbis
901 476 1148 533 πέπωκας
1203 476 1291 526 τοῦ
1351 472 1614 538 βασιλέως
1668 471 1881 527 exhibet
1939 479 1994 526 et
2046 472 2323 528 Plutarchi

334 564 543 619 codices
584 582 632 636 p.
669 569 756 619 57.
799 564 859 619 A.
903 560 1240 628 Ἀλεξάνδρου
1285 565 1370 618 τοῦ
1410 560 1673 627 βασιλέως
1714 560 1869 614 πλέον
1911 561 2177 623 πέπωκας.
2220 562 2325 615 Ita·

334 669 439 723 que
478 653 731 723 quoniam
771 651 876 718 τρὶς
919 649 1115 712 ἐξέπιον
1156 648 1312 716 μεςόν
1355 655 1590 702 metrum
1642 647 1872 702 violabat
1920 647 2115 719 aliquis
2154 655 2209 714 γ’
2246 650 2326 702 in·

332 739 487 798 fersit
542 739 675 793 bene
729 737 794 792 de
841 736 1132 791 Menandro
1182 737 1378 791 mereri
1418 753 1474 791 se
1532 742 1742 808 putanS.
1834 735 1937 802 Qui
1993 736 2050 789 in
2105 735 2327 790 Stobaeo

333 827 508 885 dedit:

635 912 711 974 δύ’
747 910 868 977 ἔσθ’,
906 909 944 967 ἃ
981 919 1143 981 κρῖναι
1182 913 1268 967 τὸν
1308 918 1505 978 γαμεῖν
1546 912 1816 977 μέλλοντα
1854 913 1935 966 δεῖ

639 1003 745 1064 ἤτοι
787 1009 1008 1069 προσηνῆ
1049 1001 1164 1069 ὄψιν
1206 1001 1233 1063 ἢ
1274 1001 1466 1068 χρηςὸν
1503 999 1702 1068 τρόπον.

337 1095 385 1148 et
430 1105 650 1160 gravem
682 1105 919 1143 errorem
960 1106 1120 1143 suum
1160 1095 1346 1159 poetae
1387 1085 1624 1141 affricuit
1663 1093 1717 1141 et
1757 1093 1992 1142 metrum
2028 1084 2332 1156 pessumde-

338 1176 419 1231 dit
459 1183 512 1232 et
553 1175 793 1231 infelices
831 1175 1290 1231 correctiunculas
1329 1174 1558 1229 aliorum
1600 1176 1874 1232 excitavit.
1955 1172 2086 1240 Quis
2125 1173 2333 1228 dubitet

339 1265 471 1336 quin
511 1281 698 1319 verum
739 1265 811 1318 sit
859 1263 1000 1335 quod
1030 1263 1302 1318 Bentleius
1340 1263 1550 1335 primus
1581 1263 1746 1318 vidit:
1787 1265 1894 1328 ἤτοι
1935 1266 2182 1333 προσηνὴς
2217 1264 2333 1334 ὄψις

339 1353 367 1415 ἢ
406 1353 599 1420 χρηςὸς
639 1352 857 1425 τρόποςῖ
909 1352 1127 1423 vulgata
1181 1358 1308 1405 nata
1358 1358 1440 1406 est
1479 1368 1544 1406 ex
1583 1353 1752 1406 veteri
1804 1352 2144 1424 corruptela,
2200 1369 2337 1425 quae

339 1442 569 1511 optimos
605 1440 818 1495 Stohaei
850 1439 1069 1495 Codices
1101 1439 1339 1504 obsidet,
1380 1440 1455 1494 δύ’
1490 1438 1586 1497 ἔςι.
1627 1446 1789 1508 κρῖναι
1823 1442 1932 1496 κτέ.
1977 1440 2103 1494 hinc
2139 1441 2336 1495 sciolus

340 1529 675 1586 accusativos
714 1528 896 1592 dedit,
956 1534 1074 1582 tum
1124 1527 1388 1582 laboranti
1429 1533 1602 1582 metro
1642 1528 1964 1583 subventum
2006 1535 2120 1583 est:
2178 1529 2334 1584 Grae-

341 1615 449 1673 culi
490 1615 715 1674 barbare
754 1618 1034 1685 προσηνήν,
1087 1615 1274 1671 critici
1313 1623 1533 1684 προσηνῆ
1573 1618 1632 1682 γ’
1673 1617 2084 1688 excogitarunt,
2124 1617 2266 1688 quod
2305 1635 2336 1672 a

338 1703 628 1761 Menandro
669 1711 763 1758 aut
802 1705 911 1758 ullo
953 1704 1055 1758 alio
1094 1703 1308 1758 Comico
1352 1719 1610 1775 umquam
1653 1703 1761 1759 dici
1799 1705 2038 1776 potuisse
2077 1721 2183 1758 non
2228 1704 2335 1760 effi-

339 1792 484 1852 cient
518 1791 761 1863 exempla
801 1791 866 1847 ab
900 1791 1156 1847 Elmsleio
1187 1791 1255 1845 ad
1289 1791 1424 1846 Med.
1463 1808 1542 1846 vs,
1582 1795 1744 1861 1265.
1787 1788 2024 1848 collecta.
2104 1792 2335 1856 Comici,

339 1880 429 1950 qui
472 1880 771 1935 sexcenties
810 1881 916 1944 ἤτοι
946 1881 1082 1943 -ἤ
1126 1895 1443 1951 componere
1492 1879 1699 1943 solent,
1741 1897 2036 1951 numquam
2076 1901 2142 1947 γε
2191 1880 2335 1934 addi-

338 1966 551 2023 derunt.
633 1968 728 2021 Rei
770 1967 1238 2039 frequentissimae
1290 1967 1532 2038 exempla
1572 1984 1892 2022 enumerare
1932 1968 2181 2039 putidum
2221 1975 2334 2023 est:

339 2054 559 2114 afferam
599 2055 732 2110 duos
768 2056 943 2120 locOS,
984 2058 1076 2127 qui
1118 2073 1181 2110 ex
1217 2055 1379 2110 huius
1417 2057 1495 2109 rei
1535 2055 1904 2110 observatione
1937 2055 2212 2112 emendari
2248 2056 2332 2111 de-

337 2143 481 2205 bent.
561 2143 843 2215 Amphidis
877 2143 1025 2196 locus
1064 2151 1145 2198 est
1186 2143 1327 2214 apud
1369 2143 1560 2197 Athen.
1599 2144 1740 2198 XIII.
1785 2161 1835 2214 p.
1869 2148 1996 2199 559.
2038 2146 2099 2199 A.

644 2234 672 2294 ἦ
716 2231 759 2285 δ’
799 2227 927 2285 οἶδεν
966 2228 1041 2285 ἔτι
1082 2232 1109 2294 ἢ
1144 2238 1248 2292 τοῖς
1286 2230 1488 2298 τρόποις
1523 2231 1741 2292 ὠνητέος,

641 2317 896 2387 ἅνθρωπός
938 2321 1040 2377 ε’ςιν
1082 2322 1109 2382 ἢ
1149 2320 1269 2387 πρὸς
1314 2317 1476 2373 ἄλλον
1516 2319 1746 2375 απιτέον.

338 2406 430 2459 ubi
483 2406 766 2477 legendum
818 2407 1082 2461 arbitror:
1140 2410 1168 2470 ἡ
1215 2409 1258 2463 δ’
1305 2404 1402 2462 οἷδ’
1443 2403 1518 2461 ὅτι
1561 2408 1668 2470 ἤτοι
1721 2412 1828 2467 τοῖς
1885 2407 2087 2474 τρόποις
2138 2409 2334 2470 dvm-,boc

337 2492 592 2561 ἅνθρωπός
632 2496 769 2559 ἐςιν,
822 2512 947 2548 nam
996 2495 1150 2548 nihili
1203 2503 1283 2549 est
1324 2495 1555 2551 ὠνεῖσθαί
1600 2515 1717 2548 τινα
1761 2501 1866 2554 τοῖς
1908 2496 2147 2563 τρόποις,
2205 2496 2334 2567 quid

340 2582 408 2635 sit
447 2584 623 2644 ὀνῆσαι
678 2589 783 2643 τοῖς
825 2583 1024 2650 τρόποις
1074 2584 1420 2654 perspicuum
1473 2589 1572 2637 est.
1656 2581 1856 2636 Comici
1910 2585 2155 2639 senarius
2206 2583 2336 2638 latet

340 2669 480 2740 apud
530 2669 819 2724 Aristidem
872 2673 922 2724 ἐν
963 2673 1071 2739 ἱερῷ
1120 2671 1263 2739 λόγῳ
1301 2672 1362 2725 δ’.
1420 2687 1469 2741 p.
1513 2674 1639 2724 521.
1695 2670 1853 2724 Dind.
1906 2672 2034 2726 ἀλλ’
2076 2668 2107 2733 ἦ
2145 2672 2203 2726 τὸ
2241 2679 2334 2735 τῆς

339 2758 655 2824 παροιμίας,
708 2756 810 2825 ἔφη
834 2799 848 2819 ,
893 2759 1019 2826 ἐρεῖς
1045 2779 1056 2789 ·
1099 2759 1126 2822 ἢ
1167 2760 1410 2821 τοιαύτην
1449 2759 1552 2827 χρὴ
1590 2765 1786 2823 γαμεῖν
1827 2758 1856 2821 ἢ
1890 2760 1965 2824 μη
2005 2765 2220 2825 γαμεῖν.
2261 2761 2335 2815 vi,

328 2844 442 2904 den
480 2844 755 2906 Comicum
792 2845 1022 2901 dixisse:

645 2932 750 3002 ἤτοι
791 2935 1034 3004 τοιαύτην
1074 2937 1175 3002 χρὴ
1217 2941 1415 3000 γαμεῖν
1458 2936 1485 2998 ἢ
1527 2936 1601 3000 μη
1638 2941 1853 3000 γαμεῖν.

419 3019 478 3079 ln
516 3019 615 3088 bac
647 3021 759 3090 ipsa
792 3021 961 3076 forma
993 3021 1243 3092 loquendi
1264 3021 1554 3076 Menander
1575 3022 1911 3093 negligenter
1943 3027 2152 3076 certum
2178 3038 2332 3078 usum

343 3107 583 3164 omnium
628 3107 850 3162 violasse
889 3111 1138 3180 arguitur
1171 3125 1200 3162 a
1235 3109 1599 3164 Grammatico
1637 3111 1691 3164 in
1728 3111 1962 3166 Boisson.
2006 3110 2203 3165 Anecd.
2241 3111 2334 3165 III.

342 3211 392 3270 p.
427 3198 552 3257 257..

354 3272 357 3276 ¹
724 3283 1027 3350 θυγάτριον,
1070 3288 1096 3347 ἡ
1140 3290 1223 3338 νῦν
1259 3284 1424 3352 ἡμέρα
1464 3286 1633 3339 δίδωσί
1670 3306 1755 3349 μοι

724 3371 750 3433 ἢ
793 3371 941 3434 δόξαν
983 3374 1088 3435 ἤτοι
1130 3375 1394 3439 διαβολήν.

345 3458 644 3514 rectissime
700 3465 878 3512 monet
932 3461 1219 3529 magister:
1275 3463 1430 3529 ἐχρῆν
1466 3460 1569 3528 γὰρ
1625 3459 1730 3522 ἤτοι
1778 3459 1927 3523 δόξαν
1972 3461 2000 3523 ἣ
2042 3462 2328 3527 διαβολήν,

343 3545 794 3616 quemadmodum
836 3553 886 3600 et
929 3547 1018 3600 alii
1061 3564 1245 3603 omnes
1294 3555 1601 3604 constanter
1641 3546 1826 3601 dicunt
1868 3555 1919 3603 et
1962 3549 2072 3620 ipse
2118 3549 2328 3604 Menan*

341 3630 436 3694 der
477 3632 617 3695 Stob.
661 3633 838 3693 Floril.
872 3634 1025 3691 XLII.
1070 3637 1120 3694 6.,
