2436 4068
961 253 1062 304 167

36 402 298 471 Ἡραιέας,
341 399 565 466 Δωριέας
603 399 723 453 sim.
755 404 849 452 aut
869 399 1155 459 Παιανιέα,
1197 396 1509 459 Λευκονοέα,
1548 399 1825 464 Αἰγιλιέα,
1863 409 2012 458 Στει-

33 493 142 559 ριέα
190 495 284 543 aut
338 486 651 551 Αἱγιλιέως,
707 487 1022 554 Στειριέως,
1064 485 1388 553 Κηφισιέως,
1443 486 1719 554 Ἐρχιέως,
1768 490 2013 553 Μηλιέως

33 578 240 648 aliaque
275 574 569 646 permulta,
608 592 745 646 quae
781 590 1076 645 numquam
1111 573 1395 628 Veteribus
1429 573 1484 627 iu
1523 590 1626 629 usu
1663 573 1884 630 suerunt
1923 593 2014 632 ne·.

33 681 137 736 que
174 678 430 732 umquam
475 663 528 715 in
569 663 806 733 antiquis
843 661 996 715 libris
1049 662 1249 732 scripta
1290 659 1455 717 fuisse
1501 668 1710 727 vetusta
1750 662 2014 734 quaedam

32 753 160 806 vitia
193 749 581 805 demonstrant.
659 749 720 803 In
763 748 1094 822 Thucydidis
1129 748 1281 803 libris
1311 749 1353 804 Ι.
1402 754 1504 805 107
1546 736 1830 821 antiquum
1868 769 2016 807 men-

32 838 157 895 dum
193 840 246 899 ἐς
278 838 456 906 δωριὰς
498 838 763 891 intactum
800 837 1031 891 servavit
1071 840 1301 904 Δωριέις,
1342 837 1482 908 quod
1523 850 1710 898 verum
1746 845 1843 894 est.
1923 839 2013 895 Ni-

30 925 106 982 hil
143 925 290 980 aliud
341 925 444 980 sihi
485 925 599 980 vult
645 923 898 999 Hesychii
935 924 1146 996 glossa,
1190 941 1327 995 quae
1375 925 1603 981 mirifice
1641 926 1813 982 doctis
1848 928 2016 1001 impo-

30 1014 168 1070 suit:
221 1013 451 1080 Δωριαςε
504 1012 700 1080 δωριας.
779 1011 1020 1067 Emenda
1072 1015 1308 1080 Δωριοῖςε
1369 1013 1596 1080 Δωριέας
1644 1022 1696 1069 et
1749 1014 1818 1069 ad
1867 1015 2015 1071 hunc

30 1102 205 1175 ipsum
247 1100 579 1175 Thucydidis
612 1100 787 1155 locum
823 1100 959 1155 scito
991 1117 1107 1156 esse
1150 1100 1509 1156 referendum.
1594 1101 1892 1157 Permultas
1929 1104 2016 1158 λε’-

27 1186 132 1255 ξεις
172 1188 548 1263 Thucydideas
598 1189 654 1243 in
699 1205 852 1243 suam
895 1187 1222 1260 farraginem
1276 1189 1577 1262 Hesychius
1628 1190 1864 1262 recepit,
1919 1191 2015 1262 qui

23 1276 302 1335 ‘simillima
355 1276 515 1332 hahet
561 1285 615 1332 et
652 1276 811 1338 alibi,
863 1276 1022 1348 quale
1074 1284 1156 1332 est
1196 1280 1403 1335 Χαςιὶὶε
1456 1278 1544 1332 τὸν
1594 1278 1700 1332 ἀπὸ
1751 1279 1912 1343 δήμου
1959 1284 2016 1334 et

27 1366 293 1431 Αἰγιλῶςε
353 1365 499 1439 (Cod.
559 1365 701 1438 apud
761 1364 994 1439 SchOW.)
1035 1366 1153 1420 οΞντὶ
1204 1368 1295 1420 τοῦ
1346 1365 1661 1430 Αἰγιαλέως.
1740 1368 2012 1428 Ἀττικῶς.

28 1450 190 1525 laege:
229 1454 520 1519 Αἰγιλιῶςε
560 1454 678 1508 οὶντὶ
716 1459 806 1508 τοῦ
859 1453 1159 1519 Αἱγιλιέως.
1239 1453 1378 1507 Hinc
1422 1454 1673 1518 Αἷγιλιῶς
1712 1453 1876 1509 redde
1912 1454 2014 1510 De-

27 1539 294 1600 mostheni
333 1548 383 1596 et
414 1541 552 1596 aliis.
630 1546 868 1608 Στειριῶς
913 1542 1119 1596 Atticos
1158 1540 1338 1597 dicere
1376 1541 1530 1596 testis
1568 1548 1649 1596 est
1689 1540 1872 1614 Steph.
1909 1542 2012 1616 By·

26 1634 167 1690 znnt.
211 1646 261 1683 v.
314 1630 561 1697 Στειρία,
617 1628 711 1684 sed
750 1629 938 1684 vitiose
991 1636 1172 1684 tamen
1213 1628 1354 1702 apud
1393 1629 1609 1702 Lysiam
1651 1628 1831 1685 editur
1872 1630 2011 1686 XVI.

33 1720 100 1771 15
140 1722 344 1770 πολλῶν
392 1718 692 1773 ἐνθανόντων
739 1716 768 1773 ὕ
782 1738 849 1776 ςε
864 1737 962 1785 ρον
1014 1719 1323 1786 ἀνεχώρησα
1369 1721 1459 1772 τοῦ
1518 1723 1705 1784 σεμνοῦ
1746 1719 2011 1787 Στειριέως

26 1809 117 1861 τοῦ
156 1808 316 1859 πᾶσιν
356 1808 628 1874 ἀνθρώποις
673 1807 867 1861 δειλίαν
899 1806 1233 1870 ὠνειδικότος,
1276 1804 1367 1859 uhi
1404 1805 1699 1877 genuinum
1741 1813 1821 1860 est
1862 1816 2011 1862 Στει-

26 1895 138 1962 ριῶς
177 1900 231 1947 et
265 1892 436 1962 ὅςερος
477 1911 572 1966 pro
625 1893 811 1962 ὕες-ερον.
891 1893 1091 1949 Eodem
1134 1895 1251 1949 iure
1308 1894 1363 1947 in
1411 1893 1604 1967 Lysiae
1662 1901 1795 1949 orat.
1833 1895 2012 1951 XXIII

29 1980 430 2037 rescribendum
474 1981 671 2054 ubique
709 1989 789 2037 est
828 1986 1112 2042 Πλαταιᾶ.
1146 1987 1464 2046 Πλαταιῶν,
1502 1986 1786 2044 Πλαταιᾶς
1833 1989 1887 2038 et
1926 1999 2010 2038 eo·

0 2068 150 2124 idem
186 2068 341 2123 modo
366 2069 412 2124 si
452 2069 583 2142 quid
621 2069 929 2125 huiusmodi
960 2070 1014 2124 in
1051 2070 1277 2125 caeteris
1298 2070 1651 2142 scriptoribus
1694 2072 1890 2126 Atticis
1928 2078 2012 2128 est

0 2164 5 2220 ι
26 2155 397 2230 depravatum.

102 2245 273 2313 Quam
334 2244 535 2300 multae
588 2244 965 2319 Thucydideae
1020 2245 1188 2310 λέξεις
1240 2247 1354 2302 sine
1405 2247 1642 2302 auctoris
1700 2248 1913 2303 nomine
1953 2248 2008 2302 in

28 2331 379 2408 Hesychianis
418 2333 585 2405 copiis
628 2332 897 2406 dispersae
934 2335 1044 2389 sint
1085 2352 1240 2391 nemo
1293 2336 1506 2406 ignorat
1546 2337 1637 2406 qui
1693 2337 1746 2390 in
1797 2337 2009 2412 Thucy-

28 2417 151 2480 lide
184 2421 279 2477 diu
311 2428 556 2478 versatus
595 2421 924 2496 Hesycliium
965 2422 1177 2478 evolvit.
1259 2422 1390 2491 Quis
1437 2431 1699 2496 punctum
1755 2427 2013 2498 temporis

16 2511 224 2590 ,βιοτὴ
273 2509 522 2566 dubitare
582 2513 713 2582 quin
772 2510 1027 2585 Hesychii
1078 2510 1281 2583 glossa:
1348 2510 1752 2582 Ἐξεδιῄτειε
1808 2514 1867 2568 τὸ
1915 2512 2012 2578 ἔξω

38 2619 70 2689 ,κ
97 2620 122 2661 ς
159 2599 374 2665 νομίμου
411 2598 611 2662 διαίτης
650 2598 904 2665 ἐγεγόνει.
966 2600 1022 2654 in
1061 2599 1205 2655 hunc
1258 2598 1478 2655 modum
1530 2600 1603 2656 sit
1643 2600 2010 2658 emendanda:

14 2670 54 2772 ’,ἐς
105 2685 554 2756 ξεδεδιῄτητοῑ
595 2685 688 2750 ἔξω
725 2694 819 2750 τῆς
853 2689 1066 2755 νομίμου
1106 2689 1304 2751 διαίτης
1338 2688 1600 2755 ἐγεγόνει,
1640 2695 1694 2745 et
1733 2696 1915 2745 sumta
1947 2708 2013 2747 ex

43 2774 344 2851 ’11θγάἰάθ
376 2775 416 2830 1.
460 2779 530 2830 75
582 2774 632 2829 εἴ
664 2775 718 2830 τί
757 2795 854 2830 που
898 2774 1244 2845 ἕξεδεδιῄτητο
1297 2782 1396 2832 τῶν
1433 2778 1730 2835 καθεςώτων
1765 2779 2011 2846 νομίμων.

33 2895 37 2899 ·
94 2888 123 2910 ·-:
171 2862 455 2920 manifesta
494 2869 595 2919 est.
678 2862 901 2936 Saepius
942 2880 1007 2919 ex
1061 2863 1326 2937 Hesychio
1379 2880 1504 2919 vera
1555 2867 1825 2939 scriptura
1871 2867 2015 2924 Thu-

12 2949 209 3007 didi
262 2951 413 3007 reddi
459 2958 667 3025 potest,
722 2952 879 3007 cuius
924 2953 1003 3007 rei
1051 2969 1194 3007 nunc
1235 2950 1452 3023 quidem
1491 2969 1598 3008 uno
1647 2955 1888 3028 exemplo
1923 2955 2011 3012 de·

37 3034 113 3114 ''g“
141 3056 244 3104 ar.
323 3040 519 3095 Editur
577 3038 718 3113 apud
769 3039 1137 3114 Thucydidem
1174 3041 1212 3095 I.
1258 3045 1327 3095 77
1383 3042 1749 3108 ἐλασσούμενοι
1805 3043 1911 3112 γὰρ
1958 3046 2010 3098 ἐν

14 3174 17 3186 ,⁴
57 3130 151 3191 ¹1¹5
199 3128 553 3195 ξυμβολαίαις
604 3130 726 3197 πρὸς
765 3130 882 3190 τοὺς
926 3127 1244 3197 ξυμμάχους
1293 3129 1494 3194 δίκαις,
1554 3146 1880 3203 quamquam
1938 3131 2013 3187 sa·

16 3211 70 3278 'J'
118 3253 127 3261 ν
169 3224 390 3289 apparet
437 3218 582 3278 δίκας
626 3215 962 3283 ξυμβολαίας
1012 3234 1116 3272 non
1169 3217 1304 3272 hene
1353 3217 1552 3273 Graece
1602 3218 1857 3291 appellari
1909 3222 2009 3282 τὰς

79 3316 174 3359 ἀ
208 3302 459 3371 ξύμβολα
499 3306 644 3367 δίκας
705 3304 785 3359 vel
833 3306 932 3368 τὰς
980 3306 1085 3361 ἀπὸ
1132 3304 1443 3372 ξυμβόλων,
1500 3321 1635 3378 quas
1688 3306 1793 3362 dici
1845 3309 2012 3362 mani-

20 3381 228 3448 flam
275 3400 371 3447 est.
462 3393 662 3466 Nempe
712 3395 1036 3460 συμβολαῖος
1088 3393 1413 3449 adiectivum
1468 3400 1551 3449 est
1607 3393 1748 3466 quod
1805 3396 2010 3466 respuit

21 3469 350 3548 Εμοοίῑοῑίει
386 3488 440 3535 ct
480 3482 618 3536 ratio
653 3488 707 3537 et
743 3498 889 3537 usus.
967 3481 1295 3549 Ἐμβόλιμος
1336 3480 1598 3537 Graecum
1649 3490 1729 3537 est
1769 3490 1821 3538 et
1862 3483 2011 3548 ἐκβό-

54 3608 57 3614 2
107 3587 182 3628 ἰς
216 3575 270 3622 et
306 3570 704 3636 ὑποβολιμαῖοςε
747 3571 1030 3636 ἐμβολαῖος
1070 3578 1172 3626 etc.
1251 3569 1453 3624 Graeca
1491 3586 1593 3624 non
1648 3577 1790 3625 sunt.
1871 3569 2010 3637 Quid

30 3652 238 3710 multa?
288 3655 528 3712 Servavit
568 3659 818 3716 {Iistorioi
856 3674 1075 3714 manum
1120 3657 1263 3713 solus
1317 3656 1615 3730 Hesychius
1657 3675 1704 3711 v.
1760 3659 2012 3725 Ξυμβο-
