2436 4068
0 333 36 382 ’.θ

0 438 33 499 ι,

1052 195 1159 245 269

338 340 423 393 καὶ
464 341 555 400 τὴν
593 340 875 405 φρονοῦσαν
916 340 1091 406 μεῖζον
1132 341 1160 402 ἢ
1202 346 1430 404 γυναῖκα
1467 340 1587 406 χρή.

107 438 165 486 et
199 432 254 483 in
291 426 594 482 Phoenissis
628 429 763 480 705:

451 516 644 578 ἤκουσα
681 515 854 581 μεῖζον
893 515 1051 568 αὐτὸν
1090 516 1119 578 ἢ
1163 516 1350 581 Θήβας
1390 521 1606 585 φρονεῖν.

105 613 160 662 et
199 605 254 658 iu
295 601 668 658 Andromache
709 605 851 656 700:

473 692 707 758 φρονοῦσι
749 690 910 754 δήμου
948 689 1122 756 μεῖζον
1160 689 1298 751 ὄντες
1338 690 1551 752 οὐδένες.

101 787 158 836 et
201 795 359 850 saepe
398 777 521 832 aliis
575 776 721 831 locis,
802 775 1014 848 Optime
1060 783 1242 831 autem
1294 779 1428 832 istae
1474 795 1607 849 quas
1647 777 1882 834 diximus
1922 778 2086 833 libra·

91 869 307 923 riorum
380 864 596 920 fraudes
653 863 976 935 deprehendi
1038 874 1262 936 possunt
1329 866 1470 937 apud
1540 867 1867 930 Isocratem,
1926 869 2084 922 cuius

101 971 269 1027 quum
328 961 487 1009 antea
538 952 822 1007 Codicibus
874 960 1154 1008 uteremur
1207 969 1311 1006 non
1373 953 1716 1008 mediocriter
1774 958 2082 1027 corruptiS‚

18 1067 26 1078 ·
98 1042 284 1115 quales
336 1049 464 1095 sunt
515 1041 847 1112 reliquorum
901 1040 1013 1096 fere
1073 1040 1359 1096 Oratorum
1414 1041 1668 1105 CodiceS‚
1725 1060 1791 1097 ne
1842 1044 2085 1098 Parisino

96 1129 318 1203 quidem
356 1129 730 1184 Demosthenis
761 1128 814 1183 S.
856 1129 1012 1201 plane
1050 1138 1305 1201 excepto,
1345 1128 1595 1184 fortunae
1629 1129 1888 1185 beneficio
1911 1149 2085 1202 reper-

18 1247 25 1261 .
101 1225 190 1273 tus
229 1225 311 1272 est
350 1218 486 1272 liber
523 1219 751 1273 eximiae
786 1216 1039 1272 bonitatis
1077 1226 1130 1273 et
1169 1218 1289 1272 fidei
1313 1260 1342 1280 ,.
1375 1217 1514 1271 unde
1545 1219 1599 1272 in
1654 1219 1920 1273 sexcentis
1955 1218 2086 1273 locis

101 1322 229 1362 vera
263 1314 316 1361 et
357 1322 487 1360 sana
527 1306 797 1378 scriptura
834 1307 890 1360 in
923 1306 1098 1362 lucem
1139 1305 1363 1378 prodiit,
1403 1313 1457 1360 et
1495 1305 1625 1377 quid
1664 1305 1965 1360 scribarum
2005 1323 2085 1360 os·

95 1396 272 1450 citans
311 1393 554 1448 socordia
593 1402 647 1448 et
686 1394 974 1448 sciolorum
1024 1394 1238 1449 indocta
1290 1403 1343 1449 et
1393 1392 1678 1465 impudens
1728 1393 1954 1450 audacia
1993 1394 2082 1449 de-

88 1483 390 1556 signaverit
429 1484 513 1537 s’vr'
556 1484 835 1552 αὐτοφώρῳ
886 1482 1438 1555 deprehensumlest:
1497 1499 1603 1553 quo
1642 1481 1814 1545 libro,
1855 1483 1901 1536 si
1944 1484 2081 1554 sapi,-
2146 1528 2147 1531 η

96 1588 219 1627 mus
244 1611 260 1638 ‚
301 1572 478 1626 critici
513 1571 591 1625 sic
626 1578 844 1625 utemur
879 1579 938 1625 ut
979 1588 1082 1624 non
1126 1572 1218 1625 uni
1254 1570 1476 1625 [socrati
1517 1571 1684 1641 prosit
1720 1569 1811 1624 sed
1852 1572 2082 1625 caeteris

0 1647 5 1698 Ᾰ
90 1659 373 1724 omnibus,
414 1660 469 1713 in
511 1658 708 1730 quibus
747 1659 982 1715 insident
1023 1659 1183 1713 iidem
1227 1660 1511 1714 inveterati
1551 1675 1760 1713 errores
1794 1666 1850 1714 et
1888 1659 2081 1715 menda

0 1748 2 1753 “
84 1747 251 1821 *plane
289 1746 714 1810 eiusdemmodi,
772 1765 909 1819 quae
948 1765 1014 1803 ex
1050 1748 1287 1802 Isocrate
1342 1764 1483 1802 unus
1544 1746 1775 1802 Urbinas
1828 1747 2082 1803 abstersit

21 2592 35 2759 cestu-h<
20 2540 23 2547 '

91 1843 361 1891 sexcenta.
440 1835 712 1903 Quantum
748 1835 1009 1907 profuerit
1051 1837 1548 1908 praestantissimus
1588 1834 1722 1889 liber
1757 1836 1810 1891 in
1850 1853 2078 1908 arguen-

93 1923 162 1979 do
198 1924 288 1978 illo
325 1940 572 1979 errorum
613 1940 844 1995 genere,
899 1923 966 1979 de
1003 1941 1110 1996 quo
1161 1923 1341 1979 dicere
1380 1923 1756 1987 instituimuS,
1810 1925 1958 1979 iuvat
1998 1942 2077 1980 os-

97 2011 333 2068 tendere.
413 2012 473 2066 ln
513 2012 836 2067 Archidamo
887 2017 1040 2084 554.
1094 2011 1384 2067 edebatur:
1444 2011 1532 2066 καὶ
1577 2012 1652 2078 μὴ
1702 2012 1915 2080 μείζονα
1954 2018 2078 2083 φρο-

93 2108 195 2155 νεῖν
232 2107 326 2164 τῆς
366 2100 666 2166 δυνάμεως,
710 2117 876 2172 quum
920 2100 1148 2155 Urbinas
1185 2101 1358 2168 μεῖζον
1397 2099 1608 2155 obtulit.
1687 2099 1748 2153 In
1793 2102 2076 2173 Areopagi·

93 2190 203 2243 lico
252 2194 283 2262 ς
323 2194 372 2244 7.
426 2188 584 2256 μείζω
625 2189 970 2258 φρονήσαντες
1010 2194 1099 2243 τοῦ
1140 2189 1332 2248 δέοντος
1391 2187 1618 2242 Urbinas
1667 2194 1813 2243 recte
1865 2190 2076 2258 μεῖζον,

82 2276 297 2332 ibidem.
336 2276 561 2332 emenda
610 2282 639 2350 §
680 2281 768 2331 45.
823 2279 941 2338 τοὺς
987 2277 1139 2344 μέγα
1177 2284 1380 2346 φρονεῖν
1418 2276 1726 2342 εἰθισμένους
1767 2293 2075 2351 Ρτοιμεγαῇ-

88 2370 389 2435 λοφρονεῑν,
449 2364 589 2437 quod
645 2364 921 2420 Graeculis
977 2373 1060 2421 est
1110 2365 1560 2438 relinquendum,
1620 2364 2071 2437 quemadmodum

88 2453 146 2508 in
201 2458 359 2525 §75-
413 2440 580 2525 qu'um
635 2454 690 2507 in
749 2454 998 2509 omnibus
1048 2462 1189 2510 esset
1229 2458 1458 2521 ἡγοῦμαι
1514 2454 1620 2522 γὰρ
1676 2456 1780 2516 δεῖν,
1819 2456 1959 2521 ἡμᾶς
1997 2458 2073 2522 μὴ

86 2548 499 2611 μεγαλοφρονεῖν
535 2542 655 2606 μηδ’
694 2544 922 2608 ἀγαπᾶν
961 2544 1217 2615 optimam
1258 2543 1541 2599 lectionem
1576 2542 1805 2598 Urbinas
1840 2546 2076 2600 servavit

84 2632 142 2685 οὐ
187 2629 339 2695 μέγα
381 2636 582 2698 φρονεῖν
633 2632 735 2686 οὐδ’
793 2634 1036 2697 ἀγαπᾶν.
1117 2631 1177 2685 In
1218 2632 1610 2687 Panathenaico
1661 2634 1689 2702 §
1736 2634 1858 2685 197.
1914 2632 2073 2706 μείζω

82 2723 384 2787 φρονοῦντες
436 2718 520 2772 ἐπὶ
577 2727 643 2787 τῇ
710 2727 804 2783 τῆς
859 2725 1041 2787 ψυχῆς
1101 2717 1201 2782 ἕξει
1259 2720 1485 2775 Urbinas
1542 2719 1741 2787 μεῖζον.,
1815 2719 2070 2776 Eiusdem

87 2804 243 2878 plane
280 2807 495 2877 generis
533 2824 769 2862 errorem
812 2808 1005 2863 retexit
1045 2808 1096 2862 in
1155 2807 1388 2863 Plataico
1442 2814 1471 2880 δέ
1512 2811 1598 2862 12.
1655 2806 1744 2862 ubi
1796 2806 2074 2879 legebatur

85 2893 244 2962 μείζω
281 2895 524 2950 δύνασθαι
564 2902 661 2950 τῶν
701 2894 886 2964 ὅρκων,
927 2896 1116 2950 vitiose
1161 2895 1481 2961 admodum,
1536 2913 1767 2968 namque
1805 2897 2069 2954 Graecum

23 3030 34 3054 ς
85 2996 190 3036 non
240 2989 321 3036 est
358 2983 583 3048 μεγάλα
623 2984 865 3039 δύνασθαι
919 2982 1010 3038 sed
1050 2985 1232 3049 μέγα;
1276 2985 1553 3040 verissime
1595 2984 1822 3039 Urbinas
1873 2988 2069 3055 μεῖζον.

6 3074 35 3141 ·:⁸
85 3069 251 3126 Multo
305 3071 466 3125 etiam
527 3074 740 3144 turpius
792 3089 822 3126 a
871 3071 1147 3127 Graeculis
1192 3081 1430 3128 erratum
1482 3080 1563 3128 est
1606 3074 1658 3127 in
1716 3074 1956 3129 oratione
2006 3075 2072 3131 (le

0 3142 18 3193 ἐ·
87 3157 219 3213 Pace
275 3162 303 3230 S
350 3162 483 3213 125:
541 3162 858 3227 ὑπομένομεν
898 3162 984 3216 τὸν
1038 3162 1193 3226 δῆμον
1240 3163 1395 3229 χείρω
1439 3161 1737 3229 πράττοντα
1794 3168 1890 3216 τῶν
1949 3173 2068 3224 ταῖς

84 3247 419 3315 ὀλιγαρχίαις
459 3249 820 3304 δουλευόντων;
863 3249 1064 3304 dicitur
1103 3251 1246 3304 enim
1283 3252 1451 3311 κακῶς
1494 3249 1706 3316 πράττω
1749 3267 1850 3304 non
1891 3250 2068 3306 κακοὶε

91 3334 269 3406 itaque
324 3336 404 3390 vel
461 3339 577 3391 sine
632 3336 781 3392 libris
837 3339 1206 3410 unusquisque
1258 3345 1464 3410 poterat
1522 3338 1807 3393 emendare
1862 3347 2069 3405 χεῖρον,

4 3455 14 3468 .
91 3420 232 3492 quod
266 3423 479 3479 tandem
521 3442 584 3480 ex
627 3425 879 3481 Urbinate
920 3433 1215 3498 receptum.
1297 3426 1477 3498 Neque
1517 3427 1697 3481 minus
1736 3433 1889 3497 turpe
1925 3443 2069 3481 mcu-

91 3508 220 3563 ‹lum
264 3510 629 3567 insinuaverat
678 3531 793 3570 sese
848 3516 900 3569 in
947 3515 1312 3586 Aegineticam
1359 3520 1387 3588 §
1433 3520 1515 3570 15.
1559 3514 1660 3569 υἱόν
1699 3517 1757 3578 μ’
1800 3515 2074 3578 ἐποιήσατο

93 3598 355 3663 γεγονότα
395 3599 584 3661 οὐδενὸς
618 3602 771 3670 χείρω
813 3605 1066 3673 Σιφνίωνε
1110 3603 1310 3659 dicitur
1345 3604 1487 3658 enim
1531 3601 1801 3667 γεγονέναι
1845 3600 1942 3665 εὖ,
1985 3625 2074 3659 κα·
