2436 4068
1361 262 1459 310 154

410 402 864 457 κακά’ἀίουηῑυι·
910 404 1088 457 ἐνεῖναι
1139 418 1239 454 non
1296 409 1516 455 συνεῖναι
1566 412 1668 462 τοῖς
1712 407 1978 470 ἀνθρώποις
2027 414 2079 460 et
2130 406 2257 476 quid
2312 412 2392 460 est

410 489 548 544 ἅτεῗ
629 491 879 544 Rescribe
920 491 1110 559 igitur:
1154 487 1273 542 ἅττ’
1314 488 1471 546 ἔνεςιν
1502 491 1787 556 ἀνθρώποις.

482 577 656 631 Verba
705 576 980 647 Eupolidis
1034 577 1255 643 ὄρτυγας
1298 576 1514 644 ἔθρεψας
1549 578 1637 639 ἤδη
1683 579 1916 642 πώποτε;
1971 580 2257 634 admonent
2308 597 2392 633 me

407 665 508 718 loci
543 665 683 736 apud
716 665 1002 718 Isocratem
1023 707 1035 728 ,
1082 665 1170 718 ubi
1212 664 1455 718 Editores
1485 668 1834 735 margaritam
1868 668 1922 719 in
1960 670 2172 737 egregio
2202 667 2391 724 Codice

408 760 674 823 repertam
728 751 1059 821 negligenter
1111 752 1440 808 abiecerunt.
1520 753 1713 807 Editur
1765 755 1818 806 in
1863 756 2099 808 oratione
2139 756 2258 822 πρὸς
2300 763 2392 808 Νι·

408 840 598 894 κοκλέα
645 843 674 909 §
711 844 779 893 45
812 837 939 900 ὅλως
980 840 1084 907 γαρ
1138 841 1180 894 εἱ
1232 840 1460 905 θέλοιμεν
1503 848 1710 894 σκοπεῖν
1756 841 1854 901 τας
1902 842 2086 908 φύσεις
2139 844 2237 903 τοὶς
2291 848 2388 895 τῶν

406 928 669 995 ἀνθρώπων
703 928 974 993 εὑρήσομεν
1011 928 1129 987 τοὺς
1164 930 1385 989 πολλοὺς
1422 931 1589 982 αὐτῶν
1629 928 1745 982 οὔτε
1779 935 1875 982 τῶν
1909 931 2078 984 σιτίων
2110 932 2390 997 χαίροντας

405 1023 511 1075 τοῖς
547 1014 910 1079 ὑγιεινοτάτοις
950 1014 1066 1068 οὔτε
1103 1021 1200 1068 τῶν
1235 1016 1654 1081 ἐπιτηδευμάτων
1689 1023 1794 1077 τοῖς
1836 1019 2102 1078 καλλίςοις
2137 1019 2252 1072 οὔτε
2293 1023 2390 1072 τῶν

404 1101 728 1168 μαθημάτων
784 1109 890 1163 τοῖς
944 1102 1367 1170 ὠφελιμωτάτοις
1425 1105 1574 1157 άλλα
1634 1104 1970 1159 παντάπασιν
2025 1107 2260 1167 ἐναντίας
2319 1107 2389 1173 τῷ

404 1190 716 1256 συμφέροντι
769 1191 868 1251 τας
920 1191 1097 1253 ἡδονὰς
1156 1191 1407 1259 ἔχοντας,
1472 1191 1563 1244 ubi
1618 1209 1712 1262 pro
1764 1193 2087 1258 μαθημάτων
2143 1194 2391 1264 egregius

403 1277 540 1331 liber
589 1278 812 1332 Urbinas
855 1277 1160 1345 θρεμμάτων
1202 1278 1346 1332 solus
1393 1280 1624 1333 servavit
1661 1282 1916 1351 optimam
1965 1287 2019 1335 et
2055 1282 2387 1335 verissimam

402 1364 704 1420 lectionem.
783 1366 964 1437 Carpit
1013 1367 1154 1420 enim
1193 1373 1372 1419 orator
1411 1365 1617 1421 futilem
1662 1368 1996 1438 popularium
2030 1369 2391 1436 ὅρτυγοτροφί-

403 1472 492 1516 αν,
534 1469 668 1523 quae
700 1455 1033 1510 iuventutem
1074 1455 1308 1508 Atticam
1350 1460 1402 1508 et
1440 1455 1637 1509 multos
1671 1457 1832 1509 etiam
1868 1463 2041 1510 aetate
2078 1456 2389 1526 grandiores

403 1541 644 1611 impense
679 1541 1004 1606 oblectabat,
1043 1548 1104 1595 ut
1139 1541 1432 1596 multorum
1462 1543 1717 1615 exemplis
1747 1545 2086 1598 notissimum
2119 1552 2229 1608 est,
2270 1544 2389 1599 vide

401 1627 678 1682 Plutarch.
718 1630 773 1682 in
814 1629 1086 1685 Alcibiade
1128 1647 1241 1701 cap.
1267 1632 1354 1683 10.

475 1715 753 1787 Eupolidis
797 1716 1159 1788 fragmentum
1205 1719 1260 1771 in
1298 1716 1524 1772 Scholiis
1577 1718 1640 1772 ad
1690 1719 1957 1791 Aristopb.
2001 1720 2120 1774 Pac.
2164 1737 2240 1776 vs,
2277 1724 2382 1776 547

402 1811 718 1876 corruptum
765 1812 818 1859 et
850 1805 1100 1859 mutilum
1141 1804 1392 1870 affertur,
1433 1806 1521 1859 cui
1562 1805 1750 1860 videbo
1783 1824 1849 1860 an
1887 1806 2136 1878 prodesse
2170 1811 2384 1879 possim.

403 1893 572 1947 Vetus
620 1900 673 1947 et
720 1892 965 1947 eruditus
1005 1893 1235 1947 Criticus
1275 1893 1341 1947 ad
1397 1894 1768 1965 Aristophanis
1811 1895 1967 1949 verba
2012 1895 2268 1961 ςιβάδας,
2321 1896 2386 1958 ἃς

401 1980 570 2048 ἔλαχε
604 1982 826 2049 Φορμίων
862 1982 991 2036 haec
1027 1982 1324 2036 annotavit:
1366 1984 1409 2036 οἱ
1446 1982 1516 2035 τοὶ
1551 1983 1815 2048 πολεμικοὶ
1849 1982 2257 2050 ἐξασκησάμενοι
2290 1986 2386 2038 ὑπὸ

400 2069 700 2134 γυμνασίων
741 2070 828 2123 καὶ
866 2070 1025 2124 πόνων
1070 2071 1268 2124 εἰώθασι
1306 2077 1677 2137 χαμαικοιτεῖν
1714 2071 1799 2124 καὶ
1850 2071 2088 2132 Διόνυσος
2128 2074 2178 2125 ἐν
2224 2071 2385 2136 Ταξι-

399 2157 580 2225 άρχοις
638 2161 759 2226 παρ’
810 2159 1058 2213 Εὐπόλιδι
1117 2158 1426 2231 (transpone
1472 2165 1594 2225 παρ’
1640 2159 1888 2212 Εὐπόλιδι
1945 2161 1995 2212 ἐν
2043 2159 2383 2233 Ταξιάρχοις)

398 2245 665 2311 μανθάνων
704 2247 848 2314 παρα
892 2249 961 2313 τῷ
1005 2248 1246 2312 Φορμίωνι
1287 2249 1402 2308 τοὺς
1444 2252 1540 2301 τῶν
1581 2252 1870 2313 ςρατηγιῶν
1904 2248 1989 2300 καὶ
2033 2249 2269 2313 πολέμων
2309 2249 2384 2302 νο’-

398 2354 526 2399 μους
567 2336 727 2403 φησίν

1435 2426 1496 2482 ὡς
1537 2424 1700 2477 οὐκέτ’
1734 2422 1797 2476 άν

702 2513 925 2580 φύγοιμι
954 2552 965 2564 .
990 2554 1001 2565 .
1028 2552 1039 2563 .
1064 2511 1274 2576 ςιβάδος
1323 2510 1378 2573 ἐξ
1413 2508 1526 2564 ὅτου
1558 2514 1778 2579 ”φαγον.

400 2600 479 2659 Ita
529 2599 657 2652 baec
704 2600 1317 2653 Meinekiusconstituit
1374 2598 1512 2652 felici
1562 2599 1931 2652 emendatione
1988 2600 2227 2661 Διόνυσος
2289 2617 2383 2671 pro

401 2689 657 2748 Διονύσιος
696 2705 971 2758 reponens,
1052 2688 1193 2741 Deus
1216 2688 1327 2758 ipse
1356 2686 1590 2741 laetitiae
1612 2687 1791 2751 dator,
1835 2687 1927 2741 sed
1957 2688 2009 2740 in
2045 2688 2379 2742 Comicorum

399 2775 615 2847 quidem
659 2774 850 2829 fabulis
887 2776 1208 2836 δ-ειλότατος,
1260 2774 1550 2837 fortissimo
1591 2776 1899 2846 imperatori
1948 2777 2002 2829 in
2043 2776 2379 2853 disciplinam

401 2881 458 2918 se
499 2863 716 2917 dederat
760 2871 813 2918 et
854 2865 966 2935 ipse
1005 2864 1226 2934 loquens
1267 2863 1560 2917 inducitur.
1640 2865 1873 2934 Apparet
1921 2881 2041 2918 eum
2088 2865 2266 2918 dicere
2318 2881 2380 2918 ex

400 2969 506 3024 quo
546 2951 696 3005 duris
731 2952 954 3006 militiae
989 2952 1259 3007 laboribus
1291 2952 1556 3006 exercitus
1597 2950 1759 3005 fuerit
1794 2952 1984 3006 vicisse
2029 2969 2085 3005 se
2131 2959 2380 3006 naturam

400 3047 453 3095 et
494 3057 557 3094 ex
599 3039 796 3094 imbelli
838 3048 890 3094 et
931 3042 1122 3111 ignavo
1164 3039 1352 3094 fortem
1397 3056 1457 3093 ac
1499 3047 1780 3093 strenuum
1824 3040 2024 3095 factum
2065 3057 2196 3095 esse.
2269 3041 2378 3094 Ex-
2431 3051 2436 3106 j

399 3128 529 3183 cidit
551 3134 730 3181 autem
766 3128 1100 3182 Phormionis
1134 3129 1303 3199 ipsius
1324 3128 1553 3189 mentm,
1595 3127 1733 3198 apud
1765 3145 1922 3198 quem
1958 3128 2087 3182 haec
2118 3127 2377 3182 didicerat
2428 3119 2433 3164 j

399 3223 453 3272 et
494 3216 648 3271 cuius
692 3232 878 3270 caussa
920 3216 1048 3270 haec
1095 3214 1421 3277 afferuntur,
1478 3216 1820 3285 quamobrem
1866 3216 2040 3270 locum
2089 3217 2161 3269 ita
2202 3216 2376 3270 redin-

405 3304 720 3376 tegrandum
762 3320 876 3357 esse
915 3321 1132 3368 censeo,
1173 3312 1231 3358 ut
1271 3304 1564 3359 scribatur.

1000 3395 1061 3453 ὡς
1101 3393 1263 3446 ουκέτ’
1303 3414 1386 3447 αν
1405 3391 1627 3459 φύγοιμ’
1668 3393 1796 3455 ἐγώ,

698 3480 747 3532 ἐν
789 3480 1063 3545 Φορμίωνος
1104 3482 1314 3545 ςιβάδος
1353 3479 1464 3543 ἐξ“
1445 3478 1558 3533 σ’του
1590 3480 1820 3547 ”φαγον.

395 3574 594 3635 φαγεῖν
640 3574 693 3620 et
731 3567 1023 3631 γεύσασθαί
1060 3589 1188 3627 τινος
1241 3570 1411 3623 iocose
1454 3567 1710 3621 (licuntur
1749 3585 1843 3638 pro
1883 3571 2206 3636 πειραθῆναι,
2261 3572 2375 3622 ὑπο-

394 3663 595 3720 μεῖναι,
655 3655 978 3723 ἀνασχέσθαι
1034 3657 1153 3710 sim.
1254 3662 1340 3711 Ἐν
1395 3657 1668 3723 Φορμίωνος
1733 3656 1934 3712 dictum
1987 3665 2064 3712 est
2129 3665 2184 3711 ut
2237 3655 2373 3728 apud
