<?xml version="1.0" encoding="UTF-8"?>
<!DOCTYPE html PUBLIC "-//W3C//DTD XHTML 1.0 Transitional//EN"
    "http://www.w3.org/TR/xhtml1/DTD/xhtml1-transitional.dtd">
<html xmlns="http://www.w3.org/1999/xhtml" xml:lang="en" lang="en">
 <head>
  <title>
</title>
<meta http-equiv="Content-Type" content="text/html;charset=utf-8" />
  <meta name='ocr-system' content='tesseract 3.04.00' />
  <meta name='ocr-capabilities' content='ocr_page ocr_carea ocr_par ocr_line ocrx_word'/>
</head>
<body>
  <div class='ocr_page' id='page_1' title='image "./novaelectionesqu00cobeuoft/novaelectionesqu00cobeuoft_0097.png"; bbox 0 0 2436 4068; ppageno 0'>
   <div class='ocr_carea' id='block_1_1' title="bbox 1030 256 1101 307">
    <p class='ocr_par' dir='ltr' id='par_1_1' title="bbox 1030 256 1101 307">
     <span class='ocr_line' id='line_1_1' title="bbox 1030 256 1101 307; baseline -0.014 0"><span class='ocrx_word' id='word_1_1' title='bbox 1030 256 1101 307; x_wconf 83' lang='lat'><strong><em>69</em></strong></span> 
     </span>
    </p>
   </div>
   <div class='ocr_carea' id='block_1_2' title="bbox 83 400 2145 3641">
    <p class='ocr_par' dir='ltr' id='par_1_2' title="bbox 83 400 2145 3106">
     <span class='ocr_line' id='line_1_2' title="bbox 94 400 2071 478; baseline -0.001 -17"><span class='ocrx_word' id='word_1_2' title='bbox 94 409 234 472; x_wconf 77' lang='lat' dir='ltr'><strong><em>Quae</em></strong></span> <span class='ocrx_word' id='word_1_3' title='bbox 269 423 428 478; x_wconf 82' lang='lat' dir='ltr'><strong><em>quum</em></strong></span> <span class='ocrx_word' id='word_1_4' title='bbox 460 404 735 475; x_wconf 81' lang='lat' dir='ltr'><strong><em>accepisset</em></strong></span> <span class='ocrx_word' id='word_1_5' title='bbox 765 420 795 455; x_wconf 93' lang='lat' dir='ltr'><strong><em>a</em></strong></span> <span class='ocrx_word' id='word_1_6' title='bbox 821 400 1024 472; x_wconf 64' lang='lat' dir='ltr'><strong><em>pupillo</em></strong></span> <span class='ocrx_word' id='word_1_7' title='bbox 1051 401 1366 473; x_wconf 84' lang='lat' dir='ltr'><strong><em>suppressit.</em></strong></span> <span class='ocrx_word' id='word_1_8' title='bbox 1413 433 1485 444; x_wconf 89' lang='lat'><strong><em>-—</em></strong></span> <span class='ocrx_word' id='word_1_9' title='bbox 1534 401 1698 464; x_wconf 82' lang='lat' dir='ltr'><strong><em>Quam</em></strong></span> <span class='ocrx_word' id='word_1_10' title='bbox 1730 421 1890 474; x_wconf 80' lang='lat' dir='ltr'><strong><em>quum</em></strong></span> <span class='ocrx_word' id='word_1_11' title='bbox 1917 424 2071 478; x_wconf 78' lang='lat' dir='ltr'><strong><em>pecu-</em></strong></span> 
     </span>
     <span class='ocr_line' id='line_1_3' title="bbox 86 488 2071 565; baseline 0 -16"><span class='ocrx_word' id='word_1_12' title='bbox 86 497 229 549; x_wconf 81' lang='lat' dir='ltr'><strong><em>niam</em></strong></span> <span class='ocrx_word' id='word_1_13' title='bbox 254 492 575 564; x_wconf 76' lang='lat' dir='ltr'><strong><em>profudisset</em></strong></span> <span class='ocrx_word' id='word_1_14' title='bbox 613 524 687 533; x_wconf 84' lang='lat'><strong><em>--</em></strong></span> <span class='ocrx_word' id='word_1_15' title='bbox 728 490 905 543; x_wconf 76' lang='lat' dir='ltr'><strong><em>statuit</em></strong></span> <span class='ocrx_word' id='word_1_16' title='bbox 946 488 1014 542; x_wconf 86' lang='lat' dir='ltr'><strong><em>ad</em></strong></span> <span class='ocrx_word' id='word_1_17' title='bbox 1053 490 1259 543; x_wconf 88' lang='lat' dir='ltr'><strong><em>easdem</em></strong></span> <span class='ocrx_word' id='word_1_18' title='bbox 1298 488 1398 542; x_wconf 71' lang='lat' dir='ltr'><strong><em>sibi</em></strong></span> <span class='ocrx_word' id='word_1_19' title='bbox 1429 489 1657 561; x_wconf 82' lang='lat' dir='ltr'><em>praedas</em></span> <span class='ocrx_word' id='word_1_20' title='bbox 1702 491 1786 564; x_wconf 88' lang='lat' dir='ltr'><strong><em>[ac</em></strong></span> <span class='ocrx_word' id='word_1_21' title='bbox 1823 509 2071 565; x_wconf 86' lang='lat' dir='ltr'><strong><em>suppres-</em></strong></span> 
     </span>
     <span class='ocr_line' id='line_1_4' title="bbox 86 576 2072 652; baseline -0.001 -17"><span class='ocrx_word' id='word_1_22' title='bbox 86 583 262 636; x_wconf 90' lang='lat' dir='ltr'><strong><em>siones</em></strong></span> <span class='ocrx_word' id='word_1_23' title='bbox 296 579 597 652; x_wconf 88' lang='lat' dir='ltr'><strong><em>iudiciales]</em></strong></span> <span class='ocrx_word' id='word_1_24' title='bbox 644 576 1021 632; x_wconf 80' lang='lat' dir='ltr'><strong><em>revertendum.</em></strong></span> <span class='ocrx_word' id='word_1_25' title='bbox 1102 577 1283 630; x_wconf 86' lang='lat' dir='ltr'><strong><em>Etiam</em></strong></span> <span class='ocrx_word' id='word_1_26' title='bbox 1324 577 1526 649; x_wconf 84' lang='lat' dir='ltr'><strong><em>siquis</em></strong></span> <span class='ocrx_word' id='word_1_27' title='bbox 1566 577 1699 632; x_wconf 90' lang='lat' dir='ltr'><strong><em>bene</em></strong></span> <span class='ocrx_word' id='word_1_28' title='bbox 1734 579 1921 634; x_wconf 85' lang='lat' dir='ltr'><strong>Latine</strong></span> <span class='ocrx_word' id='word_1_29' title='bbox 1954 599 2072 651; x_wconf 77' lang='lat' dir='ltr'><strong><em>sup-</em></strong></span> 
     </span>
     <span class='ocr_line' id='line_1_5' title="bbox 83 663 2072 740; baseline 0.001 -18"><span class='ocrx_word' id='word_1_30' title='bbox 83 669 281 740; x_wconf 78' lang='lat' dir='ltr'><strong><em>pressio</em></strong></span> <span class='ocrx_word' id='word_1_31' title='bbox 320 668 583 722; x_wconf 75' lang='lat' dir='ltr'><strong><em>iude&#39;cialis</em></strong></span> <span class='ocrx_word' id='word_1_32' title='bbox 618 666 726 720; x_wconf 88' lang='lat' dir='ltr'><strong><em>dici</em></strong></span> <span class='ocrx_word' id='word_1_33' title='bbox 775 680 927 735; x_wconf 91' lang='lat' dir='ltr'><strong><em>posse</em></strong></span> <span class='ocrx_word' id='word_1_34' title='bbox 966 663 1210 734; x_wconf 82' lang='lat' dir='ltr'><strong><em>putabit,</em></strong></span> <span class='ocrx_word' id='word_1_35' title='bbox 1262 672 1442 720; x_wconf 86' lang='lat' dir='ltr'><strong><em>tamen</em></strong></span> <span class='ocrx_word' id='word_1_36' title='bbox 1484 665 1638 720; x_wconf 81' lang='lat' dir='ltr'><strong><em>facile</em></strong></span> <span class='ocrx_word' id='word_1_37' title='bbox 1678 667 1891 721; x_wconf 90' lang='lat' dir='ltr'><strong><em>vincam</em></strong></span> <span class='ocrx_word' id='word_1_38' title='bbox 1928 667 2072 724; x_wconf 87' lang='lat' dir='ltr'><strong><em>Cice·</em></strong></span> 
     </span>
     <span class='ocr_line' id='line_1_6' title="bbox 85 751 2074 826; baseline 0.001 -16"><span class='ocrx_word' id='word_1_39' title='bbox 85 772 270 823; x_wconf 83' lang='lat' dir='ltr'><strong><em>ronem</em></strong></span> <span class='ocrx_word' id='word_1_40' title='bbox 317 756 622 826; x_wconf 84' lang='lat' dir='ltr'><strong><em>scripsisse:</em></strong></span> <span class='ocrx_word' id='word_1_41' title='bbox 685 752 863 806; x_wconf 75' lang='lat' dir='ltr'><strong><em>statuit</em></strong></span> <span class='ocrx_word' id='word_1_42' title='bbox 902 751 971 804; x_wconf 86' lang='lat' dir='ltr'><strong><em>ad</em></strong></span> <span class='ocrx_word' id='word_1_43' title='bbox 1018 751 1223 804; x_wconf 87' lang='lat' dir='ltr'><strong><em>easdem</em></strong></span> <span class='ocrx_word' id='word_1_44' title='bbox 1275 754 1378 805; x_wconf 78' lang='lat' dir='ltr'><strong><em>sibi</em></strong></span> <span class='ocrx_word' id='word_1_45' title='bbox 1424 754 1648 824; x_wconf 82' lang='lat' dir='ltr'><strong><em>praedas</em></strong></span> <span class='ocrx_word' id='word_1_46' title='bbox 1694 756 2074 812; x_wconf 79' lang='lat' dir='ltr'><strong><em>revertendum.</em></strong></span> 
     </span>
     <span class='ocr_line' id='line_1_7' title="bbox 87 838 2076 916; baseline -0.001 -17"><span class='ocrx_word' id='word_1_47' title='bbox 87 843 318 915; x_wconf 81' lang='lat' dir='ltr'><strong><em>Lepidus</em></strong></span> <span class='ocrx_word' id='word_1_48' title='bbox 350 842 510 896; x_wconf 93' lang='lat' dir='ltr'><strong><em>homo</em></strong></span> <span class='ocrx_word' id='word_1_49' title='bbox 547 840 650 895; x_wconf 83' lang='lat' dir='ltr'><strong><em>fuit</em></strong></span> <span class='ocrx_word' id='word_1_50' title='bbox 683 841 776 911; x_wconf 91' lang='lat' dir='ltr'><strong><em>qui</em></strong></span> <span class='ocrx_word' id='word_1_51' title='bbox 811 838 879 893; x_wconf 89' lang='lat' dir='ltr'><strong><em>ad</em></strong></span> <span class='ocrx_word' id='word_1_52' title='bbox 914 838 1050 892; x_wconf 87' lang='lat' dir='ltr'><strong><em>Livii</em></strong></span> <span class='ocrx_word' id='word_1_53' title='bbox 1083 838 1244 892; x_wconf 88' lang='lat' dir='ltr'><strong><em>verba</em></strong></span> <span class='ocrx_word' id='word_1_54' title='bbox 1286 840 1425 895; x_wconf 85' lang='lat' dir='ltr'><strong><em>XXI.</em></strong></span> <span class='ocrx_word' id='word_1_55' title='bbox 1469 846 1559 897; x_wconf 86' lang='lat'><strong><em>40.</em></strong></span> <span class='ocrx_word' id='word_1_56' title='bbox 1600 842 1802 896; x_wconf 80' lang='lat' dir='ltr'><strong><em>duabus</em></strong></span> <span class='ocrx_word' id='word_1_57' title='bbox 1833 845 2076 916; x_wconf 78' lang='lat' dir='ltr'><strong><em>partibus</em></strong></span> 
     </span>
     <span class='ocr_line' id='line_1_8' title="bbox 86 926 2074 1003; baseline 0.001 -17"><span class='ocrx_word' id='word_1_58' title='bbox 86 932 295 986; x_wconf 81' lang='lat' dir='ltr'><strong><em>amissis</em></strong></span> <span class='ocrx_word' id='word_1_59' title='bbox 326 930 453 984; x_wconf 91' lang='lat' dir='ltr'><strong><em>olim</em></strong></span> <span class='ocrx_word' id='word_1_60' title='bbox 491 929 806 999; x_wconf 82' lang='lat' dir='ltr'><strong><em>adscripsit:</em></strong></span> <span class='ocrx_word' id='word_1_61' title='bbox 849 944 967 980; x_wconf 86' lang='lat' dir='ltr'><strong><em>cum</em></strong></span> <span class='ocrx_word' id='word_1_62' title='bbox 1002 926 1185 996; x_wconf 81' lang='lat' dir='ltr'><strong><em>plures</em></strong></span> <span class='ocrx_word' id='word_1_63' title='bbox 1208 944 1376 997; x_wconf 79' lang='lat' dir='ltr'><strong><em>paene</em></strong></span> <span class='ocrx_word' id='word_1_64' title='bbox 1412 930 1665 998; x_wconf 77' lang='lat' dir='ltr'><strong><em>perierint</em></strong></span> <span class='ocrx_word' id='word_1_65' title='bbox 1701 949 1859 1003; x_wconf 82' lang='lat' dir='ltr'><strong><em>quam</em></strong></span> <span class='ocrx_word' id='word_1_66' title='bbox 1898 950 2074 1003; x_wconf 81' lang='lat' dir='ltr'><strong><em>super·</em></strong></span> 
     </span>
     <span class='ocr_line' id='line_1_9' title="bbox 89 1013 2076 1088; baseline 0.001 -14"><span class='ocrx_word' id='word_1_67' title='bbox 89 1029 239 1085; x_wconf 76' lang='lat' dir='ltr'><strong><em>suat,</em></strong></span> <span class='ocrx_word' id='word_1_68' title='bbox 280 1027 333 1073; x_wconf 90' lang='lat' dir='ltr'><strong><em>et</em></strong></span> <span class='ocrx_word' id='word_1_69' title='bbox 371 1035 436 1072; x_wconf 90' lang='lat' dir='ltr'><strong><em>ne</em></strong></span> <span class='ocrx_word' id='word_1_70' title='bbox 465 1017 564 1071; x_wconf 88' lang='lat' dir='ltr'><strong><em>hoc</em></strong></span> <span class='ocrx_word' id='word_1_71' title='bbox 586 1016 803 1088; x_wconf 89' lang='lat' dir='ltr'><strong><em>quidem</em></strong></span> <span class='ocrx_word' id='word_1_72' title='bbox 842 1013 1172 1085; x_wconf 81' lang='lat' dir='ltr'><strong><em>intelligebat</em></strong></span> <span class='ocrx_word' id='word_1_73' title='bbox 1205 1013 1251 1066; x_wconf 92' lang='lat' dir='ltr'><strong><em>si</em></strong></span> <span class='ocrx_word' id='word_1_74' title='bbox 1280 1013 1413 1068; x_wconf 82' lang='lat' dir='ltr'><strong><em>duae</em></strong></span> <span class='ocrx_word' id='word_1_75' title='bbox 1440 1026 1616 1088; x_wconf 83' lang='lat' dir='ltr'><strong><em>partes</em></strong></span> <span class='ocrx_word' id='word_1_76' title='bbox 1637 1019 1867 1073; x_wconf 88' lang='lat' dir='ltr'><strong><em>amissae</em></strong></span> <span class='ocrx_word' id='word_1_77' title='bbox 1896 1027 2076 1075; x_wconf 86' lang='lat' dir='ltr'><strong><em>essent</em></strong></span> 
     </span>
     <span class='ocr_line' id='line_1_10' title="bbox 89 1101 2077 1178; baseline 0.002 -18"><span class='ocrx_word' id='word_1_78' title='bbox 89 1108 292 1162; x_wconf 78' lang='lat' dir='ltr'><strong><em>tertiam</em></strong></span> <span class='ocrx_word' id='word_1_79' title='bbox 324 1113 529 1178; x_wconf 89' lang='lat' dir='ltr'><strong><em>partem</em></strong></span> <span class='ocrx_word' id='word_1_80' title='bbox 566 1120 862 1176; x_wconf 82' lang='lat' dir='ltr'><strong><em>superesse.</em></strong></span> <span class='ocrx_word' id='word_1_81' title='bbox 905 1101 1132 1157; x_wconf 84' lang='lat' dir='ltr'><strong><em>Difficile</em></strong></span> <span class='ocrx_word' id='word_1_82' title='bbox 1158 1108 1240 1156; x_wconf 88' lang='lat' dir='ltr'><strong><em>est</em></strong></span> <span class='ocrx_word' id='word_1_83' title='bbox 1270 1103 1387 1156; x_wconf 90' lang='lat' dir='ltr'><strong><em>sine</em></strong></span> <span class='ocrx_word' id='word_1_84' title='bbox 1422 1104 1536 1158; x_wconf 91' lang='lat' dir='ltr'><strong><em>risu</em></strong></span> <span class='ocrx_word' id='word_1_85' title='bbox 1566 1105 1753 1160; x_wconf 89' lang='lat' dir='ltr'><strong><em>audire</em></strong></span> <span class='ocrx_word' id='word_1_86' title='bbox 1786 1106 2077 1164; x_wconf 89' lang='lat' dir='ltr'><strong><em>Minutium</em></strong></span> 
     </span>
     <span class='ocr_line' id='line_1_11' title="bbox 91 1188 2079 1267; baseline 0 -17"><span class='ocrx_word' id='word_1_87' title='bbox 91 1198 144 1250; x_wconf 87' lang='lat' dir='ltr'><strong><em>in</em></strong></span> <span class='ocrx_word' id='word_1_88' title='bbox 181 1211 394 1250; x_wconf 90' lang='lat' dir='ltr'><strong><em>summa</em></strong></span> <span class='ocrx_word' id='word_1_89' title='bbox 419 1193 590 1247; x_wconf 88' lang='lat' dir='ltr'><strong><em>animi</em></strong></span> <span class='ocrx_word' id='word_1_90' title='bbox 621 1191 963 1246; x_wconf 77' lang='lat' dir='ltr'><strong><em>contentione</em></strong></span> <span class='ocrx_word' id='word_1_91' title='bbox 996 1189 1127 1244; x_wconf 88' lang='lat' dir='ltr'><strong><em>haec</em></strong></span> <span class='ocrx_word' id='word_1_92' title='bbox 1157 1188 1425 1244; x_wconf 87' lang='lat' dir='ltr'><strong><em>dicentem</em></strong></span> <span class='ocrx_word' id='word_1_93' title='bbox 1456 1191 1567 1246; x_wconf 89' lang='lat' dir='ltr'><strong><em>Liv.</em></strong></span> <span class='ocrx_word' id='word_1_94' title='bbox 1605 1193 1768 1247; x_wconf 89' lang='grc' dir='ltr'>ΧΧΠ.</span> <span class='ocrx_word' id='word_1_95' title='bbox 1807 1199 1892 1248; x_wconf 86' lang='grc'><strong><em>14.</em></strong></span> <span class='ocrx_word' id='word_1_96' title='bbox 1926 1204 2079 1267; x_wconf 82' lang='lat' dir='ltr'><strong><em>alque</em></strong></span> 
     </span>
     <span class='ocr_line' id='line_1_12' title="bbox 88 1278 2079 1355; baseline -0.002 -17"><span class='ocrx_word' id='word_1_97' title='bbox 88 1284 184 1338; x_wconf 79' lang='lat' dir='ltr'><strong><em>illo</em></strong></span> <span class='ocrx_word' id='word_1_98' title='bbox 229 1284 340 1355; x_wconf 75' lang='lat' dir='ltr'><strong><em>ipso</em></strong></span> <span class='ocrx_word' id='word_1_99' title='bbox 394 1282 479 1335; x_wconf 78' lang='lat' dir='ltr'><strong><em>die</em></strong></span> <span class='ocrx_word' id='word_1_100' title='bbox 526 1280 697 1334; x_wconf 81' lang='lat' dir='ltr'><strong><em>media</em></strong></span> <span class='ocrx_word' id='word_1_101' title='bbox 744 1280 798 1332; x_wconf 81' lang='lat' dir='ltr'><strong><em>in</em></strong></span> <span class='ocrx_word' id='word_1_102' title='bbox 844 1278 972 1332; x_wconf 83' lang='lat' dir='ltr'><strong><em>urbe</em></strong></span> <span class='ocrx_word' id='word_1_103' title='bbox 1019 1278 1149 1351; x_wconf 91' lang='lat' dir='ltr'><strong><em>[qua</em></strong></span> <span class='ocrx_word' id='word_1_104' title='bbox 1190 1295 1334 1332; x_wconf 91' lang='lat' dir='ltr'><strong><em>nunc</em></strong></span> <span class='ocrx_word' id='word_1_105' title='bbox 1372 1278 1530 1334; x_wconf 87' lang='lat' dir='ltr'><strong><em>busta</em></strong></span> <span class='ocrx_word' id='word_1_106' title='bbox 1570 1279 1771 1335; x_wconf 88' lang='lat' dir='ltr'><strong><em>Gallica</em></strong></span> <span class='ocrx_word' id='word_1_107' title='bbox 1810 1283 1961 1355; x_wconf 86' lang='lat' dir='ltr'><strong><em>sunt]</em></strong></span> <span class='ocrx_word' id='word_1_108' title='bbox 2005 1314 2079 1323; x_wconf 89' lang='lat'><strong><em>——</em></strong></span> 
     </span>
     <span class='ocr_line' id='line_1_13' title="bbox 90 1366 2079 1439; baseline -0.001 -13"><span class='ocrx_word' id='word_1_109' title='bbox 90 1371 268 1426; x_wconf 77' lang='lat' dir='ltr'><strong><em>cecidit</em></strong></span> <span class='ocrx_word' id='word_1_110' title='bbox 311 1369 580 1424; x_wconf 82' lang='lat' dir='ltr'><strong><em>Gallorum</em></strong></span> <span class='ocrx_word' id='word_1_111' title='bbox 609 1368 849 1439; x_wconf 66' lang='lat' dir='ltr'><strong><em>legiones.</em></strong></span> <span class='ocrx_word' id='word_1_112' title='bbox 913 1367 1091 1438; x_wconf 83' lang='lat' dir='ltr'><strong><em>Apage</em></strong></span> <span class='ocrx_word' id='word_1_113' title='bbox 1120 1366 1482 1437; x_wconf 85' lang='lat' dir='ltr'><strong><em>importunam</em></strong></span> <span class='ocrx_word' id='word_1_114' title='bbox 1518 1367 1663 1422; x_wconf 92' lang='lat' dir='ltr'><strong><em>illam</em></strong></span> <span class='ocrx_word' id='word_1_115' title='bbox 1695 1369 2079 1435; x_wconf 88' lang='lat' dir='ltr'><strong><em>eruditionem,</em></strong></span> 
     </span>
     <span class='ocr_line' id='line_1_14' title="bbox 92 1453 2077 1531; baseline 0 -18"><span class='ocrx_word' id='word_1_116' title='bbox 92 1476 228 1531; x_wconf 88' lang='lat' dir='ltr'><strong><em>quae</em></strong></span> <span class='ocrx_word' id='word_1_117' title='bbox 269 1457 462 1512; x_wconf 89' lang='lat' dir='ltr'><strong><em>melius</em></strong></span> <span class='ocrx_word' id='word_1_118' title='bbox 503 1456 564 1510; x_wconf 90' lang='lat' dir='ltr'><strong><em>V.</em></strong></span> <span class='ocrx_word' id='word_1_119' title='bbox 603 1459 691 1510; x_wconf 78' lang='lat'><strong><em>58.</em></strong></span> <span class='ocrx_word' id='word_1_120' title='bbox 733 1455 912 1509; x_wconf 90' lang='lat' dir='ltr'><strong><em>locum</em></strong></span> <span class='ocrx_word' id='word_1_121' title='bbox 953 1453 1212 1508; x_wconf 86' lang='lat' dir='ltr'><strong><em>tuebitur.</em></strong></span> <span class='ocrx_word' id='word_1_122' title='bbox 1291 1454 1553 1526; x_wconf 84' lang='lat' dir='ltr'><strong><em>Expunge</em></strong></span> <span class='ocrx_word' id='word_1_123' title='bbox 1593 1456 1856 1512; x_wconf 87' lang='lat' dir='ltr'><strong><em>emblema</em></strong></span> <span class='ocrx_word' id='word_1_124' title='bbox 1891 1458 2077 1513; x_wconf 91' lang='lat' dir='ltr'><strong>XXIV.</strong></span> 
     </span>
     <span class='ocr_line' id='line_1_15' title="bbox 99 1541 2145 1618; baseline -0.001 -15"><span class='ocrx_word' id='word_1_125' title='bbox 99 1551 184 1603; x_wconf 87' lang='lat'><strong><em>18.</em></strong></span> <span class='ocrx_word' id='word_1_126' title='bbox 224 1546 515 1616; x_wconf 72' lang='lat' dir='ltr'><strong><em>hortatique</em></strong></span> <span class='ocrx_word' id='word_1_127' title='bbox 552 1552 610 1596; x_wconf 80' lang='lat' dir='ltr'><strong><em>ut</em></strong></span> <span class='ocrx_word' id='word_1_128' title='bbox 643 1543 816 1596; x_wconf 77' lang='lat' dir='ltr'><strong><em>omnia</em></strong></span> <span class='ocrx_word' id='word_1_129' title='bbox 846 1542 1063 1615; x_wconf 80' lang='lat' dir='ltr'><strong><em>perinde</em></strong></span> <span class='ocrx_word' id='word_1_130' title='bbox 1097 1550 1310 1613; x_wconf 70' lang='lat' dir='ltr'><strong><em>ayerent</em></strong></span> <span class='ocrx_word' id='word_1_131' title='bbox 1356 1541 1640 1616; x_wconf 73' lang='lat' dir='ltr'><strong><em>[locarent]</em></strong></span> <span class='ocrx_word' id='word_1_132' title='bbox 1685 1563 1747 1599; x_wconf 85' lang='lat' dir='ltr'><strong><em>ae</em></strong></span> <span class='ocrx_word' id='word_1_133' title='bbox 1786 1546 1832 1599; x_wconf 83' lang='lat' dir='ltr'><strong><em>si</em></strong></span> <span class='ocrx_word' id='word_1_134' title='bbox 1861 1548 2082 1618; x_wconf 82' lang='lat' dir='ltr'><strong><em>pecunia</em></strong></span> <span class='ocrx_word' id='word_1_135' title='bbox 2144 1611 2145 1614; x_wconf 8' lang='grc' dir='ltr'><strong>Ἴ</strong></span> 
     </span>
     <span class='ocr_line' id='line_1_16' title="bbox 90 1630 2082 1701; baseline -0.001 -11"><span class='ocrx_word' id='word_1_136' title='bbox 90 1636 148 1690; x_wconf 79' lang='lat' dir='ltr'><strong><em>in</em></strong></span> <span class='ocrx_word' id='word_1_137' title='bbox 185 1635 389 1690; x_wconf 82' lang='lat' dir='ltr'><strong><em>aerario</em></strong></span> <span class='ocrx_word' id='word_1_138' title='bbox 423 1641 553 1687; x_wconf 84' lang='lat' dir='ltr'><strong><em>esset</em></strong></span> <span class='ocrx_word' id='word_1_139' title='bbox 590 1638 642 1687; x_wconf 88' lang='lat' dir='ltr'><strong><em>et</em></strong></span> <span class='ocrx_word' id='word_1_140' title='bbox 683 1631 843 1686; x_wconf 88' lang='lat' dir='ltr'>XXV.</span> <span class='ocrx_word' id='word_1_141' title='bbox 890 1634 957 1684; x_wconf 73' lang='lat'><strong><em>1⁶2.</em></strong></span> <span class='ocrx_word' id='word_1_142' title='bbox 999 1631 1052 1683; x_wconf 91' lang='lat' dir='ltr'><strong><em>in</em></strong></span> <span class='ocrx_word' id='word_1_143' title='bbox 1095 1630 1318 1701; x_wconf 88' lang='lat' dir='ltr'><strong><em>antiquo</em></strong></span> <span class='ocrx_word' id='word_1_144' title='bbox 1356 1631 1604 1687; x_wconf 83' lang='lat' dir='ltr'><strong><em>eraculo:</em></strong></span> <span class='ocrx_word' id='word_1_145' title='bbox 1646 1632 1868 1688; x_wconf 77' lang='lat' dir='ltr'><strong><em>Amnem</em></strong></span> <span class='ocrx_word' id='word_1_146' title='bbox 1904 1635 2082 1690; x_wconf 83' lang='lat' dir='ltr'><strong><em>Troiu-</em></strong></span> 
     </span>
     <span class='ocr_line' id='line_1_17' title="bbox 91 1719 2080 1797; baseline -0.001 -18"><span class='ocrx_word' id='word_1_147' title='bbox 91 1741 225 1797; x_wconf 67' lang='lat' dir='ltr'><strong><em>gena</em></strong></span> <span class='ocrx_word' id='word_1_148' title='bbox 266 1723 494 1778; x_wconf 79' lang='lat' dir='ltr'><strong><em>Cannam</em></strong></span> <span class='ocrx_word' id='word_1_149' title='bbox 538 1719 821 1793; x_wconf 85' lang='lat' dir='ltr'><strong><em>[Romane]</em></strong></span> <span class='ocrx_word' id='word_1_150' title='bbox 867 1723 1028 1792; x_wconf 64' lang='lat' dir='ltr'><strong><em>fuae,</em></strong></span> <span class='ocrx_word' id='word_1_151' title='bbox 1070 1735 1176 1790; x_wconf 92' lang='lat' dir='ltr'><strong><em>quo</em></strong></span> <span class='ocrx_word' id='word_1_152' title='bbox 1212 1735 1316 1772; x_wconf 90' lang='lat' dir='ltr'><strong><em>non</em></strong></span> <span class='ocrx_word' id='word_1_153' title='bbox 1356 1725 1436 1773; x_wconf 89' lang='lat' dir='ltr'><strong><em>est</em></strong></span> <span class='ocrx_word' id='word_1_154' title='bbox 1478 1719 1743 1775; x_wconf 86' lang='lat' dir='ltr'><strong><em>emblema</em></strong></span> <span class='ocrx_word' id='word_1_155' title='bbox 1782 1721 1929 1776; x_wconf 90' lang='lat' dir='ltr'><strong><em>aliud</em></strong></span> <span class='ocrx_word' id='word_1_156' title='bbox 1971 1740 2080 1778; x_wconf 89' lang='grc'>1113-</span> 
     </span>
     <span class='ocr_line' id='line_1_18' title="bbox 94 1807 2083 1879; baseline -0.001 -13"><span class='ocrx_word' id='word_1_157' title='bbox 94 1810 358 1867; x_wconf 79' lang='lat' dir='ltr'><strong><em>nifestius,</em></strong></span> <span class='ocrx_word' id='word_1_158' title='bbox 438 1810 512 1865; x_wconf 91' lang='lat' dir='ltr'><strong><em>De</em></strong></span> <span class='ocrx_word' id='word_1_159' title='bbox 552 1809 753 1864; x_wconf 86' lang='lat' dir='ltr'><strong><em>Graeco</em></strong></span> <span class='ocrx_word' id='word_1_160' title='bbox 795 1808 925 1863; x_wconf 91' lang='lat' dir='ltr'><strong><em>haec</em></strong></span> <span class='ocrx_word' id='word_1_161' title='bbox 981 1824 1129 1861; x_wconf 87' lang='lat' dir='ltr'><strong><em>versa</em></strong></span> <span class='ocrx_word' id='word_1_162' title='bbox 1174 1823 1290 1860; x_wconf 92' lang='lat' dir='ltr'><strong><em>esse</em></strong></span> <span class='ocrx_word' id='word_1_163' title='bbox 1340 1814 1393 1860; x_wconf 89' lang='lat' dir='ltr'><strong><em>et</em></strong></span> <span class='ocrx_word' id='word_1_164' title='bbox 1434 1807 1544 1879; x_wconf 88' lang='lat' dir='ltr'><strong><em>ipsa</em></strong></span> <span class='ocrx_word' id='word_1_165' title='bbox 1592 1825 1676 1862; x_wconf 89' lang='lat' dir='ltr'><strong><em>res</em></strong></span> <span class='ocrx_word' id='word_1_166' title='bbox 1724 1816 1777 1864; x_wconf 87' lang='lat' dir='ltr'><strong><em>et</em></strong></span> <span class='ocrx_word' id='word_1_167' title='bbox 1824 1812 2083 1866; x_wconf 87' lang='lat' dir='ltr'><strong><em>orationis</em></strong></span> 
     </span>
     <span class='ocr_line' id='line_1_19' title="bbox 94 1894 2079 1967; baseline 0.001 -13"><span class='ocrx_word' id='word_1_168' title='bbox 94 1899 315 1954; x_wconf 87' lang='lat' dir='ltr'><strong><em>Latinae</em></strong></span> <span class='ocrx_word' id='word_1_169' title='bbox 362 1897 508 1952; x_wconf 91' lang='lat' dir='ltr'><strong><em>color</em></strong></span> <span class='ocrx_word' id='word_1_170' title='bbox 546 1903 801 1967; x_wconf 87' lang='lat' dir='ltr'><strong><em>arguunt.</em></strong></span> <span class='ocrx_word' id='word_1_171' title='bbox 899 1896 1154 1966; x_wconf 91' lang='lat' dir='ltr'><strong><em>Suspicor</em></strong></span> <span class='ocrx_word' id='word_1_172' title='bbox 1199 1910 1415 1947; x_wconf 86' lang='lat' dir='ltr'><strong><em>versum</em></strong></span> <span class='ocrx_word' id='word_1_173' title='bbox 1469 1894 1731 1951; x_wconf 89' lang='lat' dir='ltr'><strong><em>Graecum</em></strong></span> <span class='ocrx_word' id='word_1_174' title='bbox 1780 1896 1944 1955; x_wconf 78' lang='lat' dir='ltr'><strong><em>fuisse</em></strong></span> <span class='ocrx_word' id='word_1_175' title='bbox 1986 1898 2079 1955; x_wconf 89' lang='lat' dir='ltr'><strong><em>bu·</em></strong></span> 
     </span>
     <span class='ocr_line' id='line_1_20' title="bbox 98 1985 361 2042; baseline -0.011 0"><span class='ocrx_word' id='word_1_176' title='bbox 98 1985 361 2042; x_wconf 89' lang='lat' dir='ltr'><strong><em>iusmodi:</em></strong></span> 
     </span>
     <span class='ocr_line' id='line_1_21' title="bbox 398 2070 1795 2139; baseline 0.001 -12"><span class='ocrx_word' id='word_1_177' title='bbox 398 2074 485 2127; x_wconf 80' lang='grc' dir='ltr'><strong><em>τὸν</em></strong></span> <span class='ocrx_word' id='word_1_178' title='bbox 526 2073 721 2135; x_wconf 71' lang='grc' dir='ltr'><em>Κάννης</em></span> <span class='ocrx_word' id='word_1_179' title='bbox 764 2072 1035 2138; x_wconf 81' lang='grc' dir='ltr'><strong><em>ποταμὸν,</em></strong></span> <span class='ocrx_word' id='word_1_180' title='bbox 1078 2070 1419 2139; x_wconf 76' lang='grc' dir='ltr'><em>Τροιηγενές,</em></span> <span class='ocrx_word' id='word_1_181' title='bbox 1461 2070 1795 2135; x_wconf 68' lang='grc' dir='ltr'><strong><em>ἐξαλέασθαι.</em></strong></span> 
     </span>
     <span class='ocr_line' id='line_1_22' title="bbox 99 2159 2083 2234; baseline 0.001 -18"><span class='ocrx_word' id='word_1_182' title='bbox 99 2162 231 2231; x_wconf 87' lang='lat' dir='ltr'><strong><em>Quis</em></strong></span> <span class='ocrx_word' id='word_1_183' title='bbox 281 2161 569 2232; x_wconf 75' lang='lat' dir='ltr'><strong><em>Troiuqena</em></strong></span> <span class='ocrx_word' id='word_1_184' title='bbox 598 2160 813 2214; x_wconf 86' lang='lat' dir='ltr'><strong><em>dicatur</em></strong></span> <span class='ocrx_word' id='word_1_185' title='bbox 853 2175 1009 2213; x_wconf 89' lang='lat' dir='ltr'><strong><em>nemo</em></strong></span> <span class='ocrx_word' id='word_1_186' title='bbox 1052 2174 1306 2228; x_wconf 89' lang='lat' dir='ltr'><strong><em>umquam</em></strong></span> <span class='ocrx_word' id='word_1_187' title='bbox 1354 2159 1406 2211; x_wconf 93' lang='lat' dir='ltr'><strong><em>in</em></strong></span> <span class='ocrx_word' id='word_1_188' title='bbox 1452 2159 1604 2214; x_wconf 87' lang='lat' dir='ltr'><strong><em>Livio</em></strong></span> <span class='ocrx_word' id='word_1_189' title='bbox 1644 2161 1867 2233; x_wconf 81' lang='lat' dir='ltr'><strong><em>legendo</em></strong></span> <span class='ocrx_word' id='word_1_190' title='bbox 1907 2165 2083 2234; x_wconf 90' lang='lat' dir='ltr'><strong><em>potuit</em></strong></span> 
     </span>
     <span class='ocr_line' id='line_1_23' title="bbox 98 2245 2084 2321; baseline 0 -15"><span class='ocrx_word' id='word_1_191' title='bbox 98 2258 192 2306; x_wconf 88' lang='lat' dir='ltr'><strong><em>aut</em></strong></span> <span class='ocrx_word' id='word_1_192' title='bbox 240 2249 436 2321; x_wconf 85' lang='lat' dir='ltr'><strong><em>poterit</em></strong></span> <span class='ocrx_word' id='word_1_193' title='bbox 486 2249 708 2303; x_wconf 89' lang='lat' dir='ltr'><strong><em>nescire.</em></strong></span> <span class='ocrx_word' id='word_1_194' title='bbox 789 2247 859 2301; x_wconf 89' lang='lat' dir='ltr'><strong><em>Et</em></strong></span> <span class='ocrx_word' id='word_1_195' title='bbox 906 2253 1086 2300; x_wconf 85' lang='lat' dir='ltr'><strong><em>tamen</em></strong></span> <span class='ocrx_word' id='word_1_196' title='bbox 1130 2245 1292 2299; x_wconf 90' lang='lat' dir='ltr'><strong><em>etiam</em></strong></span> <span class='ocrx_word' id='word_1_197' title='bbox 1335 2245 1640 2302; x_wconf 89' lang='lat' dir='ltr'><strong><em>evidentius</em></strong></span> <span class='ocrx_word' id='word_1_198' title='bbox 1680 2250 1821 2321; x_wconf 90' lang='lat' dir='ltr'><strong><em>apud</em></strong></span> <span class='ocrx_word' id='word_1_199' title='bbox 1871 2251 2084 2307; x_wconf 88' lang='lat' dir='ltr'><strong><em>Livium</em></strong></span> 
     </span>
     <span class='ocr_line' id='line_1_24' title="bbox 96 2332 2083 2408; baseline 0.002 -16"><span class='ocrx_word' id='word_1_200' title='bbox 96 2336 359 2393; x_wconf 84' lang='lat' dir='ltr'><strong><em>emblema</em></strong></span> <span class='ocrx_word' id='word_1_201' title='bbox 399 2343 510 2401; x_wconf 84' lang='lat' dir='ltr'><strong><em>est,</em></strong></span> <span class='ocrx_word' id='word_1_202' title='bbox 551 2336 606 2390; x_wconf 91' lang='grc'><strong><em>111</em></strong></span> <span class='ocrx_word' id='word_1_203' title='bbox 639 2352 745 2407; x_wconf 85' lang='grc'>(1110</span> <span class='ocrx_word' id='word_1_204' title='bbox 777 2333 1065 2388; x_wconf 88' lang='lat' dir='ltr'><strong><em>indicando</em></strong></span> <span class='ocrx_word' id='word_1_205' title='bbox 1102 2333 1260 2386; x_wconf 88' lang='lat' dir='ltr'><strong><em>finem</em></strong></span> <span class='ocrx_word' id='word_1_206' title='bbox 1300 2332 1512 2388; x_wconf 84' lang='lat' dir='ltr'><strong><em>faciam.</em></strong></span> <span class='ocrx_word' id='word_1_207' title='bbox 1592 2336 1815 2408; x_wconf 85' lang='lat' dir='ltr'><strong><em>Legitur</em></strong></span> <span class='ocrx_word' id='word_1_208' title='bbox 1834 2339 1921 2393; x_wconf 93' lang='lat' dir='ltr'><strong><em>VI.</em></strong></span> <span class='ocrx_word' id='word_1_209' title='bbox 1953 2344 1996 2393; x_wconf 91' lang='lat'><strong><em>1.</em></strong></span> <span class='ocrx_word' id='word_1_210' title='bbox 2022 2341 2083 2408; x_wconf 83' lang='lat' dir='ltr'><strong><em>Q.</em></strong></span> 
     </span>
     <span class='ocr_line' id='line_1_25' title="bbox 97 2420 2084 2498; baseline 0.002 -19"><span class='ocrx_word' id='word_1_211' title='bbox 97 2424 261 2479; x_wconf 80' lang='lat' dir='ltr'><strong><em>Fabio</em></strong></span> <span class='ocrx_word' id='word_1_212' title='bbox 306 2460 379 2468; x_wconf 91' lang='lat'><strong>—</strong></span> <span class='ocrx_word' id='word_1_213' title='bbox 414 2424 557 2478; x_wconf 79' lang='lat' dir='ltr'><strong><em>dicta</em></strong></span> <span class='ocrx_word' id='word_1_214' title='bbox 588 2422 698 2477; x_wconf 82' lang='lat' dir='ltr'><strong><em>dies</em></strong></span> <span class='ocrx_word' id='word_1_215' title='bbox 739 2431 846 2484; x_wconf 79' lang='lat' dir='ltr'><strong><em>est,</em></strong></span> <span class='ocrx_word' id='word_1_216' title='bbox 891 2422 1027 2494; x_wconf 84' lang='lat' dir='ltr'><strong><em>quod</em></strong></span> <span class='ocrx_word' id='word_1_217' title='bbox 1067 2420 1321 2495; x_wconf 83' lang='lat' dir='ltr'><strong><em>[legatus]</em></strong></span> <span class='ocrx_word' id='word_1_218' title='bbox 1367 2422 1422 2474; x_wconf 78' lang='lat' dir='ltr'><strong><em>in</em></strong></span> <span class='ocrx_word' id='word_1_219' title='bbox 1462 2422 1663 2490; x_wconf 86' lang='lat' dir='ltr'><strong><em>Gallos,</em></strong></span> <span class='ocrx_word' id='word_1_220' title='bbox 1702 2425 1772 2478; x_wconf 85' lang='lat' dir='ltr'><strong><em>ad</em></strong></span> <span class='ocrx_word' id='word_1_221' title='bbox 1803 2445 1930 2498; x_wconf 84' lang='lat' dir='ltr'><strong><em>quos</em></strong></span> <span class='ocrx_word' id='word_1_222' title='bbox 1960 2428 2084 2482; x_wconf 79' lang='lat' dir='ltr'><strong><em>mis·</em></strong></span> 
     </span>
     <span class='ocr_line' id='line_1_26' title="bbox 97 2510 2086 2585; baseline 0.002 -18"><span class='ocrx_word' id='word_1_223' title='bbox 97 2531 187 2567; x_wconf 75' lang='lat' dir='ltr'><strong><em>sus</em></strong></span> <span class='ocrx_word' id='word_1_224' title='bbox 227 2521 339 2585; x_wconf 82' lang='lat' dir='ltr'><strong><em>erat</em></strong></span> <span class='ocrx_word' id='word_1_225' title='bbox 385 2521 583 2575; x_wconf 82' lang='lat' dir='ltr'><strong><em>orator,</em></strong></span> <span class='ocrx_word' id='word_1_226' title='bbox 631 2518 809 2566; x_wconf 79' lang='lat' dir='ltr'><strong><em>contra</em></strong></span> <span class='ocrx_word' id='word_1_227' title='bbox 855 2511 939 2563; x_wconf 84' lang='lat' dir='ltr'><strong><em>ius</em></strong></span> <span class='ocrx_word' id='word_1_228' title='bbox 983 2510 1214 2580; x_wconf 77' lang='lat' dir='ltr'><strong><em>qenlium</em></strong></span> <span class='ocrx_word' id='word_1_229' title='bbox 1252 2519 1551 2581; x_wconf 73' lang='lat' dir='ltr'><strong><em>puynassec.</em></strong></span> <span class='ocrx_word' id='word_1_230' title='bbox 1643 2513 1806 2568; x_wconf 91' lang='lat' dir='ltr'><strong><em>Vides</em></strong></span> <span class='ocrx_word' id='word_1_231' title='bbox 1854 2514 2086 2585; x_wconf 85' lang='lat' dir='ltr'><strong><em>glossam</em></strong></span> 
     </span>
     <span class='ocr_line' id='line_1_27' title="bbox 99 2596 2088 2676; baseline 0.003 -21"><span class='ocrx_word' id='word_1_232' title='bbox 99 2601 300 2674; x_wconf 70' lang='lat' dir='ltr'><strong><em>leqatas</em></strong></span> <span class='ocrx_word' id='word_1_233' title='bbox 344 2601 469 2655; x_wconf 89' lang='lat' dir='ltr'><strong><em>olim</em></strong></span> <span class='ocrx_word' id='word_1_234' title='bbox 521 2599 586 2654; x_wconf 91' lang='lat' dir='ltr'><strong><em>ad</em></strong></span> <span class='ocrx_word' id='word_1_235' title='bbox 637 2608 810 2654; x_wconf 80' lang='lat' dir='ltr'><strong><em>orator</em></strong></span> <span class='ocrx_word' id='word_1_236' title='bbox 851 2598 1180 2670; x_wconf 86' lang='lat' dir='ltr'><strong><em>adscriptam</em></strong></span> <span class='ocrx_word' id='word_1_237' title='bbox 1225 2596 1522 2668; x_wconf 85' lang='lat' dir='ltr'><strong><em>perdidisse</em></strong></span> <span class='ocrx_word' id='word_1_238' title='bbox 1563 2603 1760 2658; x_wconf 88' lang='lat' dir='ltr'><strong><em>omnia.</em></strong></span> <span class='ocrx_word' id='word_1_239' title='bbox 1841 2602 2088 2676; x_wconf 75' lang='lat' dir='ltr'><strong><em>Puqnare</em></strong></span> 
     </span>
     <span class='ocr_line' id='line_1_28' title="bbox 96 2686 2084 2761; baseline 0.002 -18"><span class='ocrx_word' id='word_1_240' title='bbox 96 2690 152 2743; x_wconf 79' lang='lat' dir='ltr'><strong><em>in</em></strong></span> <span class='ocrx_word' id='word_1_241' title='bbox 187 2689 384 2744; x_wconf 78' lang='lat' dir='ltr'><strong><em>hostem</em></strong></span> <span class='ocrx_word' id='word_1_242' title='bbox 420 2687 549 2761; x_wconf 91' lang='lat' dir='ltr'><strong><em>quid</em></strong></span> <span class='ocrx_word' id='word_1_243' title='bbox 589 2689 659 2742; x_wconf 88' lang='lat' dir='ltr'><strong><em>sit</em></strong></span> <span class='ocrx_word' id='word_1_244' title='bbox 682 2687 748 2741; x_wconf 88' lang='lat' dir='ltr'><strong><em>iis</em></strong></span> <span class='ocrx_word' id='word_1_245' title='bbox 768 2687 860 2759; x_wconf 90' lang='lat' dir='ltr'><strong><em>qui</em></strong></span> <span class='ocrx_word' id='word_1_246' title='bbox 883 2687 1094 2741; x_wconf 89' lang='lat' dir='ltr'><strong><em>Livium</em></strong></span> <span class='ocrx_word' id='word_1_247' title='bbox 1121 2686 1309 2758; x_wconf 85' lang='lat' dir='ltr'><strong><em>legunt</em></strong></span> <span class='ocrx_word' id='word_1_248' title='bbox 1333 2688 1674 2743; x_wconf 88' lang='lat' dir='ltr'><strong><em>notissimum</em></strong></span> <span class='ocrx_word' id='word_1_249' title='bbox 1711 2696 1827 2756; x_wconf 88' lang='lat' dir='ltr'><strong><em>est,</em></strong></span> <span class='ocrx_word' id='word_1_250' title='bbox 1862 2691 1968 2745; x_wconf 88' lang='lat' dir='ltr'><strong><em>vid.</em></strong></span> <span class='ocrx_word' id='word_1_251' title='bbox 1991 2692 2084 2747; x_wconf 88' lang='lat'><strong><em>111.</em></strong></span> 
     </span>
     <span class='ocr_line' id='line_1_29' title="bbox 104 2773 2084 2835; baseline 0.002 -3"><span class='ocrx_word' id='word_1_252' title='bbox 104 2780 192 2833; x_wconf 81' lang='lat'><strong><em>12.</em></strong></span> <span class='ocrx_word' id='word_1_253' title='bbox 236 2777 376 2832; x_wconf 87' lang='lat' dir='ltr'>v111.</span> <span class='ocrx_word' id='word_1_254' title='bbox 415 2775 457 2831; x_wconf 60' lang='lat'><strong><em>6·</em></strong></span> <span class='ocrx_word' id='word_1_255' title='bbox 485 2782 539 2830; x_wconf 89' lang='lat' dir='ltr'><strong><em>et</em></strong></span> <span class='ocrx_word' id='word_1_256' title='bbox 581 2780 611 2830; x_wconf 92' lang='lat'><strong>7</strong></span> <span class='ocrx_word' id='word_1_257' title='bbox 653 2781 708 2830; x_wconf 91' lang='lat' dir='ltr'><strong><em>et</em></strong></span> <span class='ocrx_word' id='word_1_258' title='bbox 745 2773 889 2828; x_wconf 88' lang='lat' dir='ltr'><strong><em>alibi.</em></strong></span> <span class='ocrx_word' id='word_1_259' title='bbox 971 2773 1075 2830; x_wconf 88' lang='lat' dir='ltr'><strong><em>Sed</em></strong></span> <span class='ocrx_word' id='word_1_260' title='bbox 1121 2774 1187 2829; x_wconf 91' lang='lat' dir='ltr'><strong><em>ad</em></strong></span> <span class='ocrx_word' id='word_1_261' title='bbox 1228 2775 1580 2831; x_wconf 88' lang='lat' dir='ltr'><strong><em>Menandrum</em></strong></span> <span class='ocrx_word' id='word_1_262' title='bbox 1630 2779 1935 2834; x_wconf 85' lang='lat' dir='ltr'><strong><em>revertendi</em></strong></span> <span class='ocrx_word' id='word_1_263' title='bbox 1978 2781 2084 2835; x_wconf 91' lang='lat' dir='ltr'><strong><em>iam</em></strong></span> 
     </span>
     <span class='ocr_line' id='line_1_30' title="bbox 100 2862 2085 2938; baseline 0.001 -17"><span class='ocrx_word' id='word_1_264' title='bbox 100 2873 314 2938; x_wconf 83' lang='lat' dir='ltr'><strong><em>tempus</em></strong></span> <span class='ocrx_word' id='word_1_265' title='bbox 356 2872 476 2930; x_wconf 89' lang='lat' dir='ltr'><strong><em>est,</em></strong></span> <span class='ocrx_word' id='word_1_266' title='bbox 513 2865 606 2936; x_wconf 84' lang='lat' dir='ltr'><strong><em>qui</em></strong></span> <span class='ocrx_word' id='word_1_267' title='bbox 642 2862 868 2918; x_wconf 88' lang='lat' dir='ltr'><strong><em>barbare</em></strong></span> <span class='ocrx_word' id='word_1_268' title='bbox 897 2862 1097 2917; x_wconf 83' lang='lat' dir='ltr'><strong><em>dixisse</em></strong></span> <span class='ocrx_word' id='word_1_269' title='bbox 1136 2862 1378 2918; x_wconf 86' lang='lat' dir='ltr'><strong><em>creditur</em></strong></span> <span class='ocrx_word' id='word_1_270' title='bbox 1417 2863 1708 2931; x_wconf 71' lang='grc' dir='ltr'><strong><em>ἐγαμησα,</em></strong></span> <span class='ocrx_word' id='word_1_271' title='bbox 1750 2872 1885 2923; x_wconf 91' lang='lat' dir='ltr'><strong><em>teste</em></strong></span> <span class='ocrx_word' id='word_1_272' title='bbox 1926 2868 2085 2924; x_wconf 87' lang='lat' dir='ltr'><strong><em>Sobo-</em></strong></span> 
     </span>
     <span class='ocr_line' id='line_1_31' title="bbox 101 2949 1133 3024; baseline -0.003 -16"><span class='ocrx_word' id='word_1_273' title='bbox 101 2952 256 3009; x_wconf 83' lang='lat' dir='ltr'><strong><em>liasta</em></strong></span> <span class='ocrx_word' id='word_1_274' title='bbox 295 2953 556 3024; x_wconf 89' lang='lat' dir='ltr'><strong><em>Lipsiensi</em></strong></span> <span class='ocrx_word' id='word_1_275' title='bbox 598 2950 664 3005; x_wconf 89' lang='lat' dir='ltr'><strong><em>ad</em></strong></span> <span class='ocrx_word' id='word_1_276' title='bbox 699 2949 847 3007; x_wconf 85' lang='lat' dir='ltr'><strong><em>Iliad.</em></strong></span> <span class='ocrx_word' id='word_1_277' title='bbox 888 2950 949 3013; x_wconf 91' lang='lat'><strong><em>1,</em></strong></span> <span class='ocrx_word' id='word_1_278' title='bbox 995 2954 1133 3005; x_wconf 87' lang='lat'>594:</span> 
     </span>
     <span class='ocr_line' id='line_1_32' title="bbox 249 3038 1853 3106; baseline 0.001 -10"><span class='ocrx_word' id='word_1_279' title='bbox 249 3042 456 3103; x_wconf 79' lang='grc' dir='ltr'><strong><em>Πηλεύς</em></strong></span> <span class='ocrx_word' id='word_1_280' title='bbox 496 3042 582 3104; x_wconf 75' lang='grc' dir='ltr'><strong><em>θήν</em></strong></span> <span class='ocrx_word' id='word_1_281' title='bbox 620 3060 706 3106; x_wconf 83' lang='grc' dir='ltr'><strong><em>μοι</em></strong></span> <span class='ocrx_word' id='word_1_282' title='bbox 748 3039 932 3094; x_wconf 78' lang='grc' dir='ltr'><strong><em>ἔπειτα</em></strong></span> <span class='ocrx_word' id='word_1_283' title='bbox 973 3038 1203 3105; x_wconf 69' lang='grc' dir='ltr'><strong><em>γυναῖκα</em></strong></span> <span class='ocrx_word' id='word_1_284' title='bbox 1243 3059 1310 3104; x_wconf 76' lang='grc' dir='ltr'><strong><em>γε</em></strong></span> <span class='ocrx_word' id='word_1_285' title='bbox 1350 3038 1619 3105; x_wconf 71' lang='grc' dir='ltr'><strong><em>μάσσεται</em></strong></span> <span class='ocrx_word' id='word_1_286' title='bbox 1659 3042 1816 3103; x_wconf 81' lang='grc' dir='ltr'><strong><em>αὐτός</em></strong></span> <span class='ocrx_word' id='word_1_287' title='bbox 1841 3084 1853 3096; x_wconf 94' lang='grc'>.</span> 
     </span>
    </p>

    <p class='ocr_par' dir='ltr' id='par_1_3' title="bbox 100 3127 2094 3641">
     <span class='ocr_line' id='line_1_33' title="bbox 100 3127 2085 3202; baseline 0.001 -17"><span class='ocrx_word' id='word_1_288' title='bbox 100 3131 195 3202; x_wconf 79' lang='lat' dir='ltr'><strong><em>qui</em></strong></span> <span class='ocrx_word' id='word_1_289' title='bbox 230 3128 517 3201; x_wconf 83' lang='lat' dir='ltr'><strong><em>depravata</em></strong></span> <span class='ocrx_word' id='word_1_290' title='bbox 551 3127 678 3183; x_wconf 91' lang='lat' dir='ltr'><strong><em>olim</em></strong></span> <span class='ocrx_word' id='word_1_291' title='bbox 714 3127 984 3200; x_wconf 87' lang='lat' dir='ltr'><strong><em>scriptura</em></strong></span> <span class='ocrx_word' id='word_1_292' title='bbox 1012 3128 1347 3194; x_wconf 72' lang='grc' dir='ltr'><strong><em>γαμὲσσεται</em></strong></span> <span class='ocrx_word' id='word_1_293' title='bbox 1382 3145 1514 3182; x_wconf 86' lang='grc'>113113</span> <span class='ocrx_word' id='word_1_294' title='bbox 1548 3130 1824 3184; x_wconf 89' lang='lat' dir='ltr'><strong><em>annotavit</em></strong></span> <span class='ocrx_word' id='word_1_295' title='bbox 1857 3132 2085 3186; x_wconf 77' lang='grc' dir='ltr'><em>ἐντεῦθεν</em></span> 
     </span>
     <span class='ocr_line' id='line_1_34' title="bbox 101 3211 2084 3289; baseline 0 -16"><span class='ocrx_word' id='word_1_296' title='bbox 101 3218 268 3284; x_wconf 76' lang='grc' dir='ltr'><strong><em>ἔλαβε</em></strong></span> <span class='ocrx_word' id='word_1_297' title='bbox 298 3218 587 3286; x_wconf 73' lang='grc' dir='ltr'><strong><em>Μένανδρος</em></strong></span> <span class='ocrx_word' id='word_1_298' title='bbox 621 3216 707 3271; x_wconf 80' lang='grc' dir='ltr'><strong><em>τό·</em></strong></span> <span class='ocrx_word' id='word_1_299' title='bbox 749 3214 1076 3282; x_wconf 69' lang='grc' dir='ltr'><strong><em>ἐγάμησεν</em></strong></span> <span class='ocrx_word' id='word_1_300' title='bbox 1116 3211 1179 3278; x_wconf 78' lang='grc' dir='ltr'><strong><em>ἣν</em></strong></span> <span class='ocrx_word' id='word_1_301' title='bbox 1217 3215 1575 3282; x_wconf 77' lang='grc' dir='ltr'><em>ἐβουλόμην</em></span> <span class='ocrx_word' id='word_1_302' title='bbox 1616 3218 1768 3283; x_wconf 73' lang='grc' dir='ltr'><strong><em>ἐγώ,</em></strong></span> <span class='ocrx_word' id='word_1_303' title='bbox 1813 3235 1949 3289; x_wconf 82' lang='lat' dir='ltr'><strong><em>quae</em></strong></span> <span class='ocrx_word' id='word_1_304' title='bbox 1982 3236 2084 3272; x_wconf 88' lang='lat' dir='ltr'><strong><em>non</em></strong></span> 
     </span>
     <span class='ocr_line' id='line_1_35' title="bbox 105 3303 2085 3377; baseline -0.001 -17"><span class='ocrx_word' id='word_1_305' title='bbox 105 3321 211 3360; x_wconf 89' lang='lat' dir='ltr'><strong><em>uno</em></strong></span> <span class='ocrx_word' id='word_1_306' title='bbox 251 3306 467 3359; x_wconf 89' lang='lat' dir='ltr'><strong><em>nomine</em></strong></span> <span class='ocrx_word' id='word_1_307' title='bbox 507 3305 803 3377; x_wconf 88' lang='lat' dir='ltr'><strong><em>suspiciosa</em></strong></span> <span class='ocrx_word' id='word_1_308' title='bbox 837 3310 981 3359; x_wconf 90' lang='lat' dir='ltr'><strong><em>sunt.</em></strong></span> <span class='ocrx_word' id='word_1_309' title='bbox 1036 3303 1111 3359; x_wconf 91' lang='lat' dir='ltr'><strong><em>Ne</em></strong></span> <span class='ocrx_word' id='word_1_310' title='bbox 1132 3303 1305 3358; x_wconf 90' lang='lat' dir='ltr'><strong><em>dicam</em></strong></span> <span class='ocrx_word' id='word_1_311' title='bbox 1331 3304 1684 3359; x_wconf 85' lang='lat' dir='ltr'><strong><em>Menandrum</em></strong></span> <span class='ocrx_word' id='word_1_312' title='bbox 1721 3306 1861 3377; x_wconf 87' lang='lat' dir='ltr'><strong><em>apud</em></strong></span> <span class='ocrx_word' id='word_1_313' title='bbox 1903 3307 2085 3360; x_wconf 89' lang='lat' dir='ltr'><strong><em>Home-</em></strong></span> 
     </span>
     <span class='ocr_line' id='line_1_36' title="bbox 106 3390 2087 3464; baseline 0 -16"><span class='ocrx_word' id='word_1_314' title='bbox 106 3409 227 3448; x_wconf 84' lang='lat' dir='ltr'><strong><em>rum</em></strong></span> <span class='ocrx_word' id='word_1_315' title='bbox 260 3414 327 3460; x_wconf 71' lang='grc' dir='ltr'><strong><em>γε</em></strong></span> <span class='ocrx_word' id='word_1_316' title='bbox 358 3392 628 3458; x_wconf 71' lang='grc' dir='ltr'><strong><em>μάσσεται</em></strong></span> <span class='ocrx_word' id='word_1_317' title='bbox 674 3391 867 3464; x_wconf 84' lang='lat' dir='ltr'><strong><em>legisse</em></strong></span> <span class='ocrx_word' id='word_1_318' title='bbox 911 3397 964 3445; x_wconf 87' lang='lat' dir='ltr'><strong><em>et</em></strong></span> <span class='ocrx_word' id='word_1_319' title='bbox 1005 3390 1057 3445; x_wconf 91' lang='lat' dir='ltr'><strong><em>id</em></strong></span> <span class='ocrx_word' id='word_1_320' title='bbox 1101 3391 1240 3463; x_wconf 87' lang='lat' dir='ltr'><strong><em>quod</em></strong></span> <span class='ocrx_word' id='word_1_321' title='bbox 1282 3391 1479 3447; x_wconf 86' lang='lat' dir='ltr'><strong><em>dixisse</em></strong></span> <span class='ocrx_word' id='word_1_322' title='bbox 1519 3392 1720 3447; x_wconf 82' lang='lat' dir='ltr'><strong><em>dicitur</em></strong></span> <span class='ocrx_word' id='word_1_323' title='bbox 1749 3393 1948 3464; x_wconf 80' lang='lat' dir='ltr'><strong><em>absque</em></strong></span> <span class='ocrx_word' id='word_1_324' title='bbox 1987 3394 2087 3448; x_wconf 87' lang='lat' dir='ltr'><strong><em>Ho-</em></strong></span> 
     </span>
     <span class='ocr_line' id='line_1_37' title="bbox 107 3479 2088 3553; baseline 0.002 -18"><span class='ocrx_word' id='word_1_325' title='bbox 107 3497 255 3536; x_wconf 88' lang='lat' dir='ltr'><strong><em>mero</em></strong></span> <span class='ocrx_word' id='word_1_326' title='bbox 289 3479 512 3544; x_wconf 86' lang='lat' dir='ltr'><strong><em>dixisse,</em></strong></span> <span class='ocrx_word' id='word_1_327' title='bbox 552 3487 659 3536; x_wconf 88' lang='lat' dir='ltr'><strong><em>tam</em></strong></span> <span class='ocrx_word' id='word_1_328' title='bbox 702 3480 833 3535; x_wconf 83' lang='lat' dir='ltr'><strong><em>levis</em></strong></span> <span class='ocrx_word' id='word_1_329' title='bbox 876 3486 959 3534; x_wconf 85' lang='lat' dir='ltr'><strong><em>est</em></strong></span> <span class='ocrx_word' id='word_1_330' title='bbox 1001 3488 1190 3534; x_wconf 87' lang='lat' dir='ltr'><strong><em>auctor</em></strong></span> <span class='ocrx_word' id='word_1_331' title='bbox 1235 3479 1569 3535; x_wconf 86' lang='lat' dir='ltr'><strong><em>Scholiorum</em></strong></span> <span class='ocrx_word' id='word_1_332' title='bbox 1602 3481 1986 3553; x_wconf 87' lang='lat' dir='ltr'><strong><em>Lipsiensium‚</em></strong></span> <span class='ocrx_word' id='word_1_333' title='bbox 2029 3490 2088 3538; x_wconf 87' lang='lat' dir='ltr'><strong><em>ut</em></strong></span> 
     </span>
     <span class='ocr_line' id='line_1_38' title="bbox 108 3567 2094 3641; baseline 0.002 -20"><span class='ocrx_word' id='word_1_334' title='bbox 108 3569 155 3621; x_wconf 87' lang='lat' dir='ltr'><strong><em>ci</em></strong></span> <span class='ocrx_word' id='word_1_335' title='bbox 193 3567 288 3623; x_wconf 88' lang='lat' dir='ltr'><strong><em>soli</em></strong></span> <span class='ocrx_word' id='word_1_336' title='bbox 338 3568 483 3623; x_wconf 84' lang='lat' dir='ltr'><strong><em>credi</em></strong></span> <span class='ocrx_word' id='word_1_337' title='bbox 524 3587 626 3624; x_wconf 91' lang='lat' dir='ltr'><strong><em>non</em></strong></span> <span class='ocrx_word' id='word_1_338' title='bbox 665 3568 831 3641; x_wconf 87' lang='lat' dir='ltr'><strong><em>possit</em></strong></span> <span class='ocrx_word' id='word_1_339' title='bbox 863 3569 1151 3623; x_wconf 84' lang='lat' dir='ltr'><strong><em>immanem</em></strong></span> <span class='ocrx_word' id='word_1_340' title='bbox 1191 3567 1583 3623; x_wconf 81' lang='lat' dir='ltr'><strong><em>barbarismum</em></strong></span> <span class='ocrx_word' id='word_1_341' title='bbox 1626 3576 1810 3639; x_wconf 72' lang='lat' dir='ltr'><strong><em>poetae</em></strong></span> <span class='ocrx_word' id='word_1_342' title='bbox 1846 3571 2094 3640; x_wconf 83' lang='lat' dir='ltr'><strong><em>quamvis</em></strong></span> 
     </span>
    </p>
   </div>
  </div>
 </body>
</html>
