2436 4068
1081 198 1147 248 51

132 340 333 415 duplici
373 342 439 398 de
479 356 641 396 causa
678 340 925 395 futurum
973 341 1273 396 ἐκδύο-εσθαι
1329 357 1445 396 esse
1499 342 1891 407 necessarium,
1947 346 2124 400 couci-

129 433 285 503 piunt
331 430 511 484 animo
566 431 869 501 opinionem
918 436 971 484 et
1019 446 1114 500 per
1168 446 1224 483 se
1271 445 1462 500 parum
1505 428 1830 500 probabilem
1875 438 1929 485 et
1968 432 2125 503 plane

128 517 318 573 salsam
365 517 534 572 hanc:
578 516 799 588 perinde
836 532 953 571 esse
990 523 1173 569 utrum
1213 517 1412 572 Graece
1450 517 1653 571 ἐκδῦναι
1701 533 1766 571 an
1809 518 2121 574 ἐκδύσασθαι

127 604 370 669 dicatur,
411 612 464 660 ct
498 612 784 675 utramque
822 603 1051 658 formam
1089 605 1249 657 simul
1283 604 1425 676 apud
1460 604 1672 659 eosdem
1711 604 1874 660 fuisse
1909 607 1964 659 in
2002 623 2122 661 usu.

130 692 227 747 Ubi
280 694 445 747 istum
496 709 734 748 errorem
783 691 1043 745 diuturna
1097 693 1407 762 sequiorum
1456 691 1615 747 lectio
1661 692 1796 746 aluit
1839 699 1893 748 et
1933 694 2123 749 confir·

124 781 293 835 mavit
332 797 437 833 non
478 779 631 834 facile
671 779 947 840 evellitur,
991 784 1047 832 at
1082 779 1128 832 si
1170 779 1292 849 quis
1332 796 1449 833 eam
1488 796 1602 834 rem
1644 779 1933 851 diligenter
1972 781 2121 836 inda-

125 885 255 941 gare
292 867 433 922 volet
472 867 524 921 id
566 868 744 939 ipsum
786 867 1079 938 comperiet
1118 866 1261 937 quod
1302 883 1446 921 nunc
1487 868 1646 922 verbo
1684 875 1895 924 tantum
1942 868 2121 924 admo·

125 973 356 1018 nemuS,
413 954 675 1021 ἕδνα-ἀμην
730 962 784 1010 et
842 955 1135 1026 composita
1196 955 1376 1008 omnia
1420 957 1731 1026 sequiorum
1784 973 1928 1022 esse,
1981 958 2122 1030 apud

123 1051 334 1098 veteres
360 1033 616 1115 nusquam
654 1050 943 1114 usurpata,
983 1049 1037 1097 et
1063 1041 1253 1111 ἕφύην,
1293 1047 1488 1111 φυῆναι
1520 1049 1573 1097 et
1604 1045 1755 1112 φυείς
1789 1045 1932 1116 apud
1962 1045 2121 1102 Grae·

123 1131 371 1187 culorum
430 1131 632 1186 faecem
673 1130 891 1185 demum
942 1129 1347 1202 propullulasse.
1428 1129 1715 1184 Ridebitur
1776 1137 1906 1186 tunc
1963 1134 2119 1188 Euri-

123 1218 265 1291 pidis
302 1219 605 1274 versiculus
643 1219 698 1273 in
741 1235 846 1290 quo
880 1218 1032 1288 φυείς
1073 1217 1311 1288 legatur,
1353 1223 1406 1271 et
1443 1218 1488 1270 si
1529 1217 1670 1289 quod
1711 1219 1888 1275 simile
1926 1222 2119 1277 vitium

122 1306 344 1362 Veteres
397 1307 570 1362 inficit
621 1307 869 1372 tolletur,
907 1306 1016 1360 vid.
1096 1305 1324 1360 Dobraei
1369 1305 1589 1360 AdverS.
1637 1306 1704 1361 lI.
1749 1324 1802 1378 p.
1846 1311 1973 1363 281.
2053 1311 2122 1364 Et

118 1399 316 1464 φυῆναι
361 1394 580 1467 quidem
629 1396 757 1467 quia
798 1394 1196 1449 abiectissimae
1250 1393 1574 1449 Graecitatis
1623 1403 1706 1450 est
1744 1396 2024 1453 rarissime
2065 1399 2115 1452 in

119 1481 284 1538 libros
322 1483 481 1555 paulo
520 1484 767 1538 meliores
808 1484 1052 1554 irrepsit,
1093 1480 1185 1536 sed
1230 1482 1483 1536 δύσασθαι
1531 1484 1785 1554 quoniam
1833 1484 1971 1550 olim,
2009 1503 2117 1541 om-

121 1572 274 1626 nium
333 1588 436 1626 usu
491 1571 767 1626 terebatur
826 1570 1122 1643 permultos
1178 1571 1526 1641 antiquorum
1585 1570 1727 1626 locos
1793 1573 2114 1644 inquinavit.

121 1658 291 1732 Saepe
309 1661 475 1715 etiam
503 1660 852 1732 participium
871 1660 991 1722 δύς,
1027 1658 1222 1720 ἀποδύς
1275 1660 1487 1722 ὑποδύς,
1513 1660 1746 1720 καταδύς
1775 1659 2112 1717 indoctorum

119 1748 370 1803 manibus
407 1747 547 1803 male
594 1748 892 1802 mulcatum
943 1754 1025 1802 est
1070 1754 1124 1802 et
1164 1747 1219 1801 in
1262 1748 1374 1808 δούς
1408 1747 1519 1802 abit
1563 1755 1658 1802 aut
1698 1747 1802 1803 alio
1835 1749 1992 1804 modo
2031 1751 2117 1806 de-

118 1843 393 1908 pravatur.
471 1837 586 1890 Non
618 1836 881 1891 debebant
919 1835 1167 1889 dubitare
1209 1834 1351 1889 docti
1390 1834 1658 1901 homineS,
1700 1838 1830 1907 quin
1872 1844 2017 1893 recte
2059 1840 2112 1893 iu

118 1923 376 1997 Archippi
411 1924 524 1979 loco
561 1924 754 1979 Athen.
797 1924 912 1981 XV.
954 1927 1082 1978 678.
1125 1923 1185 1977 Ε.
1936 1943 1939 1946 ·

272 2001 282 2011 ’
421 2014 578 2081 ἀθῷος
609 2014 828 2073 ἀποδοὺς
863 2011 1120 2078 θοιμάτιον
1155 2012 1479 2082 ἀπέρχεται.

116 2098 462 2157 emendatum
495 2102 567 2155 sit
601 2102 795 2161 ἀποδὺς
835 2098 1108 2166 θοιμάτιον.
1148 2099 1209 2153 In
1250 2101 1529 2156 Timotheo
1564 2100 1755 2156 Athen.
1792 2102 1880 2156 VI.
1906 2106 2032 2159 245.
2055 2105 2112 2159 C.

415 2190 682 2257 πειρώμεθ’
714 2180 992 2249 ἀποδόντες
1028 2189 1086 2242 τὸ
1127 2188 1324 2242 δεῖπνον
1365 2189 1575 2244 ἀπιέναι

114 2292 219 2331 non
269 2277 400 2331 satis
441 2284 523 2332 est
562 2277 858 2349 corrigere,
899 2275 1038 2348 quod
1083 2274 1632 2347 Schweighaeuserus
1672 2276 1823 2344 fecit,
1863 2280 2109 2336 ἀποδόντ’

110 2366 188 2429 ε’ς,
237 2364 331 2420 sed
375 2366 675 2438 requiritur
717 2364 955 2420 ὑποδύντ’
993 2365 1068 2425 ε’ςε
1121 2380 1354 2436 namque
1397 2366 1640 2421 ὑποδῦναι
1690 2373 1772 2421 est
1814 2369 2008 2440 furtim
2055 2387 2110 2424 se

111 2470 179 2508 ex
216 2452 484 2507 hominum
525 2454 678 2509 turba
711 2453 999 2525 proripere.
1082 2452 1186 2508 Sed
1221 2452 1360 2508 levia
1398 2452 1530 2508 haec
1579 2462 1708 2508 sunt
1745 2471 1872 2527 prae
1910 2457 2108 2512 eximia

18 2558 27 2567 ·
110 2540 509 2607 emendatione,
559 2559 666 2614 qua
718 2541 896 2596 locum
950 2540 1326 2613 Aristophanis
1375 2557 1521 2596 nunc
1571 2541 1737 2596 simili
1773 2543 1904 2597 vitio
1949 2543 2107 2617 plane

111 2627 404 2685 absurdum
428 2629 573 2684 clara
593 2630 714 2686 luce
734 2630 1070 2685 Hamakerus
1085 2628 1394 2683 illustravit.
1436 2628 1634 2684 Editur
1649 2630 1705 2684 in
1722 2631 1860 2686 Pace
1875 2649 1952 2688 VS.
1971 2636 2002 2688 7
2010 2636 2103 2689 29:

257 2720 384 2772 ἀλλ’
418 2719 482 2773 ῖθι
514 2719 743 2788 χαίρων,
784 2721 933 2785 ἡμεῖς
973 2719 1025 2774 δὲ
1064 2718 1191 2779 τέως
1227 2716 1353 2772 τάδε
1395 2716 1466 2771 τοὶ
1507 2718 1664 2781 σκεύη
1708 2720 2026 2788 παραδόντες

258 2813 365 2868 τοῖς
400 2806 688 2868 ἀκολούθοις
727 2809 891 2874 δῶμεν
930 2808 1137 2876 σώζειν,
1179 2808 1244 2867 ώς
1278 2806 1478 2860 εἰώθασι
1518 2804 1730 2871 μάλιςα

255 2896 368 2963 περὶ
403 2895 503 2956 τοὶς
530 2895 722 2958 σκηνὰς
754 2902 956 2953 πλεῖςοι
990 2894 1218 2950 κλέπται
1254 2892 1537 2962 κυπτάζειν
1572 2896 1660 2949 καὶ
1691 2904 1983 2953 κακοποιεῖν
2005 2939 2019 2954 .

106 2999 268 3057 quam
310 2985 382 3037 sit
428 2981 560 3038 haec
600 2984 873 3057 scriptura
908 2982 1166 3055 impedita
1211 2989 1266 3037 et
1304 2983 1498 3037 vitiosa
1539 2983 1817 3056 apparebit
1864 2987 2096 3058 optime,

105 3074 152 3128 si
187 3087 371 3126 veram
404 3070 686 3127 lectionem
726 3089 1046 3144 opposuero,
1084 3087 1246 3144 quam
1288 3070 1422 3125 mihi
1459 3072 1668 3126 amicus
1707 3088 1862 3127 meus
1895 3073 2095 3130 indica-

106 3161 216 3217 vit:
280 3162 429 3225 ἡμεῖς
477 3160 530 3215 δὲ
579 3159 705 3222 τέως
754 3162 933 3226 τήνδε
984 3162 1207 3224 σκευὴν
1253 3160 1603 3222 ἀποδύντες
1648 3167 1754 3223 τοῖς
1802 3163 2092 3225 ἀκολούθοις

104 3250 267 3314 δῶμεν
304 3248 478 3316 σώζειν
512 3254 566 3303 et
602 3249 802 3304 εἰώθασι
831 3247 1043 3316 μάλιςα
1081 3249 1193 3317 περὶ
1227 3247 1327 3310 τοὶς
1362 3246 1594 3309 σκευὰς
1625 3255 1827 3306 πλεῖς-οι
1862 3249 2090 3305 κλέπται

104 3335 418 3405 κυπτάζειν,
474 3352 612 3407 quae
653 3353 758 3391 non
814 3343 973 3409 egent
1014 3337 1324 3409 interprete.
1406 3334 1753 3392 Ostendimus
1803 3338 1859 3391 in
1915 3338 2094 3409 priore

105 3431 257 3497 parte
292 3426 363 3479 τὰ
401 3425 555 3486 σκεύη
595 3431 649 3479 et
679 3427 770 3488 τὴν
811 3427 994 3490 σκευήν
1029 3425 1243 3496 saepius
1277 3423 1500 3480 confusa
1539 3441 1682 3490 esse,
1724 3424 1790 3480 ad
1826 3425 1970 3479 hunc
2010 3442 2089 3480 er-

107 3527 281 3567 rorem
326 3511 533 3584 reliqua
587 3530 618 3568 a
662 3513 855 3568 stolido
899 3519 1203 3569 correctore
1250 3512 1651 3569 accommodata
1700 3519 1828 3566 sunt
1871 3520 1924 3566 ct
1961 3514 2089 3568 ἀπο·

106 3601 279 3661 δύντες
319 3601 372 3655 iu
407 3601 682 3662 ἀποδόντες
714 3609 767 3657 et
803 3601 1118 3669 παραδόντες
1156 3601 1403 3657 relictum
1439 3608 1536 3656 cst.
1619 3600 1771 3654 Facit
1803 3598 1908 3654 huc
1944 3599 2092 3656 locus

1728 3691 1748 3724 a
1776 3688 1789 3704 .
