2436 4068
1339 254 1446 302 446

403 399 531 452 dum
571 402 711 453 enim
746 407 853 453 est:
887 397 1181 463 ἐτι-ιςοὶμεθα
1211 396 1315 462 γαρ
1348 397 1587 457 Μυσοὺς,
1627 393 1707 456 οὓς
1729 399 1817 449 οὐκ
1857 397 1918 450 ἂν
1962 400 2099 461 ἡμῶν
2139 402 2372 468 φαίημεν

401 488 641 553 βελτίους
681 485 844 551 εἶναι,
885 484 983 540 ἔτι
1025 487 1075 538 ἐν
1114 492 1177 552 τῇ
1220 482 1480 549 βασιλέως
1532 483 1678 552 χώρα
1718 484 1920 545 πολλαὶς
1961 517 2034 524 —
2074 487 2159 540 καὶ
2202 489 2373 552 μεγα-

400 587 500 635 λας
541 575 716 635 πόλεις
766 576 1010 636 οἰκοῦσιν,
1064 571 1372 642 planissime
1415 576 1473 622 ut
1515 570 1568 622 in
1608 570 1703 635 iis,
1744 589 1879 642 quae
1919 575 2102 627 statim
2149 592 2377 646 sequun-

402 669 523 716 tur:
582 662 852 722 Λυκαονας
905 662 955 715 δὲ
1005 660 1091 714 καὶ
1144 659 1288 714 αὐτοὶ
1330 657 1526 723 εἴδομεν
1581 655 1676 712 ὅτι
1716 692 1790 700 --
1829 662 1920 723 τὴν
1977 662 2167 716 τούτων
2205 665 2379 731 χώραν

402 753 746 816 καρποῦνται,
801 747 1022 819 etquid
1063 754 1144 801 est
1196 746 1448 800 usitatius
1497 762 1655 816 quam
1713 747 1803 800 illa
1841 748 2053 802 dicendi
2111 749 2280 804 forma
2322 753 2376 806 in

399 838 552 904 ὀροῖν,
608 838 839 901 οὲκούειν,
894 835 1107 898 εἰδέναι,
1161 835 1436 891 ἐπίςασθαι
1489 841 1541 886 et
1593 836 1940 900 γιγνώσκεινῖ
2020 837 2079 890 ln
2123 836 2222 892 hac
2261 840 2377 910 ipsa

397 924 596 977 vicinia
634 925 740 978 tria
779 923 1020 995 exempla
1061 929 1188 976 sunt
1229 925 1261 992 §
1306 925 1409 986 22,
1451 924 1518 974 25
1561 928 1614 975 et
1656 925 1743 976 29.
1827 922 1913 977 Sic
1954 923 2168 980 demum
2207 929 2377 982 oratio

397 1010 531 1066 bene
570 1011 820 1082 procedet
859 1019 913 1066 et
950 1012 1178 1065 nitorem
1224 1009 1664 1079 Xenophonteum
1710 1008 1940 1064 habebit.

475 1100 533 1153 In
581 1105 613 1168 ς*
651 1103 738 1154 52.
795 1099 933 1154 male
993 1105 1250 1153 excusant
1292 1097 1396 1150 viri
1450 1096 1591 1150 docti
1653 1098 1977 1168 scripturam
2035 1098 2230 1161 πάντες
2270 1102 2377 1170 γαρ
2434 1167 2435 1170 ¹

398 1195 622 1251 κοινῆς
664 1188 912 1255 σωτηρίας
953 1187 1205 1252 δεόμεθα,
1246 1201 1412 1256 quum
1455 1192 1590 1253 κοινῇ
1633 1185 1701 1238 sit
1754 1187 2117 1241 necessarium
2166 1195 2219 1242 et
2263 1195 2375 1244 tam
2432 1206 2436 1241 s

397 1275 601 1347 liquido
642 1282 894 1347 appareat
935 1274 1063 1345 quid
1102 1274 1371 1345 pepererit
1412 1288 1667 1326 errorem.
1749 1271 1954 1327 Similis
1989 1291 2140 1328 error
2177 1277 2233 1330 in
2271 1277 2376 1331 Iso-

397 1371 544 1417 crate
592 1363 912 1417 commissus
957 1369 1038 1416 est
1078 1361 1134 1414 in
1187 1361 1489 1433 Areopagit.
1548 1359 1698 1425 568.
1750 1360 1887 1424 ἔδοξε
1940 1364 2010 1430 τῷ
2063 1364 2204 1432 δήμῳ
2256 1385 2377 1420 κοι-
2432 1398 2436 1437 ;

396 1454 506 1515 νῆν
555 1452 864 1514 ποιήσασθαι
916 1451 1007 1512 τὴν
1054 1450 1332 1513 ἀπόδοσιν,
1386 1448 1477 1502 ubi
1520 1456 1656 1517 κοινῇ
1717 1465 1903 1503 verum
1956 1467 2071 1505 esse
2125 1451 2376 1508 arbitror.
2429 1474 2436 1505 ·;

396 1539 699 1594 Admonent
738 1555 824 1592 me
858 1537 988 1591 haec
1029 1537 1133 1592 loci
1167 1536 1448 1591 cuiusdam
1483 1535 1631 1607 apud>
1665 1536 1984 1609 Dionysium
2019 1538 2188 1594 Halic.
2228 1540 2289 1594 A.
2313 1540 2375 1595 R.
2426 1530 2436 1619 ξ

398 1627 486 1680 VI.
531 1631 619 1680 42.
671 1643 721 1698 p.
764 1629 927 1679 1155.
983 1625 1166 1679 Reisk.
1223 1627 1295 1686 εἰς
1354 1623 1546 1692 μάχας
1599 1627 1653 1679 οὐ
1708 1626 1959 1693 προῄεσαν
2007 1625 2106 1687 τοὶς
2159 1630 2207 1682 τ’
2246 1630 2375 1683 ἀπο·
2426 1621 2436 1681 ἓ

393 1716 642 1788 χαιρήσεις
695 1711 794 1783 ὅπῃ
845 1713 1080 1767 ἐδύναντο
1127 1715 1189 1767 δι’
1244 1715 1359 1779 ὀρῶν
1413 1712 1442 1774 ἢ
1497 1713 1692 1779 δρυμῶν
1744 1717 2028 1781 κορυφῶν
2082 1716 2374 1782 ἐποιοῦντο,
2422 1730 2423 1734 ’

395 1803 486 1857 uhi
529 1819 623 1875 pro
662 1801 892 1856 ridicula
946 1802 1216 1872 scriptura
1259 1804 1485 1868 κορυφῶν
1539 1799 1822 1853 Chisianus
1859 1800 1995 1855 liber
2045 1803 2246 1872 κούφας
2286 1822 2378 1866 ex-v

393 1890 576 1956 hibet,
636 1890 865 1944 Urbinas
920 1893 1207 1958 κορυφαῖς,
1269 1887 1411 1942 unde
1478 1887 1716 1943 Sintenis
1779 1887 1965 1943 elicuit
2018 1890 2074 1944 in
2141 1890 2371 1963 Specim.

392 1978 616 2036 Emend.
657 1979 960 2051 Dionysiae.
1004 1994 1053 2047 p.
1093 1980 1178 2031 19.
1220 1977 1480 2045 κρυφαίας
1521 1977 1807 2038 ἐποιοῦντο,
1853 1993 1939 2031 me
1978 1977 2215 2034 nondum
2254 1998 2374 2052 poe·
2411 2024 2432 2069 3

392 2068 530 2122 nitet
570 2066 882 2121 emendasse
921 2066 1097 2135 κρύφα
1136 2066 1428 2127 ἐποιοῦντο,
1471 2071 1532 2118 ut
1572 2064 1826 2137 Dionysio
1874 2064 2100 2136 aliisque
2137 2067 2373 2124 solemne
2414 2061 2436 2129 {³}

392 2162 473 2210 est
521 2155 715 2209 dicere.
795 2153 1019 2209 Planum
1063 2160 1143 2207 est
1185 2151 1448 2224 quomodo
1487 2161 2181 2211 ΚΡΤΦΑΙΕΠΟΙΟΤΝΤΟ
2223 2155 2370 2212 abire

389 2244 625 2319 potuerit
660 2244 714 2296 in
756 2247 1100 2311 κορυφαῒσ
1140 2243 1394 2294 ἐποιοῦντο
1429 2239 1512 2294 vel
1553 2240 1824 2308 κούφασ
1867 2241 2139 2295 ἐποιοῦντο.

462 2330 644 2402 Neque
678 2330 871 2396 ἔλθοιμι
904 2329 968 2383 ἄν
1009 2330 1064 2382 in
1102 2328 1192 2382 ΙΙΙ.
1216 2346 1290 2381 111.
1316 2331 1399 2391 2.,
1441 2344 1614 2399 neque
1647 2327 1844 2381 similia
1880 2327 2007 2382 alibi
2042 2345 2173 2384 sana
2207 2339 2364 2397 sunt,
2413 2274 2436 2531 ἔ

2411 2533 2436 2590 ξ,

389 2417 480 2473 sed
520 2417 822 2489 reponenda
863 2416 1061 2488 ubique
1099 2423 1180 2470 est
1214 2415 1513 2470 necessaria
1549 2414 1698 2468 elisio
1747 2414 1938 2481 ἔλθοιμ’
1972 2415 2054 2470 ἄν.

462 2507 640 2562 Attica
681 2505 851 2560 forma
894 2523 959 2560 ex
994 2505 1212 2576 optimis
1251 2502 1403 2557 libris
1443 2502 1748 2574 recipienda
1791 2511 1872 2558 est
1908 2504 1998 2558 III.
2042 2523 2116 2559 111.
2158 2511 2206 2560 7.
2248 2507 2364 2564 εἴσω

385 2601 482 2661 τῶν
520 2592 690 2648 ὅπλων
725 2593 1100 2662 κατεκέκλειντο
1124 2633 1139 2653 ,
1184 2592 1289 2645 nisi
1329 2590 1469 2662 quod
1503 2590 1628 2644 libri
1669 2590 1731 2644 H.
1768 2592 1830 2645 A.
1874 2594 2250 2655 κατεκέκλκντο
2299 2595 2365 2651 de
2412 2594 2429 2659 ’ξ’

387 2699 535 2737 more
566 2681 850 2736 exhibent:
893 2683 947 2734 in
986 2681 1106 2735 aliis
1141 2679 1489 2752 pervulgatus
1526 2695 1677 2733 error
1723 2679 2088 2736 κατεκέκλιντο
2141 2682 2362 2739 eandem

376 2773 616 2824 'veterem
661 2776 712 2823 et
751 2770 1008 2840 optimam
1050 2769 1375 2840 scripturam
1414 2768 1560 2820 intus
1610 2768 1864 2822 continet.
1944 2768 2162 2823 Veteres
2197 2771 2363 2826 Attici

385 2857 631 2911 dicebant
685 2859 822 2927 κλῄω
846 2899 861 2921 ,
902 2857 1124 2927 ἔκλῃσα,
1165 2856 1421 2924 κε’κλῃμαι
1448 2895 1462 2919 ,
1508 2854 1781 2924 sequiores
1826 2855 2017 2921 κλείω,
2059 2856 2268 2912 ἕκλεισα
2307 2866 2360 2915 et
2400 2855 2411 2923 ’ζ’

382 2945 706 3010 κέκλεισμαι.
785 2944 922 2999 Hinc
959 2946 1014 2998 in
1047 2944 1201 2998 libris
1241 2949 1558 3014 perpetuum
1607 2942 1749 2996 inter
1796 2941 1995 2997 formas
2045 2944 2264 3001 Veteres
2308 2954 2361 3003 et
2397 2956 2401 3014 ‘s

381 3034 612 3086 novitias
651 3038 922 3087 certamen
969 3039 1078 3085 est:
1139 3047 1295 3102 saepe
1353 3038 1506 3085 vetus
1554 3030 1713 3084 lectio
1761 3031 2020 3100 emergit,
2069 3040 2152 3086 sat
2205 3051 2358 3106 saepe
2387 3019 2436 3110 'J

382 3121 435 3174 in
484 3121 806 3192 pervetustis
847 3118 1116 3173 scribendi
1153 3119 1298 3172 vitiis
1349 3119 1607 3183 κέκλημαι
1648 3124 1702 3171 et
1740 3117 1984 3183 κε’κλιμαι
2024 3135 2150 3174 vera
2190 3123 2358 3194 scrip·
2390 3117 2436 3172 ι’

380 3216 505 3262 tura
542 3207 800 3280 pellucet,
839 3205 1273 3278 frequentissime
1314 3221 1449 3259 nova
1489 3205 1659 3259 forma
1700 3206 1932 3275 irrepsit.
2010 3207 2231 3262 Accedit
2270 3209 2361 3264 his.
2429 3208 2436 3291 f

382 3295 552 3350 forma
589 3296 807 3359 vitiosa,
865 3311 970 3366 qua
1015 3310 1187 3365 neque
1240 3293 1460 3347 Veteres
1508 3309 1680 3364 neque
1728 3292 2052 3347 recentiores
2098 3296 2181 3348 usi
2227 3303 2352 3351 sunt
2391 3326 2394 3332 ·
2428 3295 2436 3342 {³

383 3399 667 3454 umquam,
708 3383 1184 3454 κέκλειμαι,ᾳυειῐῃ
1209 3380 1415 3434 scribae
1450 3381 1648 3451 passim
1675 3381 2023 3445 invexerunt,
2063 3388 2147 3447 et,
2170 3400 2352 3454 quam·

381 3488 540 3542 quam
583 3477 663 3526 est
701 3470 856 3543 plane
895 3469 1080 3534 nihili,
1121 3476 1296 3523 tamen
1337 3467 1598 3538 hodieque
1639 3467 1885 3539 plurimis
1919 3467 2050 3523 locis
2087 3477 2182 3525 aut
2220 3472 2348 3527 reti·
2390 3476 2393 3482 '
2425 3467 2427 3481 ’

380 3566 538 3616 netur
577 3567 670 3615 aut
710 3561 871 3615 etiam
913 3560 1226 3632 reponitur,
1286 3563 1344 3612 ut
1398 3556 1449 3610 in
1494 3555 1592 3610 hoc
1645 3555 1757 3610 loco
1799 3557 2200 3630 XenophontiS,
2256 3557 2343 3614 ubi
