2436 4068
997 211 1102 261 445

62 377 139 413 σιν
191 357 361 422 ἡμῶν,
420 353 472 407 id
526 351 666 425 quod
717 359 771 407 et
817 370 879 407 ex
940 360 1132 407 natura
1185 353 1332 408 verbi
1386 353 1620 422 προέχειν
1672 353 2033 408 necessarium

59 452 175 508 est,
228 450 282 497 et
331 441 570 495 omnium
634 440 833 495 Graece
888 442 1242 496 scribentium
1299 448 1555 513 perpetuo
1598 457 1699 494 usu
1744 440 2032 494 stabilitur.

60 532 328 594 Tenetur,
368 528 562 591 credo,
606 528 899 600 Xenophon
949 529 1134 584 eadem
1174 529 1290 600 lege
1328 545 1434 600 qua
1473 545 1694 592 omnes,
1736 536 1795 582 ut
1837 527 2035 583 ridicu-

58 618 170 673 lum
224 618 295 671 sit
346 617 611 687 suspicari
666 615 989 671 collubuisse
1028 617 1076 670 ei
1114 616 1278 671 semel
1317 616 1617 685 προέχουσιν
1657 619 1797 683 ἧμοῖς
1837 616 2032 671 dicere.

59 704 198 774 Quid
237 706 281 758 si
319 705 577 773 διαφέρειν
617 720 742 758 eum
790 705 1097 758 accusativo
1131 705 1355 775 iungere
1394 706 1515 776 quis
1555 704 1750 760 vellet?
1791 705 1914 777 quis
1946 721 2035 775 pa·

59 795 257 848 tienter
296 791 460 846 serret
498 807 671 862 neque
709 807 833 845 eum
887 793 980 863 qui
1029 793 1108 846 sic
1158 791 1417 846 scriberet
1459 808 1552 863 pro
1605 791 1771 847 stulto
1823 790 2036 846 stolido·

61 898 165 954 que
218 879 477 935 haberet?
556 878 830 933 Permulta
871 887 999 934 sunt
1052 895 1190 951 quae
1245 886 1467 934 venuste
1521 882 1762 951 sciteque
1814 886 2039 951 possunt

60 968 336 1039 solentque
376 967 596 1032 novari,
637 967 692 1020 in
735 966 819 1020 his
859 966 1115 1021 nonnulla
1155 965 1476 1029 audaciora,
1520 967 1612 1021 sed
1665 967 1923 1036 διαφέρειν
1962 988 2036 1021 τι·

58 1057 138 1117 νός
177 1064 231 1110 ει
268 1056 506 1123 προέχειν
545 1054 715 1118 τινός,
771 1055 1077 1127 similiaque
1117 1054 1298 1108 omnia
1335 1055 1542 1108 ratione
1588 1065 1643 1109 et
1697 1071 1800 1109 usu
1847 1054 2036 1108 confir-

60 1151 205 1200 mata
259 1160 458 1198 novare
515 1141 651 1197 velle
708 1143 1027 1198 insanientis
1083 1149 1182 1197 est.
1262 1141 1365 1196 Sed
1414 1158 1517 1196 non
1572 1143 1704 1196 satis
1757 1149 1838 1197 est
1893 1142 2038 1210 προέ-

59 1230 239 1301 χουσιν
278 1233 419 1298 ἡμῶν
469 1230 800 1295 correxisse,
855 1249 951 1303 pro
1001 1230 1068 1286 ἑνὶ
1122 1231 1174 1285 δὲ
1214 1230 1348 1299 μόνῳ
1388 1229 1783 1285 emendandum
1837 1237 1919 1285 est
1976 1228 2038 1284 ἓν

61 1321 118 1375 δὲ
166 1320 365 1386 ’μόνον
417 1319 719 1388 προέχουσιν
758 1321 898 1385 ἡμῶν
918 1358 955 1389 „
993 1318 1082 1373 cui
1121 1317 1483 1373 emendationi
1535 1317 1739 1389 aliquid
1786 1317 2041 1389 praesidii

61 1407 216 1463 affert
270 1408 615 1471 Priscianus,
673 1407 852 1481 (cuius
910 1406 1086 1461 locum
1147 1407 1275 1460 Intt.
1336 1404 1721 1478 apposuerunt)
1782 1403 1834 1459 ἓν
1893 1406 2041 1472 μόνον

62 1497 362 1565 προέχουσιν
401 1499 581 1558 ἱππεῖς
623 1498 764 1561 ἡμᾶς
798 1512 828 1550 ε
859 1494 1210 1567 Xenophonte
1244 1494 1506 1558 laudanS,
1549 1494 1641 1548 sed
1679 1493 1879 1565 absque
1901 1495 2042 1548 Pris-

62 1586 219 1640 ciano
251 1585 469 1650 suisset,
505 1590 713 1656 poterat
752 1582 893 1639 idem
933 1600 997 1638 ex
1038 1582 1283 1655 diligenti
1325 1582 1644 1638 Graecitatis
1676 1582 2045 1637 observatione
2080 1576 2081 1579 ’

61 1674 304 1745 reperiri.
382 1672 582 1744 Nempe
621 1671 824 1727 dicitur
875 1670 1092 1743 quidem
1138 1671 1377 1739 προέχειν
1418 1672 1632 1737 πλήθει,
1671 1671 1857 1741 οὐσία,
1897 1670 2045 1725 δυνά·

61 1782 181 1827 μει,
219 1760 517 1826 ἀξιώματι,
570 1759 722 1829 δόξῃ,
783 1759 1060 1829 ἐμπειρία,
1101 1760 1429 1829 εὐδαιμονίᾳ,
1481 1759 1688 1830 τόλμῃ,
1725 1760 1896 1828 ῥώμῃ,
1938 1760 2043 1822 ἧλι-

63 1851 187 1919 κίᾳ,
228 1849 438 1921 aliaque
487 1848 791 1921 permulta,
830 1846 923 1903 sed
977 1853 1059 1901 est
1109 1846 1378 1918 quoddam
1414 1846 1794 1902 vocabulorum
1843 1862 2044 1918 genus,

64 1937 208 2010 quod
265 1953 389 1991 cum
451 1935 760 1992 huiusmodi
816 1934 994 1990 verbis
1061 1937 1418 2007 compositum
1477 1942 1625 1990 certo
1683 1942 2046 2008 perpetuoque

63 2026 306 2080 omnium
345 2041 448 2080 usu
489 2026 542 2079 in
585 2024 892 2079 accusativo
945 2023 1070 2094 poni
1117 2023 1286 2088 solet,
1339 2022 1642 2079 cuiusmodi
1698 2031 1826 2079 sunt
1871 2023 2044 2086 οὐδέν,

62 2114 148 2176 τί,
187 2120 241 2167 et
283 2112 622 2168 indefinitum
652 2133 740 2176 τι,
780 2112 914 2165 πολύ
954 2118 1132 2166 πλεῖον
1172 2119 1419 2176 πλεῖςον,
1460 2113 1632 2177 ὀλίγον
1667 2110 1887 2166 ἔλαττον
1923 2111 2046 2166 ἕλα-

62 2221 244 2271 χιςον,
299 2202 378 2256 sic
428 2208 482 2256 et
534 2200 712 2256 πολλοὶ
753 2207 807 2254 et
845 2199 1005 2264 ὀλίγα
1053 2206 1106 2253 et
1143 2201 1281 2266 ὀλίγ’
1334 2199 1512 2265 ἄττα,
1569 2198 1620 2254 ἕν
1659 2206 1713 2254 et
1763 2198 1816 2254 ἓν
1864 2199 2044 2266 μόνον,

62 2294 212 2347 τοῦτο
235 2332 250 2355 ,
288 2294 464 2346 ταῦτα
486 2333 500 2355 ,
539 2294 811 2354 τοσοῦτον,
850 2291 1089 2343 τοσοῦτον
1123 2288 1309 2354 μόνον,
1348 2289 1496 2355 μέγα
1519 2331 1533 2354 ,
1571 2287 1780 2356 σμικρόν
1802 2330 1817 2351 ,
1859 2288 2044 2357 βραχύ

65 2399 151 2443 τι,
205 2385 258 2433 ει
305 2376 409 2433 alia
448 2378 743 2451 quaedam,
784 2393 922 2450 quae
961 2376 1118 2432 facile
1150 2384 1233 2432 est
1271 2376 1699 2432 animadvertere
1722 2419 1736 2442 ,
1775 2378 1903 2449 quia
1935 2384 2045 2432 tam

66 2482 225 2540 saepe
273 2466 415 2539 apud
462 2484 648 2522 omnes
695 2472 1007 2521 occurrunt.
1087 2465 1147 2519 In
1188 2465 1352 2520 verbo
1402 2465 1662 2534 διαφέρειν
1713 2466 2044 2537 experimen-

65 2561 181 2610 tum
234 2556 377 2610 sumi
428 2556 651 2626 poterit:
694 2553 855 2609 habet
889 2552 1131 2608 dativum
1185 2552 1614 2625 significantem,
1663 2571 1762 2625 quo
1801 2553 1930 2625 quid
1978 2553 2045 2608 ab

67 2641 172 2698 alio
198 2641 436 2698 differat:
478 2642 572 2698 sed
609 2644 745 2698 istae
783 2641 1035 2706 voculae,
1075 2658 1208 2712 quas
1247 2640 1512 2706 diximuS,
1553 2643 1606 2695 in
1628 2643 1936 2696 accusativo
1956 2659 2043 2714 ap-

67 2737 374 2804 ponuntur:
426 2732 563 2786 οὗδὲν
603 2731 868 2801 διαφέρει,
908 2731 962 2785 τί
1000 2731 1267 2800 διαφέρει,
1310 2731 1445 2784 πολὺ
1500 2730 1766 2799 διαφέρει,
1806 2727 1859 2784 ἓν
1895 2731 2044 2798 μόνον

68 2817 295 2887 διαφέρει
350 2825 454 2873 etc.
534 2818 732 2874 Eadem
792 2825 874 2873 est
933 2820 1069 2873 ratio
1130 2820 1185 2873 in
1245 2818 1497 2886 προέχειν.
1588 2818 1850 2874 Dicebant
1908 2820 2047 2875 οὐδὲν

66 2906 337 2974 προέχειν,
379 2908 435 2962 τί
470 2907 716 2976 προέχει,
770 2909 904 2962 πολὺ
943 2906 1250 2975 προέχουσι,
1302 2910 1540 2961 τοσοῦτον
1579 2906 1819 2976 προέχει,
1863 2908 2045 2980 itaque

0 3006 1 3012 ’
66 2993 247 3050 eodem
301 2994 458 3050 modo
509 2994 561 3049 ἓν
607 2996 756 3061 μόνον
803 2995 1040 3064 προέχειν
1092 2993 1332 3049 solebant
1384 2993 1594 3059 dicere,
1653 2995 1814 3068 idque
1867 2996 2044 3068 ipsum

68 3081 402 3155 Xenophonti
442 3081 837 3139 restituendum
878 3101 993 3139 esse
1031 3099 1238 3138 censeo.

146 3170 204 3225 ln
256 3174 409 3244 523.
464 3171 758 3238 ἐπιςοὶμεθα
809 3172 915 3239 γὰρ
973 3173 1218 3235 Μυσοὺς,
1277 3170 1360 3233 οὓς
1401 3175 1489 3227 οὐκ
1529 3172 1592 3227 ἂν
1634 3174 1770 3236 ἡμῶν
1809 3173 2043 3240 φαίημεν

70 3258 308 3322 βελτίους
351 3257 478 3314 εἶναι
507 3303 520 3326 ,
562 3260 605 3315 οἳ
652 3261 933 3333 [βασιλέως
975 3258 1205 3332 ἄκοντος]
1251 3261 1302 3313 ἐν
1340 3269 1405 3330 τῇ
1437 3260 1700 3326 βασιλέως
1733 3262 1879 3329 χώρα
1918 3273 2042 3314 πολ-

70 3345 170 3406 λάς
207 3367 267 3401 τε
304 3348 390 3402 καὶ
428 3349 735 3414 εὐδαίμονας
775 3349 860 3404 καὶ
902 3349 1153 3415 μεγάλας
1195 3347 1369 3409 πόλεις
1411 3351 1642 3403 οἰκοῦσιν.
1697 3348 1754 3403 ln
1801 3348 1883 3401 his
1922 3364 2044 3402 acu·

76 3441 128 3487 te
180 3436 444 3506 perspexit
498 3435 804 3491 Dindorlius
846 3436 1163 3509 interpolata
1220 3453 1336 3491 esse
1374 3437 1537 3492 verba
1586 3435 1845 3501 βασιλέως
1899 3434 2045 3490 ἄκον-

76 3542 196 3582 τος,
259 3520 416 3594 idque
468 3524 627 3579 etiam
684 3524 936 3580 Codicum
999 3524 1279 3579 meliorum
1349 3524 1546 3579 indicio
1604 3523 1909 3578 confirmari
1960 3523 2047 3579 do-

0 3647 5 3672 ,
78 3612 205 3664 cuit.
291 3609 620 3667 Rectissime.
676 3613 775 3668 Sed
832 3613 966 3685 sugit
1008 3630 1130 3668 cum
1185 3612 1327 3668 aliud
1372 3613 1468 3668 loci
1511 3612 1736 3666 vitium:
1780 3613 2050 3683 corrigen-
