2436 4068
1213 226 1281 263 XlI

267 380 328 427 ut
360 371 722 433 ostendimus,
762 386 824 422 ex
860 369 1004 436 ἔζης,
1043 366 1125 433 ἔζη
1164 379 1344 418 errore
1380 369 1567 418 natum
1602 370 1711 427 est,
1749 380 1872 418 nam
1907 364 2064 431 ἔβην,
2110 364 2224 427 ἔςην

268 482 321 528 et
358 474 476 527 sim.
519 469 757 524 fallacem
797 467 1066 538 analogiae
1103 464 1333 534 speciem
1374 463 1754 535 praebuerunt.
1816 466 2001 536 Itaque
2034 467 2138 534 ζῆθι
2176 473 2230 520 et

267 574 410 641 ζῆνοιι
452 571 557 625 dici
596 575 779 640 coepta
819 573 978 629 sunt,
1020 572 1078 618 ut
1114 565 1231 628 βῆθι
1274 571 1326 618 et
1369 566 1546 631 βῆναι.
1630 563 1746 619 Alia
1793 572 1919 619 sunt
1966 567 2230 620 eiusdem-

264 672 408 728 modi
463 686 622 742 quam
659 669 922 740 plurima,
982 672 1041 718 ut
1095 663 1278 718 sedulo
1336 664 1660 737 ubicumque
1717 665 1840 720 data
1891 666 2098 720 occasio
2148 673 2229 720 est

269 771 775 830 demonstravimus,
827 765 966 818 idem
1021 764 1240 835 posthac
1281 764 1566 835 diligenter
1601 765 1828 831 facturi,
1870 785 1992 821 nam
2038 783 2231 838 magna

175 861 181 865 ⁵
263 873 450 928 talium
492 870 639 940 copia
695 871 972 937 superest,
1028 871 1080 920 et
1122 882 1226 936 quo
1266 865 1418 936 plura
1464 866 1791 938 deprehensa
1831 875 1958 921 sunt
1998 885 2058 922 eo
2104 867 2229 921 faci-

266 973 370 1026 lius
424 969 627 1039 reliqua
677 972 1065 1037 agnoscentur,
1106 982 1229 1019 nam
1284 982 1388 1036 quo
1438 965 1764 1021 luculentius
1803 974 1855 1021 et
1896 967 2231 1039 frequentius

264 1071 523 1125 librorum
565 1067 821 1122 Punicam
863 1068 918 1120 in
974 1065 1173 1120 talibus
1213 1064 1370 1120 fidem
1410 1065 1786 1137 redargueriS,
1837 1084 1897 1121 eo
1930 1068 2128 1122 certior
2178 1075 2231 1123 et

267 1170 559 1243 expeditior
599 1168 927 1240 reliquorum
967 1167 1032 1222 ad
1072 1166 1300 1222 eundem
1351 1166 1568 1221 modum
1602 1166 2014 1239 depravatorum
2053 1186 2229 1224 emen·

266 1272 407 1327 datio
446 1271 563 1324 erit.
644 1270 711 1324 Ut
747 1268 893 1323 nulla
933 1285 1191 1340 umquam
1245 1268 1449 1323 scribas
1507 1267 1695 1339 religio
1746 1269 1921 1323 tenuit
1974 1287 2041 1324 ne
2091 1273 2233 1325 anti-

266 1389 397 1445 quas
438 1371 735 1442 scripturas
770 1386 865 1423 suo
904 1368 1170 1424 arbitratu
1204 1368 1593 1434 convellerent,
1646 1370 1724 1424 sic
1766 1387 1861 1424 nos
1901 1370 2035 1425 nihil
2077 1372 2228 1428 Codi-

266 1489 389 1528 cum
429 1473 608 1542 inepta
638 1471 935 1525 reverentia
975 1469 1227 1542 impediet
1283 1486 1387 1542 quo
1437 1471 1617 1525 minus
1663 1479 1896 1527 veterem
1946 1479 1998 1527 et
2045 1475 2228 1544 genui-

267 1591 397 1629 num
441 1570 690 1643 loquendi
735 1587 894 1625 usum
953 1571 1008 1623 in
1059 1571 1329 1641 integrum
1386 1572 1751 1627 restituamus.
1833 1573 1974 1640 Quos
2023 1590 2231 1630 errores

266 1678 320 1730 in
360 1672 621 1729 Favorino
660 1678 713 1726 et
753 1671 988 1725 Lolliano
1027 1671 1309 1726 Atticistae
1341 1671 1620 1738 ridebant,
1659 1691 1710 1730 v.
1753 1691 1803 1731 c.
1845 1691 2013 1746 quum
2053 1676 2229 1730 ἐδεδίε-

268 1797 360 1831 σοιν
401 1791 496 1846 pro
542 1773 768 1827 ἐδέδισαν
816 1773 993 1843 inepte
1032 1780 1330 1844 ponerent,
1389 1772 1672 1828 eosdemne
1729 1780 1789 1828 tu
1833 1774 2047 1846 putabis
2087 1775 2231 1831 Thu-

269 1875 509 1951 cydidem
543 1873 876 1928 commisisse
915 1878 966 1926 et
1003 1871 1404 1944 Xenophontem
1457 1880 1510 1927 et
1558 1873 1769 1945 Lysiam
1808 1881 1860 1928 et
1906 1874 2231 1942 Isocratem,

269 1978 516 2051 quoniam
555 1964 611 2029 in
652 1974 865 2028 illorum
919 1973 1072 2028 libris
1113 1975 1303 2028 vitiosa
1342 1973 1513 2029 forma
1549 1974 1634 2029 hic
1672 1975 1779 2030 illic
1819 1977 2090 2032 occurrit?
2170 1978 2231 2033 In

269 2079 351 2133 his
404 2077 647 2132 omnibus
700 2075 829 2147 quid
882 2076 1179 2147 genuinum
1233 2083 1285 2130 et
1344 2091 1533 2131 sanum
1575 2085 1627 2131 et
1669 2077 1800 2132 hene
1844 2079 2105 2133 Graecum
2160 2081 2232 2134 sit

268 2197 368 2234 non
417 2186 493 2234 est
547 2180 602 2232 in
658 2178 786 2233 locis
845 2176 1072 2248 singulis
1125 2193 1188 2231 ex
1242 2194 1534 2248 paucorum
1590 2177 1851 2234 librorum
1908 2181 2232 2236 testimoniis

271 2280 646 2351 colligendum,
686 2280 778 2335 sed
819 2296 882 2334 ex
934 2280 1188 2334 interiore
1227 2277 1545 2333 Graecitatis
1586 2281 1805 2345 notitia,
1846 2298 1982 2353 quae
2022 2281 2229 2336 diutur-

268 2399 367 2436 nae
401 2381 780 2436 observationis
819 2388 899 2437 est
937 2388 1234 2436 τελευταῖον
1287 2381 1640 2446 ἐπιγέννημα,
1695 2388 1851 2436 caute
1891 2389 1944 2437 et
1995 2384 2228 2439 circum-

270 2489 446 2555 specte
495 2481 945 2538 constituendum.
1038 2481 1125 2536 Sic
1176 2481 1314 2535 ratio
1366 2497 1523 2536 usum
1568 2480 1828 2537 librorum
1880 2490 2064 2555 reget,
2124 2502 2227 2540 non

269 2583 600 2638 indoctorum
654 2583 1074 2637 homuncionum
1138 2581 1326 2637 levitas
1385 2598 1568 2636 sanam
1626 2583 1886 2638 rationem
1952 2592 2226 2656 tamquam

269 2684 495 2740 vinculis
534 2685 877 2739 constrictam
919 2683 1138 2739 tenebit.

347 2786 676 2858 Quicumque
714 2784 1010 2858 permultos
1049 2784 1266 2840 Codices
1322 2776 1444 2840 MsS.
1486 2787 1721 2841 excussit
1779 2795 1873 2842 aut
1925 2787 2227 2860 discrepan-

271 2888 410 2942 tium
448 2889 832 2959 scripturarum
890 2886 1214 2958 farraginem
1255 2904 1316 2941 ex
1368 2887 1556 2942 multis
1595 2888 1745 2943 libris
1797 2889 2068 2944 collectam
2111 2889 2230 2943 dili-

272 2994 458 3060 genter
496 2989 879 3053 consideravit,
921 2987 1077 3043 facile
1115 2987 1504 3044 animadvertet
1544 2990 1599 3043 in
1639 2997 1750 3044 tam
1794 2990 2074 3062 multiplici
2117 3007 2229 3044 cor-

271 3089 480 3162 ruptela
536 3107 646 3144 esse
703 3089 990 3162 quamdam
1063 3089 1317 3161 peccandi
1377 3090 1543 3145 veluti
1613 3091 1911 3162 analogiam
1971 3097 2024 3145 et
2082 3099 2228 3146 certa

272 3189 530 3262 quaedam
571 3208 807 3246 errorum
850 3208 1044 3262 genera
1085 3190 1375 3246 identidem
1418 3209 1714 3247 recurrere.
1794 3192 2062 3247 Permulta
2102 3200 2229 3247 sunt

270 3290 538 3346 scribendi
589 3293 749 3357 vitia,
790 3309 1019 3364 quorum
1060 3293 1207 3363 origo
1247 3293 1526 3363 perspicue
1579 3300 1829 3364 appareat
1884 3293 1980 3357 iis,
2027 3295 2119 3363 qui
2170 3294 2226 3347 in

269 3392 547 3447 (lodicibus
587 3394 847 3449 scribendi
884 3410 1081 3464 genuS,
1122 3392 1424 3448 litterarum
1467 3393 1664 3447 formas
1700 3394 2045 3455 vetustioreS,
2087 3411 2227 3448 com-

268 3492 492 3564 pendia,
548 3493 733 3563 siglaS,
774 3503 827 3550 et
868 3496 913 3549 si
953 3493 1082 3568 quid
1115 3501 1197 3549 est
1236 3492 1579 3557 huiusmodi,
1620 3493 1775 3564 longo
1817 3510 1916 3548 usu
1953 3496 2225 3565 cognitum

266 3600 705 3667 perspectumque
743 3597 951 3652 habent.
1034 3597 1241 3663 Quanta
1296 3613 1416 3667 pars
1448 3594 1879 3670 *discrepantium
1938 3596 2227 3652 lectionum
