2436 4068
1075 209 1180 258 407

130 359 278 414 iuxta
317 371 441 411 cum
498 352 856 424 ignarissimis
896 352 1203 408 nesciebant
1242 351 1441 407 formas
1497 350 1626 405 ἰέναι
1662 356 1716 406 et
1755 351 1836 404 ἰών
1887 368 2102 423 compo-

127 446 364 514 sitasque
402 458 587 496 omnes
625 440 865 504 οὶπιέναι,
905 439 1122 505 ἐξιέναι,
1161 441 1393 496 κατιέναι
1429 445 1530 495 cet.
1570 436 1792 510 perinde
1830 443 2102 509 praesenti

128 533 346 599 ἔρχομαι
388 536 442 584 et
477 529 659 583 futuro
693 526 800 593 εἶμι
840 530 1195 600 respondere,
1236 536 1288 582 et
1341 545 1437 599 pro
1481 544 1539 581 re
1588 532 1713 581 nata
1750 525 1906 580 modo
1954 545 2102 599 prae·

125 619 295 675 sentis
335 618 591 688 temporis
626 615 782 669 modo
821 615 992 671 futuri
1031 617 1298 671 notionem
1341 616 1633 670 continere.
1712 612 1979 669 Futurum
2023 624 2142 671 ests

125 708 251 764 ἰέναι
279 706 345 761 11.
383 722 451 760 vi.
489 709 575 760 10.
620 703 710 759 ubi
748 704 1153 774 coniunguntur
1181 698 2102 771 φυλάξειν-ἀφέξεσθαι-ἶέναι,

126 794 362 853 Ἀπιέναι
421 792 668 847 futurum
726 796 809 844 est
855 789 919 846 ΙΙ.
961 809 995 846 1.
1039 796 1090 846 5.
1150 800 1214 860 τῇ
1262 793 1314 846 δὲ
1372 789 1513 858 άλλη
1568 789 1775 844 άπιέναι
1826 791 1961 860 φαίη
2022 793 2105 847 ἐπ’

127 884 335 943 Ἰωνίας.
414 881 684 940 Futurum
726 886 808 934 est
846 880 1009 934 άπιών
1038 879 1104 934 11.
1139 897 1215 933 111.
1253 882 1341 934 29.
1382 878 1833 943 συσκευασάμενος
1866 881 1930 941 ὥς
1963 879 2105 936 atmi-

125 970 222 1036 ξων
261 971 398 1035 ὑμᾶς
447 970 518 1029 εἰς
572 968 665 1029 τὴν
717 968 956 1023 Ἑλλάδα
1010 969 1096 1022 καὶ
1151 968 1306 1027 αὐτὸς
1361 966 1562 1029 άπιών,
1602 972 1655 1020 et
1689 965 1756 1020 II.
1797 983 1866 1021 lv.
1908 971 1959 1022 8.
2016 965 2104 1030 ἧκε

123 1057 485 1127 Τισσαφέρνης
542 1055 678 1123 ἔχων
729 1057 820 1118 τὴν
874 1058 1056 1111 ἑαυτοῦ
1110 1055 1324 1121 δύναμιν
1371 1057 1434 1115 ὡς
1487 1055 1558 1114 εἰς
1611 1050 1741 1109 οἶκον
1793 1055 1954 1109 άπιών
1978 1099 1991 1119 ,
2052 1066 2106 1111 et

125 1147 325 1220 passim
364 1144 522 1207 alibi,
565 1142 658 1199 sed
710 1142 962 1199 fallebant
1001 1144 1131 1198 haec
1172 1143 1352 1197 omnia
1393 1141 1717 1204 Graecum,
1773 1142 1866 1212 qui
1907 1144 2108 1199 ἐλεύσο·

127 1255 263 1301 μαι,
303 1234 599 1289 ἐλεύσεσθαι
641 1239 694 1287 et
733 1232 1065 1298 ε’λευσόμενος
1106 1231 1344 1287 solebant
1385 1232 1599 1296 dicere,
1653 1237 1707 1286 et
1746 1230 1824 1286 sic
1866 1229 2110 1303 plerique

130 1338 341 1386 omneS,
378 1321 473 1392 qui
508 1326 818 1374 senescente
855 1326 908 1374 et
946 1318 1132 1374 effoeta
1167 1319 1388 1375 Graecia
1423 1321 1833 1392 scriptitarunt,
1867 1319 2031 1374 etiam
2065 1324 2108 1376 οἱ

126 1409 502 1478 ἀττικίζοντες,
543 1409 638 1479 qui
670 1407 772 1461 sibi
812 1408 936 1479 puri
972 1409 1087 1479 puti
1130 1410 1292 1463 Attici
1329 1425 1444 1465 esse
1479 1408 1833 1472 videbantur,
1874 1407 2109 1464 scribere

129 1504 449 1571 coeperunt,
488 1503 546 1550 ut
590 1498 723 1551 satis
760 1497 815 1550 in
850 1496 1085 1550 Luciano
1124 1496 1630 1552 demonstravimus

202 1585 372 1642 Affine
412 1584 664 1641 mendum
709 1585 1005 1656 praesentis
1046 1602 1140 1656 pro
1182 1584 1365 1641 futuro
1412 1603 1443 1640 a
1483 1586 1676 1641 scribis
1730 1585 1991 1656 suppositi
2038 1585 2109 1640 la-

129 1681 206 1732 tet
244 1674 330 1731 lV.
373 1692 441 1728 vl.
487 1678 571 1728 15.
627 1675 683 1727 in
723 1672 901 1728 verbis
941 1673 1351 1741 προσποιούμενοι
1393 1674 1782 1743 προσβάλλειν,
1827 1672 1916 1726 ubi
1957 1694 2107 1741 προσ-

122 1764 314 1829 βαλεῖν
363 1770 447 1819 est
484 1761 900 1819 emendandum.
977 1761 1274 1817 Simulandi
1330 1763 1475 1818 enim
1536 1766 1759 1826 verbum
1815 1766 2112 1830 προσποιοῦ-

127 1873 226 1918 μαι
267 1869 362 1924 pro
402 1868 460 1908 re
495 1859 619 1906 nata
653 1857 749 1905 aut
790 1866 1041 1922 praesens
1075 1857 1168 1904 aut
1209 1849 1455 1907 futurum
1497 1855 1756 1925 requirit,
1790 1857 1951 1925 prout
1987 1850 2110 1921 quis

126 1947 223 1995 aut
264 1943 440 2011 facere
477 1938 680 2009 aliquid
724 1945 817 1993 aut
865 1941 1103 2011 facturus
1143 1957 1251 1993 esse
1291 1956 1386 2010 per
1434 1940 1835 1997 simulationem
1876 1937 1991 1993 vult
2030 1938 2108 1990 vi-

128 2026 262 2083 deri.
358 2027 675 2083 Rectissime
717 2026 879 2081 habet
925 2043 1178 2098 praesens
1225 2026 1286 2079 V.
1327 2044 1380 2080 11.
1439 2031 1526 2083 28.
1587 2036 1934 2098 προσεποιεῖτο
1991 2028 2107 2087 τοὺς

127 2117 406 2181 πολεμίους
459 2117 728 2182 πειρᾶσθαι
781 2115 1083 2178 λανθάνειν,
1141 2114 1192 2168 id
1238 2122 1344 2169 est:
1402 2118 1519 2178 τοὺς
1570 2119 1876 2185 πολεμίους,
1928 2114 1991 2177 ὥς
2051 2117 2106 2181 γ’

121 2204 311 2267 ἐδόκει,
349 2202 618 2259 λανθάνειν
661 2205 921 2272 ἐπειρᾶτο,
955 2210 1009 2259 et
1048 2203 1088 2258 I.
1129 2219 1203 2257 111.
1251 2207 1335 2261 14.
1377 2207 1802 2273 προσποιούμενος
1837 2205 2103 2268 σπεύδειν,

127 2290 182 2347 id
220 2299 302 2348 est
342 2292 571 2346 σπεύδων
613 2290 676 2352 ὥς
717 2294 772 2357 γ’
813 2292 1007 2355 ἐδόκει,
1049 2290 1140 2346 sed
1181 2290 1271 2347 illo
1308 2291 1423 2348 loco
1464 2296 1695 2364 facturos
1736 2313 1793 2350 se
1846 2295 2109 2365 impetum

126 2378 490 2444 simulabant,
529 2396 635 2436 non
669 2383 860 2453 facere.

203 2468 380 2525 Redeo
429 2467 496 2523 ad
553 2468 676 2523 libri
711 2469 751 2524 1.
808 2486 923 2542 cap.
969 2475 1034 2534 1,
1089 2469 1179 2524 ubi
1229 2486 1450 2542 prorsus
1502 2472 1768 2526 assentior
1808 2468 2112 2541 Hirschigio

126 2558 183 2613 in
223 2560 256 2627 ξ
296 2560 350 2613 9.
400 2556 643 2624 ἐπολέμει
683 2558 740 2613 ἐκ
795 2560 1095 2627 Χερρονήσου
1136 2558 1420 2627 ὁρμώμενος
1461 2565 1567 2619 τοῖς
1616 2558 1778 2630 Θρᾳξὶ
1836 2565 1942 2620 τοῖς
1982 2558 2108 2624 ὑπὲρ

123 2648 508 2710 Ἑλλήσποντον
545 2647 788 2711 οἰκοῦσιν,
829 2664 995 2719 quum
1035 2646 1170 2702 dixit
1211 2647 1334 2714 ὑπὲρ
1388 2649 1777 2709 Ἑλλησπόντου
1830 2646 2107 2703 emendari

127 2740 183 2790 et
219 2735 432 2789 οἰκοῦσιν
467 2735 703 2806 expungi
737 2743 999 2807 oportere.
1078 2734 1263 2790 Fidem
1299 2734 1459 2790 saciat
1505 2735 1655 2791 locus
1695 2736 1762 2792 ΙΙ.
1803 2753 1872 2789 vi.
1916 2738 1967 2790 2.
2019 2754 2108 2790 πο·

125 2825 364 2890 λεμήσων
403 2830 511 2883 τοῖς
551 2823 675 2891 ὑπὲρ
717 2825 1017 2892 Χερρονήσου
1052 2823 1139 2877 καὶ
1181 2824 1414 2891 Περίνθου
1450 2822 1676 2893 Θρᾳξίν,
1716 2832 1771 2880 et
1803 2824 1918 2880 vll.
1960 2841 2009 2878 v.
2058 2830 2104 2878 1.

126 2910 248 2978 πρὸς
286 2911 403 2972 τοὺς
443 2911 567 2979 ὑπὲρ
602 2910 878 2980 Βυζαντίου
913 2918 1158 2982 Θρᾷκας,
1206 2919 1258 2967 et
1301 2914 1331 2982 §
1370 2915 1455 2967 15.
1496 2914 1917 2976 κατηυλίσθησαν
1967 2913 2010 2967 δ’
2049 2914 2101 2967 ἐν

127 3000 199 3066 τῦ
238 2999 390 3067 πεδίῳ
426 3000 548 3067 ὑπὲρ
588 3001 918 3068 Σηλυβρίας,
961 3000 1049 3055 ubi
1087 2999 1444 3072 supplendum
1486 3017 1602 3056 esse
1635 3002 1907 3074 suspicor:
1944 3002 1997 3055 ἐν
2034 3003 2106 3069 τῷ

130 3087 282 3157 πεδίῳ
323 3087 435 3162 (τῷ)
478 3089 600 3156 ὑπὲρ
643 3090 975 3156 Σηλυβρίας,
1030 3087 1170 3161 qnod
1203 3088 1425 3161 perinde
1460 3097 1542 3145 est
1588 3106 1649 3145 ac
1689 3091 1736 3145 si
1784 3091 1836 3144 ε’ν
1869 3091 1940 3158 τῷ
1983 3090 2107 3156 ὑπὲρ

132 3176 429 3244 Σηλυβρίας
478 3177 632 3245 πεδίῳ
672 3178 995 3249 scripsisset.
1078 3176 1250 3231 Simili
1299 3177 1455 3231 modo
1504 3185 1557 3232 et
1605 3177 1736 3233 alios
1783 3177 1936 3232 video
1975 3178 2105 3232 scri·

131 3261 255 3319 bere
300 3272 354 3318 et
395 3263 763 3339 Thucydidem
805 3265 871 3321 11.
913 3269 1001 3322 48.
1046 3264 1232 3333 ἤρξατο
1273 3264 1331 3329 ἐξ
1366 3267 1632 3327 Αἰθιοπίας
1689 3274 1781 3330 τῆς
1835 3266 1959 3333 ὑπὲρ
2009 3265 2106 3319 Ai-

131 3352 373 3416 γύπτου,
411 3359 465 3407 et
501 3352 644 3408 alibi.

207 3438 410 3494 Novum
459 3439 720 3496 emblema
769 3443 821 3496 in
872 3442 911 3499 l.
954 3460 1008 3497 n.
1053 3447 1103 3496 9.
1163 3440 1500 3514 deprehendo
1548 3443 1599 3497 in
1652 3441 1827 3496 verbis
1879 3441 1964 3494 καὶ
2019 3440 2104 3504 ἧκε

135 3528 399 3595 Κλέαρχος
440 3529 462 3580 5
497 3531 897 3596 Λακεδαιμόνιος
924 3573 936 3593 ,
981 3530 1211 3603 [φυγάς]
1240 3574 1252 3594 ,
1295 3530 1433 3586 malc
1473 3530 1570 3586 hoc
1606 3530 1892 3601 repetitum
1927 3535 2010 3583 est
2043 3545 2105 3584 ex

134 3615 171 3670 l.
218 3633 247 3668 ι.
292 3621 360 3674 ἵ),
426 3615 511 3669 uhi
558 3616 698 3673 illius
742 3621 814 3674 rei
860 3621 1058 3676 mentio
1110 3628 1214 3673 tani
1258 3627 1555 3690 opportuna
1598 3625 1673 3673 cst
1716 3634 1876 3687 quam
1921 3624 1998 3671 est
2053 3618 2105 3670 in
