2436 4068
1333 207 1439 258 5M22

470 353 671 410 Eodem
712 351 869 408 modo
908 350 1124 407 verbum
1161 347 1452 417 τυγχάνειν
1483 354 1538 404 et
1573 350 1773 405 caeteri
1808 365 1993 407 omnes
2028 365 2184 421 saepe
2221 362 2376 404 usur·

398 450 530 514 pant
573 449 627 497 et
664 441 977 513 saepissime
1024 436 1303 502 OratoreS,
1346 452 1576 508 quorum
1621 436 1826 508 aliquot
1856 437 1999 493 locos
2037 437 2385 511 praemittam

400 529 683 586 emendate
726 529 782 582 in
821 527 974 581 libris
1012 525 1273 597 scriptOS,
1313 531 1375 579 ut
1415 539 1480 581 ex
1519 525 1586 579 iis
1624 526 1908 580 restituam
1943 526 2111 591 alios,
2149 524 2244 579 uhi
2283 524 2385 580 hoc

402 617 615 673 dicendi
652 631 823 686 genus
859 613 1066 669 scribae
1100 612 1471 686 interpolando
1506 611 1885 684 depravarunt.
1965 612 2153 686 Lysias
2189 611 2384 667 XXIV.

402 709 492 760 25.
532 704 817 770 μηδαμῶς,
869 699 904 756 ὦ
945 702 1142 767 Βουλή,
1180 701 1350 771 ταύτῃ
1390 702 1537 764 θῆσθε
1576 703 1669 763 την
1709 707 1905 770 ψῆφον.
1945 700 2031 755 διὰ
2077 699 2132 755 τί
2170 700 2276 767 γὰρ
2318 698 2384 754 ἂν

402 792 490 847 καὶ
514 792 729 858 τύχοιμι
751 789 986 844 τοιούτων
1008 791 1179 856 ὑμῶνς
1219 789 1408 845 XVIII.
1434 792 1523 843 25.
1565 787 1764 850 ταύτην
1786 790 2112 853 άπαιτοῦμεν
2136 787 2274 852 ὑμᾶς
2294 787 2388 849 τὴν

402 878 591 948 χάριν
633 878 707 944 μη
740 879 977 945 περιιδεῖν
1008 881 1148 944 ἡμᾶς
1179 876 1378 945 ἀπόρως
1400 875 1726 937 διατεθέντας
1747 907 1822 916 ——
1842 876 1990 931 ἄλλα
2019 875 2154 930 πολὺ
2181 878 2390 941 μᾶλλον

404 965 751 1035 παράδειγμα
800 973 1006 1029 ποιῆσαι
1057 973 1163 1027 τοῖς
1202 964 1530 1031 βουλομένοις
1582 966 1675 1026 τὴν
1724 964 1876 1019 πόλιν
1924 960 1980 1019 εὖ
2035 969 2231 1028 ποιεῖν,
2280 961 2391 1018 οἵων

405 1055 544 1121 ὑμῶν
569 1055 621 1109 ἐν
653 1060 760 1116 τοῖς
788 1054 1027 1119 κινδύνοις
1055 1052 1358 1118 τεύξονται,
1397 1051 1449 1105 id
1479 1057 1561 1106 est
1580 1047 1665 1106 οἷοι
1688 1052 1799 1119 περ)
1832 1052 2018 1113 αὐτοὺς
2042 1053 2190 1117 ὑμεῖς
2211 1051 2263 1104 ἐν
2284 1058 2391 1112 τοῖς

399 1141 644 1204 κινδύνοις
676 1141 870 1196 ἔσεσθε.
948 1140 1249 1196 Andocides
1268 1139 1360 1194 III.
1395 1142 1484 1195 21.
1528 1142 1648 1204 ἡμῖν
1677 1139 1728 1194 δὲ
1765 1144 1869 1200 πῶς
1900 1138 2035 1202 ἔξεςι
2073 1141 2165 1202 την
2200 1139 2392 1206 εἰρήνην

403 1229 748 1293 ποιήσασθαις
792 1229 946 1283 ποίων
981 1231 1128 1284 τινῶν
1156 1227 1577 1294 Λακεδαιμονίων
1604 1227 2009 1295 τυγχάνοντας;
2052 1226 2200 1282 Idem
2220 1225 2311 1281 IV.
2339 1229 2392 1280 2.

402 1317 642 1384 μεγίςοις
683 1317 1055 1384 περιπέπτωκα
1096 1316 1334 1376 κινδύνοις
1383 1315 1644 1382 προθύμων
1685 1315 1780 1381 μὲν
1819 1314 1906 1369 καὶ
1951 1315 2160 1379 άγαθῶν
2205 1314 2392 1381 άνδρῶν

401 1407 545 1472 ὑμῶν
603 1403 924 1473 τυγχάνων,
978 1404 1149 1472 διόπερ
1207 1403 1472 1471 σώζομαι,
1534 1403 1764 1463 πλείςοις
1819 1404 1872 1458 δὲ
1936 1402 2023 1458 καὶ
2083 1400 2392 1462 δεινοτάτοις

404 1494 603 1560 ἐχθροῖς
649 1493 932 1560 χρώμενος.
1014 1491 1352 1563 Quicumque
1393 1490 1531 1545 hanc
1585 1490 1882 1545 orationem
1925 1496 2020 1545 aut
2065 1489 2255 1545 habuit
2299 1495 2395 1545 aut

402 1580 626 1651 scripsit
682 1579 781 1635 hoc
835 1580 1000 1636 dicit:
1056 1596 1212 1652 saepe
1264 1580 1318 1633 in
1362 1577 1580 1633 iudiciis
1621 1579 1677 1632 in
1731 1578 1924 1650 capitis
1971 1577 2264 1633 discrimen
2306 1576 2396 1632 ad-

404 1667 605 1721 ductus
646 1683 798 1732 sum,
859 1667 952 1722 sed
1005 1684 1217 1739 semper
1263 1666 1576 1730 absolutuS,
1628 1664 1704 1720 ότι
1755 1665 1998 1734 πρόθυμοι
2052 1665 2140 1721 καὶ
2200 1665 2389 1732 ἁγαθοὶ

405 1754 582 1822 ἄνδρες
626 1755 739 1823 περὶ
793 1757 888 1822 ἐμὲ
944 1755 1197 1821 ἐγένεσθε.
1278 1756 1340 1809 In
1401 1752 1770 1825 Xenophontis
1826 1753 2059 1809 Anabasi
2098 1753 2159 1807 V.
2202 1771 2253 1808 v.
2301 1756 2392 1810 15.

405 1845 632 1911 ἐρωτᾶτε
674 1843 852 1897 ὁποίων
888 1849 1032 1898 τινῶν
1077 1846 1215 1909 ἡμῶν
1262 1842 1484 1911 ἔτυχον,
1525 1841 1580 1895 id
1621 1849 1702 1896 est
1747 1841 1908 1896 ὁποῖοί
1961 1861 2094 1902 τινες
2143 1841 2258 1909 περὶ
2301 1841 2394 1896 αὖ·

403 1931 523 1990 τοὺς
561 1929 861 1996 ἐγενόμεθα.
923 1930 1246 2002 Reponenda
1278 1938 1360 1985 est
1398 1929 1583 1985 eadem
1621 1927 1874 1999 loquendi
1915 1928 2087 1983 forma
2115 1927 2257 2000 apud
2294 1926 2395 2002 Ly·

402 2018 540 2073 siam
584 2017 700 2072 XII.
747 2022 833 2072 77.
893 2017 1287 2081 TherameneS‚
1345 2018 1559 2089 inquit,
1617 2017 1733 2088 ipse
1795 2015 1926 2072 haec
1979 2017 2197 2080 omnia,
2259 2031 2396 2088 quae

403 2122 505 2176 ego
551 2104 671 2159 dico
698 2147 709 2167 ,
756 2105 809 2159 in
852 2111 1044 2160 senatu
1087 2105 1257 2171 dixit,
1309 2105 1552 2173 ὀνειδίζων
1593 2105 1689 2170 μὲν
1740 2111 1846 2166 τοῖς
1887 2104 2171 2173 φεύγουσιν
2215 2102 2292 2159 δ’τι
2333 2105 2395 2159 δι’

404 2193 563 2250 αὐτὸν
618 2191 942 2256 κατέλθοιεν,
999 2194 1137 2247 οὐδὲν
1194 2194 1469 2262 φροντίζων
1520 2198 1618 2246 τῶν
1660 2193 2079 2258 Λακεδαιμονίων
2130 2191 2275 2264 (nam
2318 2192 2396 2247 sic

406 2278 759 2351 legendum),
804 2280 1046 2348 ὀνειδίζων
1087 2281 1139 2334 δὲ
1183 2289 1288 2342 τοῖς
1329 2287 1422 2343 τῆς
1468 2280 1738 2340 πολιτείας
1780 2280 2092 2348 μετέχουσιν
2137 2275 2214 2334 ὅτι
2267 2277 2396 2334 πάν·

406 2387 507 2421 των
546 2372 644 2420 τῶν
678 2367 1060 2435 πεπραγμένων
1106 2369 1263 2429 αὐτὸς
1305 2368 1468 2430 αἴτιος
1507 2366 1854 2433 γεγενημένος
1895 2366 2132 2421 τοιούτων
2181 2365 2398 2435 τυγχά-

406 2474 508 2518 νοι,
550 2454 660 2508 imo
701 2471 826 2509 vero
868 2456 1104 2511 τοιούτων
1144 2459 1312 2511 αὐτῶν
1351 2456 1654 2524 τυγχάνοι,
1717 2454 1771 2508 id
1808 2461 1889 2509 cst
1940 2451 2016 2509 ὅτι
2066 2455 2178 2523 περὶ
2240 2454 2396 2510 αὐτὸν

406 2538 506 2596 εἷεν
547 2547 799 2605 τοιοῦτοι,
845 2558 1036 2614 nempe
1074 2541 1251 2602 άπιςοι
1292 2545 1379 2599 καὶ
1421 2543 1687 2612 άχάριςοι.
1772 2541 2034 2597 Similiter
2065 2542 2260 2598 XXIV.
2304 2545 2393 2598 26.

409 2631 484 2695 μη
525 2629 724 2695 τοίνυν,
765 2627 800 2684 ὦ
840 2633 1040 2695 Βουλη,
1078 2633 1237 2696 μηδὲν
1272 2634 1577 2699 ἡμαρτηκὼς
1625 2631 1803 2697 ὁμοίως
1846 2633 1982 2696 ὑμῶν
2025 2630 2242 2698 τύχοιμι
2292 2638 2398 2693 τοῖς

412 2718 592 2771 πολλοὶ
646 2717 942 2783 ἠδικηκόσι,
1006 2719 1259 2790 quoniam
1327 2725 1547 2791 apparet
1600 2718 1700 2773 hoc
1740 2718 1919 2773 (licere
1966 2717 2266 2787 hominem:
2323 2720 2398 2784 μὴ

412 2809 625 2859 τοιοῦτοι
667 2805 779 2873 περὶ
814 2807 908 2871 ἐμὲ
948 2807 1157 2873 γένεσθε
1191 2809 1277 2862 τὸν
1317 2807 1473 2872 μηδὲν
1518 2806 1886 2875 ἡμαρτηκότα,
1925 2802 2110 2873 οἷοίπερ
2162 2807 2246 2864 ἐςε
2283 2805 2395 2874 περὶ

413 2893 531 2954 τοὺς
587 2894 764 2948 πολλοὶ
818 2895 1155 2959 ἠδικηκότας,
1208 2895 1557 2966 perspicuum
1618 2900 1700 2948 est
1752 2893 1858 2964 legi
1917 2900 2161 2964 oportere
2222 2894 2400 2960 ὁμοίων

416 2981 552 3044 ὑμῶν
600 2981 851 3048 τύχοιμι,
899 2988 952 3037 et
1007 2984 1062 3036 in
1110 2982 1215 3037 fine
1255 2982 1616 3054 lepidissimae
1649 2980 2019 3036 oratiunculae
2066 2980 2106 3054 S
2156 2985 2246 3038 27.
2298 2983 2398 3047 ἐγὼ

412 3067 467 3120 δὲ
496 3066 687 3121 τούτων
736 3070 856 3132 ὑμῖν
902 3072 1076 3139 τυχὼν
1116 3069 1210 3134 ἔξω
1258 3072 1351 3133 τὴν
1391 3070 1548 3139 χάριν
1575 3113 1587 3135 ,
1632 3071 1724 3141 qui
1762 3069 1976 3142 Lysiam
2020 3068 2154 3124 bene
2200 3074 2399 3123 norunt

413 3153 571 3207 facile
619 3154 920 3225 intelligent
958 3158 1034 3212 ita
1074 3157 1140 3212 ab
1179 3175 1240 3213 eo
1279 3158 1387 3212 dici
1428 3175 1531 3212 non
1573 3158 1810 3230 potuisse
1854 3173 1948 3227 pro
1984 3157 2086 3221 ἐγὼ
2125 3157 2176 3210 δὲ
2219 3157 2398 3212 τούτου

413 3246 538 3309 παρ’
575 3241 713 3306 ὑμῶν
755 3245 928 3310 τυχών
964 3245 1045 3300 vel
1080 3263 1176 3317 pro
1212 3247 1314 3311 ἐγὼ
1355 3247 1407 3300 δὲ
1446 3247 1627 3302 τούτου
1660 3246 1832 3313 τυχὼν
1874 3246 1993 3309 ὑμῖν
2029 3241 2122 3306 ἔξω
2161 3245 2251 3306 τὴν
2285 3243 2396 3311 χά-

411 3349 517 3396 ριν,
574 3345 678 3399 quo
736 3327 949 3384 facillus
1004 3333 1138 3387 mihi
1179 3335 1543 3389 assentientur
1582 3331 1976 3389 emendandum
2033 3347 2147 3385 esse
2199 3331 2301 3396 ἐγὼ
2341 3331 2393 3385 δὲ

412 3415 649 3470 τοιούτων
687 3417 821 3482 ὑμῶν
861 3419 1034 3486 τυχών
1075 3424 1183 3476 κτέ.
1264 3422 1346 3476 Ex
1392 3421 1631 3476 eiusdem
1685 3422 1764 3475 rei
1816 3418 2184 3474 observatione
2232 3417 2394 3489 expli-

405 3502 621 3646 lcandus
661 3511 743 3560 est
785 3503 1058 3579 Sophoclis
1098 3507 1154 3564 in
1191 3506 1487 3567 Philocteta
1523 3508 1672 3566 locus
1700 3524 1777 3566 vs,
1815 3506 1940 3563 520.
2021 3505 2239 3563 Dixerat
2275 3504 2395 3561 Phi-

427 3597 658 3648 octetes:
