<?xml version="1.0" encoding="UTF-8"?>
<!DOCTYPE html PUBLIC "-//W3C//DTD XHTML 1.0 Transitional//EN"
    "http://www.w3.org/TR/xhtml1/DTD/xhtml1-transitional.dtd">
<html xmlns="http://www.w3.org/1999/xhtml" xml:lang="en" lang="en">
 <head>
  <title>
</title>
<meta http-equiv="Content-Type" content="text/html;charset=utf-8" />
  <meta name='ocr-system' content='tesseract 3.04.00' />
  <meta name='ocr-capabilities' content='ocr_page ocr_carea ocr_par ocr_line ocrx_word'/>
</head>
<body>
  <div class='ocr_page' id='page_1' title='image "./novaelectionesqu00cobeuoft/novaelectionesqu00cobeuoft_0330.png"; bbox 0 0 2436 4068; ppageno 0'>
   <div class='ocr_carea' id='block_1_1' title="bbox 1314 212 1418 262">
    <p class='ocr_par' dir='ltr' id='par_1_1' title="bbox 1314 212 1418 262">
     <span class='ocr_line' id='line_1_1' title="bbox 1314 212 1418 262; baseline 0.019 -2"><span class='ocrx_word' id='word_1_1' title='bbox 1314 212 1418 262; x_wconf 72' lang='lat'>296</span> 
     </span>
    </p>
   </div>
   <div class='ocr_carea' id='block_1_2' title="bbox 382 353 2362 2010">
    <p class='ocr_par' dir='ltr' id='par_1_2' title="bbox 385 353 2355 500">
     <span class='ocr_line' id='line_1_2' title="bbox 385 353 2355 427; baseline 0.001 -15"><span class='ocrx_word' id='word_1_2' title='bbox 385 374 473 412; x_wconf 84' lang='lat' dir='ltr'>sae</span> <span class='ocrx_word' id='word_1_3' title='bbox 531 354 935 427; x_wconf 88' lang='lat' dir='ltr'>nterpolationis</span> <span class='ocrx_word' id='word_1_4' title='bbox 988 355 1279 425; x_wconf 81' lang='lat' dir='ltr'>specimina</span> <span class='ocrx_word' id='word_1_5' title='bbox 1350 353 1611 425; x_wconf 82' lang='lat' dir='ltr'>quaedam</span> <span class='ocrx_word' id='word_1_6' title='bbox 1665 363 1717 409; x_wconf 84' lang='lat' dir='ltr'>et</span> <span class='ocrx_word' id='word_1_7' title='bbox 1768 356 1851 410; x_wconf 92' lang='lat' dir='ltr'>his</span> <span class='ocrx_word' id='word_1_8' title='bbox 1908 355 2163 410; x_wconf 88' lang='lat' dir='ltr'>nonnulla</span> <span class='ocrx_word' id='word_1_9' title='bbox 2223 374 2355 413; x_wconf 89' lang='lat' dir='ltr'>nova</span> 
     </span>
     <span class='ocr_line' id='line_1_3' title="bbox 386 446 667 500; baseline -0.011 0"><span class='ocrx_word' id='word_1_10' title='bbox 386 446 667 500; x_wconf 87' lang='lat' dir='ltr'>subiicere.</span> 
     </span>
    </p>

    <p class='ocr_par' dir='ltr' id='par_1_3' title="bbox 386 530 2355 777">
     <span class='ocr_line' id='line_1_4' title="bbox 473 530 2355 603; baseline 0.001 -16"><span class='ocrx_word' id='word_1_11' title='bbox 473 534 552 587; x_wconf 87' lang='lat' dir='ltr'>Ex</span> <span class='ocrx_word' id='word_1_12' title='bbox 603 530 783 585; x_wconf 82' lang='lat' dir='ltr'>Medea</span> <span class='ocrx_word' id='word_1_13' title='bbox 837 530 1035 600; x_wconf 88' lang='lat' dir='ltr'>optime</span> <span class='ocrx_word' id='word_1_14' title='bbox 1089 535 1464 600; x_wconf 82' lang='lat' dir='ltr'>expunxerunt</span> <span class='ocrx_word' id='word_1_15' title='bbox 1516 547 1617 584; x_wconf 90' lang='lat' dir='ltr'>vss.</span> <span class='ocrx_word' id='word_1_16' title='bbox 1655 534 1761 603; x_wconf 81' lang='lat'>41,</span> <span class='ocrx_word' id='word_1_17' title='bbox 1818 536 1962 596; x_wconf 86' lang='lat'><strong>504,</strong></span> <span class='ocrx_word' id='word_1_18' title='bbox 2011 536 2155 597; x_wconf 84' lang='lat'><strong>468,</strong></span> <span class='ocrx_word' id='word_1_19' title='bbox 2210 537 2355 597; x_wconf 84' lang='lat'><strong>786,</strong></span> 
     </span>
     <span class='ocr_line' id='line_1_5' title="bbox 386 617 2353 692; baseline 0.001 -18"><span class='ocrx_word' id='word_1_20' title='bbox 386 625 528 676; x_wconf 88' lang='lat'>1006</span> <span class='ocrx_word' id='word_1_21' title='bbox 570 636 675 689; x_wconf 60' lang='lat' dir='ltr'>sq„</span> <span class='ocrx_word' id='word_1_22' title='bbox 720 621 862 671; x_wconf 74' lang='lat'>1062</span> <span class='ocrx_word' id='word_1_23' title='bbox 904 634 980 688; x_wconf 89' lang='lat' dir='ltr'>sq.</span> <span class='ocrx_word' id='word_1_24' title='bbox 1035 617 1127 672; x_wconf 88' lang='lat' dir='ltr'>sed</span> <span class='ocrx_word' id='word_1_25' title='bbox 1167 618 1418 671; x_wconf 87' lang='lat' dir='ltr'>Piersono</span> <span class='ocrx_word' id='word_1_26' title='bbox 1465 635 1675 690; x_wconf 89' lang='lat' dir='ltr'>quoque</span> <span class='ocrx_word' id='word_1_27' title='bbox 1727 618 2152 690; x_wconf 81' lang='lat' dir='ltr'>obtemperatum</span> <span class='ocrx_word' id='word_1_28' title='bbox 2204 637 2353 692; x_wconf 92' lang='lat' dir='ltr'>opor-</span> 
     </span>
     <span class='ocr_line' id='line_1_6' title="bbox 387 705 1363 777; baseline -0.003 -14"><span class='ocrx_word' id='word_1_29' title='bbox 387 710 525 772; x_wconf 80' lang='lat' dir='ltr'>tuit,</span> <span class='ocrx_word' id='word_1_30' title='bbox 568 706 659 777; x_wconf 90' lang='lat' dir='ltr'>qui</span> <span class='ocrx_word' id='word_1_31' title='bbox 699 712 855 760; x_wconf 88' lang='lat' dir='ltr'>acute</span> <span class='ocrx_word' id='word_1_32' title='bbox 903 705 1038 758; x_wconf 88' lang='lat' dir='ltr'>vidit</span> <span class='ocrx_word' id='word_1_33' title='bbox 1084 723 1160 759; x_wconf 75' lang='lat' dir='ltr'>VS.</span> <span class='ocrx_word' id='word_1_34' title='bbox 1201 709 1363 760; x_wconf 88' lang='lat'>1067.</span> 
     </span>
    </p>

    <p class='ocr_par' dir='ltr' id='par_1_4' title="bbox 535 791 1810 862">
     <span class='ocr_line' id='line_1_7' title="bbox 535 791 1810 862; baseline 0 -14"><span class='ocrx_word' id='word_1_35' title='bbox 535 810 538 812; x_wconf 75' lang='grc'><strong>’</strong></span> <span class='ocrx_word' id='word_1_36' title='bbox 681 796 806 848; x_wconf 73' lang='grc' dir='ltr'>ἀλλ’</span> <span class='ocrx_word' id='word_1_37' title='bbox 846 791 951 859; x_wconf 83' lang='grc' dir='ltr'><em>εἶμι</em></span> <span class='ocrx_word' id='word_1_38' title='bbox 992 794 1096 862; x_wconf 71' lang='grc' dir='ltr'>γαρ</span> <span class='ocrx_word' id='word_1_39' title='bbox 1135 795 1194 858; x_wconf 72' lang='grc' dir='ltr'>δὴ</span> <span class='ocrx_word' id='word_1_40' title='bbox 1234 793 1624 860; x_wconf 72' lang='grc' dir='ltr'><em>τλημονεςατην</em></span> <span class='ocrx_word' id='word_1_41' title='bbox 1663 794 1772 849; x_wconf 77' lang='grc' dir='ltr'><em>ὁδόν</em></span> <span class='ocrx_word' id='word_1_42' title='bbox 1798 837 1810 859; x_wconf 91' lang='grc'><strong>,</strong></span> 
     </span>
    </p>

    <p class='ocr_par' dir='ltr' id='par_1_5' title="bbox 664 881 1823 955">
     <span class='ocr_line' id='line_1_8' title="bbox 664 881 1823 955; baseline 0.001 -20"><span class='ocrx_word' id='word_1_43' title='bbox 664 881 773 955; x_wconf 81' lang='grc' dir='ltr'>[καὶ</span> <span class='ocrx_word' id='word_1_44' title='bbox 814 882 993 936; x_wconf 81' lang='grc' dir='ltr'><em>τούσδε</em></span> <span class='ocrx_word' id='word_1_45' title='bbox 1032 882 1227 951; x_wconf 84' lang='grc' dir='ltr'><em>πέμψω</em></span> <span class='ocrx_word' id='word_1_46' title='bbox 1266 882 1643 951; x_wconf 84' lang='grc' dir='ltr'><em>τλημονεςέραν</em></span> <span class='ocrx_word' id='word_1_47' title='bbox 1683 882 1823 952; x_wconf 81' lang='grc' dir='ltr'><em>ἔτι,]</em></span> 
     </span>
    </p>

    <p class='ocr_par' dir='ltr' id='par_1_6' title="bbox 382 971 2361 1482">
     <span class='ocr_line' id='line_1_9' title="bbox 680 971 1521 1037; baseline 0.001 -14"><span class='ocrx_word' id='word_1_48' title='bbox 680 971 874 1030; x_wconf 76' lang='grc' dir='ltr'><em>παῖδας</em></span> <span class='ocrx_word' id='word_1_49' title='bbox 914 979 1203 1037; x_wconf 80' lang='grc' dir='ltr'><em>προσειπεῖν</em></span> <span class='ocrx_word' id='word_1_50' title='bbox 1240 971 1521 1036; x_wconf 82' lang='grc' dir='ltr'><em>βούλομαι.</em></span> 
     </span>
     <span class='ocr_line' id='line_1_10' title="bbox 382 1057 2358 1129; baseline -0.001 -16"><span class='ocrx_word' id='word_1_51' title='bbox 382 1058 621 1114; x_wconf 89' lang='lat' dir='ltr'>medium</span> <span class='ocrx_word' id='word_1_52' title='bbox 672 1058 946 1112; x_wconf 90' lang='lat' dir='ltr'>senarium</span> <span class='ocrx_word' id='word_1_53' title='bbox 993 1057 1058 1111; x_wconf 88' lang='lat' dir='ltr'>ab</span> <span class='ocrx_word' id='word_1_54' title='bbox 1104 1058 1482 1129; x_wconf 83' lang='lat' dir='ltr'>interpolatore</span> <span class='ocrx_word' id='word_1_55' title='bbox 1537 1059 1715 1129; x_wconf 90' lang='lat' dir='ltr'>inepte</span> <span class='ocrx_word' id='word_1_56' title='bbox 1767 1075 1883 1113; x_wconf 89' lang='lat' dir='ltr'>esse</span> <span class='ocrx_word' id='word_1_57' title='bbox 1937 1059 2218 1113; x_wconf 87' lang='lat' dir='ltr'>insertum.</span> <span class='ocrx_word' id='word_1_58' title='bbox 2298 1058 2358 1112; x_wconf 91' lang='lat' dir='ltr'>In</span> 
     </span>
     <span class='ocr_line' id='line_1_11' title="bbox 382 1145 2360 1219; baseline 0.001 -19"><span class='ocrx_word' id='word_1_59' title='bbox 382 1147 560 1202; x_wconf 88' lang='lat' dir='ltr'>fabula</span> <span class='ocrx_word' id='word_1_60' title='bbox 614 1146 770 1201; x_wconf 90' lang='lat' dir='ltr'>toties</span> <span class='ocrx_word' id='word_1_61' title='bbox 817 1145 1120 1200; x_wconf 82' lang='lat' dir='ltr'>istiusmodi</span> <span class='ocrx_word' id='word_1_62' title='bbox 1169 1146 1313 1200; x_wconf 89' lang='lat' dir='ltr'>vitiis</span> <span class='ocrx_word' id='word_1_63' title='bbox 1362 1147 1643 1217; x_wconf 85' lang='lat' dir='ltr'>inquinata</span> <span class='ocrx_word' id='word_1_64' title='bbox 1691 1162 1797 1199; x_wconf 90' lang='lat' dir='ltr'>non</span> <span class='ocrx_word' id='word_1_65' title='bbox 1849 1145 2136 1201; x_wconf 88' lang='lat' dir='ltr'>reformido</span> <span class='ocrx_word' id='word_1_66' title='bbox 2190 1148 2360 1219; x_wconf 91' lang='lat' dir='ltr'>suspi-</span> 
     </span>
     <span class='ocr_line' id='line_1_12' title="bbox 385 1233 2361 1305; baseline 0 -15"><span class='ocrx_word' id='word_1_67' title='bbox 385 1238 592 1291; x_wconf 87' lang='lat' dir='ltr'>cionem</span> <span class='ocrx_word' id='word_1_68' title='bbox 639 1251 829 1288; x_wconf 89' lang='lat' dir='ltr'>novam</span> <span class='ocrx_word' id='word_1_69' title='bbox 884 1251 1096 1289; x_wconf 90' lang='lat' dir='ltr'>movere</span> <span class='ocrx_word' id='word_1_70' title='bbox 1149 1234 1365 1290; x_wconf 89' lang='lat' dir='ltr'>inficeto</span> <span class='ocrx_word' id='word_1_71' title='bbox 1414 1233 1711 1298; x_wconf 85' lang='lat' dir='ltr'>versiculo,</span> <span class='ocrx_word' id='word_1_72' title='bbox 1766 1235 1858 1305; x_wconf 90' lang='lat' dir='ltr'>qui</span> <span class='ocrx_word' id='word_1_73' title='bbox 1916 1233 2247 1290; x_wconf 90' lang='lat' dir='ltr'>vehementis</span> <span class='ocrx_word' id='word_1_74' title='bbox 2307 1242 2361 1290; x_wconf 86' lang='lat' dir='ltr'>et</span> 
     </span>
     <span class='ocr_line' id='line_1_13' title="bbox 383 1322 2361 1395; baseline 0 -17"><span class='ocrx_word' id='word_1_75' title='bbox 383 1324 748 1379; x_wconf 87' lang='lat' dir='ltr'>inflammatae</span> <span class='ocrx_word' id='word_1_76' title='bbox 802 1322 1058 1376; x_wconf 87' lang='lat' dir='ltr'>orationis</span> <span class='ocrx_word' id='word_1_77' title='bbox 1113 1323 1222 1377; x_wconf 91' lang='lat' dir='ltr'>vim</span> <span class='ocrx_word' id='word_1_78' title='bbox 1275 1330 1328 1378; x_wconf 91' lang='lat' dir='ltr'>et</span> <span class='ocrx_word' id='word_1_79' title='bbox 1386 1322 1632 1377; x_wconf 88' lang='lat' dir='ltr'>ardorem</span> <span class='ocrx_word' id='word_1_80' title='bbox 1690 1323 1996 1394; x_wconf 84' lang='lat' dir='ltr'>importune</span> <span class='ocrx_word' id='word_1_81' title='bbox 2058 1322 2258 1395; x_wconf 87' lang='lat' dir='ltr'>frangit</span> <span class='ocrx_word' id='word_1_82' title='bbox 2307 1330 2361 1378; x_wconf 87' lang='lat' dir='ltr'>et</span> 
     </span>
     <span class='ocr_line' id='line_1_14' title="bbox 385 1412 989 1482; baseline -0.005 -15"><span class='ocrx_word' id='word_1_83' title='bbox 385 1412 673 1482; x_wconf 79' lang='lat' dir='ltr'>restinguit</span> <span class='ocrx_word' id='word_1_84' title='bbox 714 1427 789 1464; x_wconf 74' lang='grc' dir='ltr'>νε.</span> <span class='ocrx_word' id='word_1_85' title='bbox 830 1415 989 1465; x_wconf 88' lang='grc'><strong>1078.</strong></span> 
     </span>
    </p>

    <p class='ocr_par' dir='ltr' id='par_1_7' title="bbox 687 1496 1904 1567">
     <span class='ocr_line' id='line_1_15' title="bbox 687 1496 1904 1567; baseline -0.001 -15"><span class='ocrx_word' id='word_1_86' title='bbox 687 1498 774 1552; x_wconf 75' lang='grc' dir='ltr'>καὶ</span> <span class='ocrx_word' id='word_1_87' title='bbox 815 1497 1054 1564; x_wconf 72' lang='grc' dir='ltr'><em>μανθάνω</em></span> <span class='ocrx_word' id='word_1_88' title='bbox 1095 1499 1190 1564; x_wconf 80' lang='grc' dir='ltr'>μὲν</span> <span class='ocrx_word' id='word_1_89' title='bbox 1229 1496 1310 1554; x_wconf 80' lang='grc' dir='ltr'>οἷα</span> <span class='ocrx_word' id='word_1_90' title='bbox 1349 1500 1468 1567; x_wconf 72' lang='grc' dir='ltr'><em>δρᾶν</em></span> <span class='ocrx_word' id='word_1_91' title='bbox 1508 1498 1685 1564; x_wconf 86' lang='grc' dir='ltr'><em>μέλλω</em></span> <span class='ocrx_word' id='word_1_92' title='bbox 1727 1498 1904 1563; x_wconf 72' lang='grc' dir='ltr'><em>κακά,</em></span> 
     </span>
    </p>

    <p class='ocr_par' dir='ltr' id='par_1_8' title="bbox 686 1585 1944 1654">
     <span class='ocr_line' id='line_1_16' title="bbox 686 1585 1944 1654; baseline -0.001 -13"><span class='ocrx_word' id='word_1_93' title='bbox 686 1588 839 1652; x_wconf 81' lang='grc' dir='ltr'><em>θυμὸς</em></span> <span class='ocrx_word' id='word_1_94' title='bbox 881 1588 931 1640; x_wconf 79' lang='grc' dir='ltr'>δὲ</span> <span class='ocrx_word' id='word_1_95' title='bbox 969 1587 1206 1654; x_wconf 82' lang='grc' dir='ltr'><em>κρείσσων</em></span> <span class='ocrx_word' id='word_1_96' title='bbox 1245 1589 1344 1641; x_wconf 77' lang='grc' dir='ltr'>τῶν</span> <span class='ocrx_word' id='word_1_97' title='bbox 1383 1589 1514 1652; x_wconf 77' lang='grc' dir='ltr'><em>ἐμῶν</em></span> <span class='ocrx_word' id='word_1_98' title='bbox 1553 1585 1944 1653; x_wconf 70' lang='grc' dir='ltr'><em>βουλευμάτων.</em></span> 
     </span>
    </p>

    <p class='ocr_par' dir='ltr' id='par_1_9' title="bbox 382 1673 2362 2010">
     <span class='ocr_line' id='line_1_17' title="bbox 671 1673 1808 1746; baseline 0.002 -18"><span class='ocrx_word' id='word_1_99' title='bbox 671 1673 846 1746; x_wconf 73' lang='grc' dir='ltr'><em>[ὅσπερ</em></span> <span class='ocrx_word' id='word_1_100' title='bbox 885 1676 1116 1740; x_wconf 72' lang='grc' dir='ltr'><em>μεγίςων</em></span> <span class='ocrx_word' id='word_1_101' title='bbox 1155 1675 1317 1735; x_wconf 78' lang='grc' dir='ltr'><em>αἴτιος</em></span> <span class='ocrx_word' id='word_1_102' title='bbox 1357 1681 1524 1730; x_wconf 81' lang='grc' dir='ltr'><em>κακῶν</em></span> <span class='ocrx_word' id='word_1_103' title='bbox 1561 1676 1808 1745; x_wconf 67' lang='grc' dir='ltr'><em>βροτοῖς]</em></span> 
     </span>
     <span class='ocr_line' id='line_1_18' title="bbox 385 1762 2362 1835; baseline 0 -18"><span class='ocrx_word' id='word_1_104' title='bbox 385 1769 660 1835; x_wconf 83' lang='lat' dir='ltr'>poteratne</span> <span class='ocrx_word' id='word_1_105' title='bbox 702 1763 1088 1834; x_wconf 86' lang='lat' dir='ltr'>importuniore</span> <span class='ocrx_word' id='word_1_106' title='bbox 1124 1762 1237 1817; x_wconf 90' lang='lat' dir='ltr'>loco</span> <span class='ocrx_word' id='word_1_107' title='bbox 1277 1764 1380 1816; x_wconf 87' lang='lat' dir='ltr'>ista</span> <span class='ocrx_word' id='word_1_108' title='bbox 1425 1764 1690 1818; x_wconf 90' lang='lat' dir='ltr'>sententia</span> <span class='ocrx_word' id='word_1_109' title='bbox 1739 1762 1886 1816; x_wconf 85' lang='lat' dir='ltr'>velut</span> <span class='ocrx_word' id='word_1_110' title='bbox 1926 1762 2116 1817; x_wconf 91' lang='lat' dir='ltr'>inutile</span> <span class='ocrx_word' id='word_1_111' title='bbox 2154 1762 2362 1834; x_wconf 85' lang='lat' dir='ltr'>pondus</span> 
     </span>
     <span class='ocr_line' id='line_1_19' title="bbox 384 1850 2360 1923; baseline 0 -17"><span class='ocrx_word' id='word_1_112' title='bbox 384 1851 642 1923; x_wconf 76' lang='lat' dir='ltr'>appendi?</span> <span class='ocrx_word' id='word_1_113' title='bbox 723 1851 941 1917; x_wconf 80' lang='lat' dir='ltr'>Quoties</span> <span class='ocrx_word' id='word_1_114' title='bbox 981 1850 1404 1922; x_wconf 88' lang='lat' dir='ltr'>pulcherrimum</span> <span class='ocrx_word' id='word_1_115' title='bbox 1450 1850 1625 1904; x_wconf 89' lang='lat' dir='ltr'>locum</span> <span class='ocrx_word' id='word_1_116' title='bbox 1660 1850 1836 1921; x_wconf 86' lang='lat' dir='ltr'>relego</span> <span class='ocrx_word' id='word_1_117' title='bbox 1875 1851 2047 1905; x_wconf 89' lang='lat' dir='ltr'>sentio</span> <span class='ocrx_word' id='word_1_118' title='bbox 2086 1858 2203 1922; x_wconf 89' lang='lat' dir='ltr'>post</span> <span class='ocrx_word' id='word_1_119' title='bbox 2239 1852 2360 1916; x_wconf 85' lang='grc' dir='ltr'><em>βου-</em></span> 
     </span>
     <span class='ocr_line' id='line_1_20' title="bbox 382 1937 2360 2010; baseline -0.001 -16"><span class='ocrx_word' id='word_1_120' title='bbox 382 1939 656 2005; x_wconf 66' lang='grc' dir='ltr'><em>λευμάτων</em></span> <span class='ocrx_word' id='word_1_121' title='bbox 708 1939 931 1993; x_wconf 85' lang='lat' dir='ltr'>verbum</span> <span class='ocrx_word' id='word_1_122' title='bbox 993 1956 1096 1992; x_wconf 92' lang='lat' dir='ltr'>non</span> <span class='ocrx_word' id='word_1_123' title='bbox 1146 1938 1377 2010; x_wconf 90' lang='lat' dir='ltr'>amplius</span> <span class='ocrx_word' id='word_1_124' title='bbox 1416 1955 1445 1991; x_wconf 92' lang='lat' dir='ltr'>a</span> <span class='ocrx_word' id='word_1_125' title='bbox 1498 1937 1634 1992; x_wconf 92' lang='lat' dir='ltr'>hono</span> <span class='ocrx_word' id='word_1_126' title='bbox 1691 1946 1848 2010; x_wconf 80' lang='lat' dir='ltr'>poeta</span> <span class='ocrx_word' id='word_1_127' title='bbox 1905 1938 2029 1993; x_wconf 89' lang='lat' dir='ltr'>addi</span> <span class='ocrx_word' id='word_1_128' title='bbox 2081 1945 2360 2010; x_wconf 90' lang='lat' dir='ltr'>oportere,</span> 
     </span>
    </p>
   </div>
   <div class='ocr_carea' id='block_1_3' title="bbox 384 2027 2366 2100">
    <p class='ocr_par' dir='ltr' id='par_1_10' title="bbox 384 2027 2366 2100">
     <span class='ocr_line' id='line_1_21' title="bbox 384 2027 2366 2100; baseline 0 -18"><span class='ocrx_word' id='word_1_129' title='bbox 384 2046 491 2100; x_wconf 90' lang='lat' dir='ltr'>quo</span> <span class='ocrx_word' id='word_1_130' title='bbox 545 2027 912 2082; x_wconf 90' lang='lat' dir='ltr'>vehementius</span> <span class='ocrx_word' id='word_1_131' title='bbox 966 2033 1326 2098; x_wconf 89' lang='lat' dir='ltr'>spectatorum</span> <span class='ocrx_word' id='word_1_132' title='bbox 1369 2027 1535 2080; x_wconf 89' lang='lat' dir='ltr'>animi</span> <span class='ocrx_word' id='word_1_133' title='bbox 1577 2034 2049 2092; x_wconf 86' lang='lat' dir='ltr'>commoveantur,</span> <span class='ocrx_word' id='word_1_134' title='bbox 2097 2034 2150 2082; x_wconf 94' lang='lat' dir='ltr'>et</span> <span class='ocrx_word' id='word_1_135' title='bbox 2183 2044 2366 2099; x_wconf 89' lang='lat' dir='ltr'>quam-</span> 
     </span>
    </p>
   </div>
   <div class='ocr_carea' id='block_1_4' title="bbox 380 2113 2361 2895">
    <p class='ocr_par' dir='ltr' id='par_1_11' title="bbox 383 2113 2361 2364">
     <span class='ocr_line' id='line_1_22' title="bbox 383 2113 2360 2188; baseline -0.001 -17"><span class='ocrx_word' id='word_1_136' title='bbox 383 2134 543 2188; x_wconf 88' lang='lat' dir='ltr'>quam</span> <span class='ocrx_word' id='word_1_137' title='bbox 597 2115 881 2187; x_wconf 88' lang='lat' dir='ltr'>Euripides</span> <span class='ocrx_word' id='word_1_138' title='bbox 931 2116 985 2168; x_wconf 90' lang='lat' dir='ltr'>in</span> <span class='ocrx_word' id='word_1_139' title='bbox 1028 2114 1297 2168; x_wconf 90' lang='lat' dir='ltr'>nonnullis</span> <span class='ocrx_word' id='word_1_140' title='bbox 1340 2113 1807 2186; x_wconf 90' lang='lat' dir='ltr'>reprehensionem</span> <span class='ocrx_word' id='word_1_141' title='bbox 1848 2114 2081 2185; x_wconf 82' lang='lat' dir='ltr'>effugere</span> <span class='ocrx_word' id='word_1_142' title='bbox 2130 2132 2233 2169; x_wconf 91' lang='lat' dir='ltr'>non</span> <span class='ocrx_word' id='word_1_143' title='bbox 2273 2133 2360 2187; x_wconf 92' lang='lat' dir='ltr'>po-</span> 
     </span>
     <span class='ocr_line' id='line_1_23' title="bbox 385 2202 2361 2268; baseline -0.001 -9"><span class='ocrx_word' id='word_1_144' title='bbox 385 2213 519 2268; x_wconf 90' lang='lat' dir='ltr'>test,</span> <span class='ocrx_word' id='word_1_145' title='bbox 570 2210 651 2259; x_wconf 83' lang='lat' dir='ltr'>est</span> <span class='ocrx_word' id='word_1_146' title='bbox 702 2212 880 2258; x_wconf 90' lang='lat' dir='ltr'>tamen</span> <span class='ocrx_word' id='word_1_147' title='bbox 935 2205 988 2257; x_wconf 92' lang='lat' dir='ltr'>in</span> <span class='ocrx_word' id='word_1_148' title='bbox 1040 2202 1318 2257; x_wconf 87' lang='lat' dir='ltr'>affectibus</span> <span class='ocrx_word' id='word_1_149' title='bbox 1370 2203 1645 2258; x_wconf 90' lang='lat' dir='ltr'>movendis</span> <span class='ocrx_word' id='word_1_150' title='bbox 1698 2221 1945 2258; x_wconf 89' lang='lat' dir='ltr'>summus</span> <span class='ocrx_word' id='word_1_151' title='bbox 1993 2203 2200 2259; x_wconf 81' lang='lat' dir='ltr'>artifex.</span> <span class='ocrx_word' id='word_1_152' title='bbox 2282 2203 2361 2258; x_wconf 92' lang='lat' dir='ltr'>Si-</span> 
     </span>
     <span class='ocr_line' id='line_1_24' title="bbox 383 2291 1888 2364; baseline -0.001 -17"><span class='ocrx_word' id='word_1_153' title='bbox 383 2293 643 2348; x_wconf 89' lang='lat' dir='ltr'>millimus</span> <span class='ocrx_word' id='word_1_154' title='bbox 684 2291 812 2345; x_wconf 87' lang='lat' dir='ltr'>huic</span> <span class='ocrx_word' id='word_1_155' title='bbox 850 2291 998 2345; x_wconf 90' lang='lat' dir='ltr'>locus</span> <span class='ocrx_word' id='word_1_156' title='bbox 1039 2299 1119 2345; x_wconf 86' lang='lat' dir='ltr'>est</span> <span class='ocrx_word' id='word_1_157' title='bbox 1157 2292 1210 2344; x_wconf 93' lang='lat' dir='ltr'>in</span> <span class='ocrx_word' id='word_1_158' title='bbox 1246 2291 1522 2362; x_wconf 88' lang='lat' dir='ltr'>Euripidis</span> <span class='ocrx_word' id='word_1_159' title='bbox 1560 2291 1888 2364; x_wconf 85' lang='lat' dir='ltr'>Chrysippo:</span> 
     </span>
    </p>

    <p class='ocr_par' dir='ltr' id='par_1_12' title="bbox 684 2377 1891 2444">
     <span class='ocr_line' id='line_1_25' title="bbox 684 2377 1891 2444; baseline -0.001 -10"><span class='ocrx_word' id='word_1_160' title='bbox 684 2380 898 2442; x_wconf 87' lang='grc' dir='ltr'><em>λέληθεν</em></span> <span class='ocrx_word' id='word_1_161' title='bbox 938 2380 1073 2434; x_wconf 78' lang='grc' dir='ltr'><em>οὐδὲν</em></span> <span class='ocrx_word' id='word_1_162' title='bbox 1113 2380 1266 2433; x_wconf 78' lang='grc' dir='ltr'><em>τῶνδέ</em></span> <span class='ocrx_word' id='word_1_163' title='bbox 1305 2384 1364 2444; x_wconf 82' lang='grc' dir='ltr'>μ’</span> <span class='ocrx_word' id='word_1_164' title='bbox 1404 2377 1467 2433; x_wconf 73' lang='grc' dir='ltr'>ὧν</span> <span class='ocrx_word' id='word_1_165' title='bbox 1508 2381 1570 2434; x_wconf 82' lang='grc' dir='ltr'>σὺ</span> <span class='ocrx_word' id='word_1_166' title='bbox 1611 2381 1891 2444; x_wconf 80' lang='grc' dir='ltr'><em>νουθετεῖς,</em></span> 
     </span>
    </p>

    <p class='ocr_par' dir='ltr' id='par_1_13' title="bbox 380 2466 2360 2895">
     <span class='ocr_line' id='line_1_26' title="bbox 685 2466 1896 2536; baseline 0.001 -15"><span class='ocrx_word' id='word_1_167' title='bbox 685 2468 892 2533; x_wconf 70' lang='grc' dir='ltr'><em>γνώμην</em></span> <span class='ocrx_word' id='word_1_168' title='bbox 934 2470 977 2522; x_wconf 79' lang='grc' dir='ltr'>δ’</span> <span class='ocrx_word' id='word_1_169' title='bbox 1017 2466 1209 2534; x_wconf 73' lang='grc' dir='ltr'><em>ἔχοντα</em></span> <span class='ocrx_word' id='word_1_170' title='bbox 1247 2470 1305 2533; x_wconf 85' lang='grc' dir='ltr'>μ’</span> <span class='ocrx_word' id='word_1_171' title='bbox 1347 2471 1375 2531; x_wconf 77' lang='grc' dir='ltr'><strong><em>ἦ</em></strong></span> <span class='ocrx_word' id='word_1_172' title='bbox 1415 2467 1572 2536; x_wconf 78' lang='grc' dir='ltr'><em>φύσις</em></span> <span class='ocrx_word' id='word_1_173' title='bbox 1613 2467 1896 2535; x_wconf 65' lang='grc' dir='ltr'><em>βιάζεται,</em></span> 
     </span>
     <span class='ocr_line' id='line_1_27' title="bbox 385 2554 2360 2632; baseline -0.002 -19"><span class='ocrx_word' id='word_1_174' title='bbox 385 2575 543 2632; x_wconf 89' lang='lat' dir='ltr'>quem</span> <span class='ocrx_word' id='word_1_175' title='bbox 598 2573 722 2611; x_wconf 85' lang='lat' dir='ltr'>cum</span> <span class='ocrx_word' id='word_1_176' title='bbox 775 2554 991 2610; x_wconf 90' lang='lat' dir='ltr'>Medeae</span> <span class='ocrx_word' id='word_1_177' title='bbox 1049 2555 1225 2609; x_wconf 86' lang='lat' dir='ltr'>verbis</span> <span class='ocrx_word' id='word_1_178' title='bbox 1294 2557 1563 2626; x_wconf 88' lang='lat' dir='ltr'>componit</span> <span class='ocrx_word' id='word_1_179' title='bbox 1622 2556 1784 2611; x_wconf 88' lang='lat' dir='ltr'>Clem.</span> <span class='ocrx_word' id='word_1_180' title='bbox 1845 2555 1991 2610; x_wconf 87' lang='lat' dir='ltr'>Alex.</span> <span class='ocrx_word' id='word_1_181' title='bbox 2055 2555 2249 2610; x_wconf 88' lang='lat' dir='ltr'>Strom.</span> <span class='ocrx_word' id='word_1_182' title='bbox 2294 2555 2360 2610; x_wconf 88' lang='grc' dir='ltr'>ΙΙ.</span> 
     </span>
     <span class='ocr_line' id='line_1_28' title="bbox 385 2643 2360 2719; baseline -0.002 -18"><span class='ocrx_word' id='word_1_183' title='bbox 385 2666 432 2719; x_wconf 92' lang='lat' dir='ltr'>p.</span> <span class='ocrx_word' id='word_1_184' title='bbox 469 2650 594 2701; x_wconf 71' lang='lat'>462.</span> <span class='ocrx_word' id='word_1_185' title='bbox 638 2647 774 2699; x_wconf 90' lang='lat' dir='ltr'>Pott.</span> <span class='ocrx_word' id='word_1_186' title='bbox 854 2644 1035 2715; x_wconf 91' lang='lat' dir='ltr'>Neque</span> <span class='ocrx_word' id='word_1_187' title='bbox 1073 2644 1316 2698; x_wconf 88' lang='lat' dir='ltr'>Clemens</span> <span class='ocrx_word' id='word_1_188' title='bbox 1354 2660 1526 2715; x_wconf 89' lang='lat' dir='ltr'>neque</span> <span class='ocrx_word' id='word_1_189' title='bbox 1582 2644 1707 2708; x_wconf 87' lang='lat' dir='ltr'>alii,</span> <span class='ocrx_word' id='word_1_190' title='bbox 1767 2645 1861 2716; x_wconf 89' lang='lat' dir='ltr'>qui</span> <span class='ocrx_word' id='word_1_191' title='bbox 1912 2643 2132 2715; x_wconf 88' lang='lat' dir='ltr'>plurimi</span> <span class='ocrx_word' id='word_1_192' title='bbox 2183 2643 2360 2698; x_wconf 91' lang='lat' dir='ltr'>locum</span> 
     </span>
     <span class='ocr_line' id='line_1_29' title="bbox 380 2730 2356 2807; baseline -0.003 -18"><span class='ocrx_word' id='word_1_193' title='bbox 380 2752 446 2790; x_wconf 90' lang='lat' dir='ltr'>ex</span> <span class='ocrx_word' id='word_1_194' title='bbox 500 2733 680 2788; x_wconf 89' lang='lat' dir='ltr'>Medea</span> <span class='ocrx_word' id='word_1_195' title='bbox 726 2731 1017 2786; x_wconf 89' lang='lat' dir='ltr'>laudarunt</span> <span class='ocrx_word' id='word_1_196' title='bbox 1078 2732 1219 2807; x_wconf 92' lang='lat' dir='ltr'>(vide</span> <span class='ocrx_word' id='word_1_197' title='bbox 1273 2732 1523 2787; x_wconf 87' lang='lat' dir='ltr'>Gatakeri</span> <span class='ocrx_word' id='word_1_198' title='bbox 1580 2733 1800 2788; x_wconf 93' lang='lat' dir='ltr'>Advers.</span> <span class='ocrx_word' id='word_1_199' title='bbox 1858 2730 2075 2786; x_wconf 90' lang='lat' dir='ltr'>Miscell.</span> <span class='ocrx_word' id='word_1_200' title='bbox 2136 2747 2249 2801; x_wconf 90' lang='lat' dir='ltr'>cap.</span> <span class='ocrx_word' id='word_1_201' title='bbox 2293 2730 2356 2784; x_wconf 91' lang='lat' dir='ltr'>X.</span> 
     </span>
     <span class='ocr_line' id='line_1_30' title="bbox 382 2819 2357 2895; baseline -0.003 -18"><span class='ocrx_word' id='word_1_202' title='bbox 382 2841 435 2895; x_wconf 90' lang='lat' dir='ltr'>p.</span> <span class='ocrx_word' id='word_1_203' title='bbox 477 2825 601 2876; x_wconf 72' lang='lat'>528.</span> <span class='ocrx_word' id='word_1_204' title='bbox 657 2828 708 2875; x_wconf 89' lang='lat' dir='ltr'>et</span> <span class='ocrx_word' id='word_1_205' title='bbox 757 2821 1050 2874; x_wconf 90' lang='lat' dir='ltr'>Porsonum</span> <span class='ocrx_word' id='word_1_206' title='bbox 1094 2821 1160 2874; x_wconf 90' lang='lat' dir='ltr'>ad</span> <span class='ocrx_word' id='word_1_207' title='bbox 1202 2819 1258 2893; x_wconf 86' lang='lat' dir='ltr'>l.)</span> <span class='ocrx_word' id='word_1_208' title='bbox 1312 2821 1680 2891; x_wconf 88' lang='lat' dir='ltr'>importunum</span> <span class='ocrx_word' id='word_1_209' title='bbox 1734 2822 2038 2884; x_wconf 90' lang='lat' dir='ltr'>senarium,</span> <span class='ocrx_word' id='word_1_210' title='bbox 2095 2835 2252 2890; x_wconf 89' lang='lat' dir='ltr'>quem</span> <span class='ocrx_word' id='word_1_211' title='bbox 2302 2820 2357 2872; x_wconf 91' lang='lat' dir='ltr'>in</span> 
     </span>
    </p>
   </div>
   <div class='ocr_carea' id='block_1_5' title="bbox 383 2896 2436 2981">
    <p class='ocr_par' dir='ltr' id='par_1_14' title="bbox 383 2896 2436 2981">
     <span class='ocr_line' id='line_1_31' title="bbox 383 2896 2436 2981; baseline -0.002 -16"><span class='ocrx_word' id='word_1_212' title='bbox 383 2911 682 2981; x_wconf 82' lang='lat' dir='ltr'>marginem</span> <span class='ocrx_word' id='word_1_213' title='bbox 730 2908 1074 2979; x_wconf 85' lang='lat' dir='ltr'>ablegamuS,</span> <span class='ocrx_word' id='word_1_214' title='bbox 1130 2916 1552 2964; x_wconf 89' lang='lat' dir='ltr'>commemorant</span> <span class='ocrx_word' id='word_1_215' title='bbox 1601 2926 1773 2980; x_wconf 87' lang='lat' dir='ltr'>neque</span> <span class='ocrx_word' id='word_1_216' title='bbox 1826 2909 2136 2979; x_wconf 85' lang='lat' dir='ltr'>cognovisse</span> <span class='ocrx_word' id='word_1_217' title='bbox 2177 2906 2358 2960; x_wconf 90' lang='lat' dir='ltr'>viden·</span> <span class='ocrx_word' id='word_1_218' title='bbox 2435 2896 2436 2905; x_wconf 40' lang='lat'>¹</span> 
     </span>
    </p>
   </div>
   <div class='ocr_carea' id='block_1_6' title="bbox 384 2974 2436 3068">
    <p class='ocr_par' dir='ltr' id='par_1_15' title="bbox 384 2974 2436 3068">
     <span class='ocr_line' id='line_1_32' title="bbox 384 2974 2436 3068; baseline -0.002 -15"><span class='ocrx_word' id='word_1_219' title='bbox 384 3006 491 3053; x_wconf 85' lang='lat' dir='ltr'>tur.</span> <span class='ocrx_word' id='word_1_220' title='bbox 569 2997 744 3051; x_wconf 90' lang='lat' dir='ltr'>Etiam</span> <span class='ocrx_word' id='word_1_221' title='bbox 790 2996 976 3067; x_wconf 85' lang='lat' dir='ltr'>peiuS‚</span> <span class='ocrx_word' id='word_1_222' title='bbox 1029 2998 1074 3050; x_wconf 90' lang='lat' dir='ltr'>si</span> <span class='ocrx_word' id='word_1_223' title='bbox 1115 2996 1243 3068; x_wconf 89' lang='lat' dir='ltr'>quid</span> <span class='ocrx_word' id='word_1_224' title='bbox 1291 2997 1470 3052; x_wconf 90' lang='lat' dir='ltr'>iudico</span> <span class='ocrx_word' id='word_1_225' title='bbox 1512 3005 1564 3052; x_wconf 90' lang='lat' dir='ltr'>et</span> <span class='ocrx_word' id='word_1_226' title='bbox 1605 3004 1750 3052; x_wconf 87' lang='lat' dir='ltr'>recte</span> <span class='ocrx_word' id='word_1_227' title='bbox 1803 2997 2006 3058; x_wconf 89' lang='lat' dir='ltr'>senti0,</span> <span class='ocrx_word' id='word_1_228' title='bbox 2062 2994 2210 3049; x_wconf 90' lang='lat' dir='ltr'>scioli</span> <span class='ocrx_word' id='word_1_229' title='bbox 2263 3002 2357 3049; x_wconf 89' lang='lat' dir='ltr'>aut</span> <span class='ocrx_word' id='word_1_230' title='bbox 2434 2974 2436 2988; x_wconf 43' lang='grc' dir='ltr'>Ι</span> 
     </span>
    </p>
   </div>
   <div class='ocr_carea' id='block_1_7' title="bbox 376 3082 2354 3686">
    <p class='ocr_par' dir='ltr' id='par_1_16' title="bbox 381 3082 2354 3244">
     <span class='ocr_line' id='line_1_33' title="bbox 381 3082 2354 3184; baseline -0.001 -44"><span class='ocrx_word' id='word_1_231' title='bbox 381 3086 669 3140; x_wconf 88' lang='lat' dir='ltr'>histriones</span> <span class='ocrx_word' id='word_1_232' title='bbox 720 3091 906 3156; x_wconf 77' lang='lat' dir='ltr'>poetae</span> <span class='ocrx_word' id='word_1_233' title='bbox 952 3085 1239 3140; x_wconf 88' lang='lat' dir='ltr'>artificium</span> <span class='ocrx_word' id='word_1_234' title='bbox 1291 3085 1774 3157; x_wconf 87' lang='lat' dir='ltr'>pessumdederunt</span> <span class='ocrx_word' id='word_1_235' title='bbox 1833 3085 1887 3137; x_wconf 93' lang='lat' dir='ltr'>in</span> <span class='ocrx_word' id='word_1_236' title='bbox 1941 3082 2224 3184; x_wconf 86' lang='lat' dir='ltr'>Hippolyto</span> <span class='ocrx_word' id='word_1_237' title='bbox 2278 3100 2354 3138; x_wconf 77' lang='lat' dir='ltr'>vs·</span> 
     </span>
     <span class='ocr_line' id='line_1_34' title="bbox 376 3173 1652 3244; baseline -0.002 -13.973"><span class='ocrx_word' id='word_1_238' title='bbox 376 3177 549 3230; x_wconf 82' lang='lat'>1459.</span> <span class='ocrx_word' id='word_1_239' title='bbox 592 3173 682 3227; x_wconf 91' lang='lat' dir='ltr'>ubi</span> <span class='ocrx_word' id='word_1_240' title='bbox 719 3173 888 3226; x_wconf 89' lang='lat' dir='ltr'>Diana</span> <span class='ocrx_word' id='word_1_241' title='bbox 922 3174 1213 3244; x_wconf 89' lang='lat' dir='ltr'>exspiranti</span> <span class='ocrx_word' id='word_1_242' title='bbox 1254 3175 1331 3227; x_wconf 90' lang='lat' dir='ltr'>sic</span> <span class='ocrx_word' id='word_1_243' title='bbox 1371 3173 1652 3228; x_wconf 88' lang='lat' dir='ltr'>valedicit:</span> 
     </span>
    </p>

    <p class='ocr_par' dir='ltr' id='par_1_17' title="bbox 683 3260 1940 3329">
     <span class='ocr_line' id='line_1_35' title="bbox 683 3260 1940 3329; baseline 0 -17"><span class='ocrx_word' id='word_1_244' title='bbox 683 3260 769 3312; x_wconf 76' lang='grc' dir='ltr'>καὶ</span> <span class='ocrx_word' id='word_1_245' title='bbox 813 3260 884 3313; x_wconf 80' lang='grc' dir='ltr'>σοὶ</span> <span class='ocrx_word' id='word_1_246' title='bbox 927 3267 1153 3329; x_wconf 85' lang='grc' dir='ltr'><em>παραινῶ</em></span> <span class='ocrx_word' id='word_1_247' title='bbox 1193 3261 1395 3328; x_wconf 80' lang='grc' dir='ltr'><em>πατέρα</em></span> <span class='ocrx_word' id='word_1_248' title='bbox 1436 3264 1508 3324; x_wconf 75' lang='grc' dir='ltr'>μὴ</span> <span class='ocrx_word' id='word_1_249' title='bbox 1550 3269 1727 3326; x_wconf 75' lang='grc' dir='ltr'><em>ςυγεῖν</em></span> <span class='ocrx_word' id='word_1_250' title='bbox 1769 3260 1940 3322; x_wconf 86' lang='grc' dir='ltr'><em>σέθεν,</em></span> 
     </span>
    </p>

    <p class='ocr_par' dir='ltr' id='par_1_18' title="bbox 684 3347 1924 3418">
     <span class='ocr_line' id='line_1_36' title="bbox 684 3347 1924 3418; baseline 0 -18"><span class='ocrx_word' id='word_1_251' title='bbox 684 3347 982 3414; x_wconf 72' lang='grc' dir='ltr'>εΙππο’λυτ’,</span> <span class='ocrx_word' id='word_1_252' title='bbox 1023 3349 1163 3418; x_wconf 80' lang='grc' dir='ltr'><em>ἔχεις</em></span> <span class='ocrx_word' id='word_1_253' title='bbox 1204 3350 1308 3418; x_wconf 67' lang='grc' dir='ltr'>γὰρ</span> <span class='ocrx_word' id='word_1_254' title='bbox 1347 3357 1527 3416; x_wconf 87' lang='grc' dir='ltr'><em>μοῖραν</em></span> <span class='ocrx_word' id='word_1_255' title='bbox 1569 3348 1599 3417; x_wconf 71' lang='grc' dir='ltr'><em>ᾗ</em></span> <span class='ocrx_word' id='word_1_256' title='bbox 1635 3348 1924 3417; x_wconf 69' lang='grc' dir='ltr'><em>διεφθάρης.</em></span> 
     </span>
    </p>

    <p class='ocr_par' dir='ltr' id='par_1_19' title="bbox 681 3435 1968 3505">
     <span class='ocr_line' id='line_1_37' title="bbox 681 3435 1968 3505; baseline -0.001 -15"><span class='ocrx_word' id='word_1_257' title='bbox 681 3435 767 3490; x_wconf 74' lang='grc' dir='ltr'>καὶ</span> <span class='ocrx_word' id='word_1_258' title='bbox 807 3440 984 3504; x_wconf 78' lang='grc' dir='ltr'>χαῖρ’,</span> <span class='ocrx_word' id='word_1_259' title='bbox 1034 3438 1142 3503; x_wconf 80' lang='grc' dir='ltr'><em>ἐμοὶ</em></span> <span class='ocrx_word' id='word_1_260' title='bbox 1184 3437 1286 3505; x_wconf 69' lang='grc' dir='ltr'>γὰρ</span> <span class='ocrx_word' id='word_1_261' title='bbox 1327 3440 1379 3491; x_wconf 82' lang='grc' dir='ltr'>οὐ</span> <span class='ocrx_word' id='word_1_262' title='bbox 1422 3437 1562 3502; x_wconf 85' lang='grc' dir='ltr'><em>θέμις</em></span> <span class='ocrx_word' id='word_1_263' title='bbox 1604 3436 1811 3505; x_wconf 77' lang='grc' dir='ltr'><em>φθιτοὺς</em></span> <span class='ocrx_word' id='word_1_264' title='bbox 1853 3437 1968 3503; x_wconf 66' lang='grc' dir='ltr'><em>ὀροῖν</em></span> 
     </span>
    </p>

    <p class='ocr_par' dir='ltr' id='par_1_20' title="bbox 682 3523 1916 3594">
     <span class='ocr_line' id='line_1_38' title="bbox 682 3523 1916 3594; baseline 0.001 -17"><span class='ocrx_word' id='word_1_265' title='bbox 682 3524 781 3577; x_wconf 78' lang='grc' dir='ltr'>οὐδ’</span> <span class='ocrx_word' id='word_1_266' title='bbox 821 3523 969 3590; x_wconf 76' lang='grc' dir='ltr'><em>ὄμμα</em></span> <span class='ocrx_word' id='word_1_267' title='bbox 1007 3527 1235 3594; x_wconf 81' lang='grc' dir='ltr'><em>χραίνειν</em></span> <span class='ocrx_word' id='word_1_268' title='bbox 1275 3526 1623 3591; x_wconf 86' lang='grc' dir='ltr'><em>θανασίμοισιν</em></span> <span class='ocrx_word' id='word_1_269' title='bbox 1662 3527 1916 3586; x_wconf 91' lang='grc' dir='ltr'><em>ε’κπνοαῖς.</em></span> 
     </span>
    </p>

    <p class='ocr_par' dir='ltr' id='par_1_21' title="bbox 662 3612 1766 3686">
     <span class='ocr_line' id='line_1_39' title="bbox 662 3612 1766 3686; baseline 0 -20"><span class='ocrx_word' id='word_1_270' title='bbox 662 3613 771 3686; x_wconf 78' lang='grc' dir='ltr'>[ὁρῶ</span> <span class='ocrx_word' id='word_1_271' title='bbox 813 3612 866 3665; x_wconf 77' lang='grc' dir='ltr'>δέ</span> <span class='ocrx_word' id='word_1_272' title='bbox 906 3619 952 3667; x_wconf 80' lang='grc' dir='ltr'>σ’</span> <span class='ocrx_word' id='word_1_273' title='bbox 994 3617 1082 3680; x_wconf 77' lang='grc' dir='ltr'>ἤδη</span> <span class='ocrx_word' id='word_1_274' title='bbox 1125 3616 1267 3670; x_wconf 74' lang='grc' dir='ltr'><em>τοῦδε</em></span> <span class='ocrx_word' id='word_1_275' title='bbox 1307 3614 1523 3676; x_wconf 84' lang='grc' dir='ltr'><em>πλησίον</em></span> <span class='ocrx_word' id='word_1_276' title='bbox 1563 3613 1766 3685; x_wconf 81' lang='grc' dir='ltr'><em>κακοῦ].</em></span> 
     </span>
    </p>
   </div>
   <div class='ocr_carea' id='block_1_8' title="bbox 2432 2990 2436 3116">
    <p class='ocr_par' dir='ltr' id='par_1_22' title="bbox 2432 2990 2436 3116">
     <span class='ocr_line' id='line_1_40' title="bbox 2433 2990 2436 3048; baseline 0 0"><span class='ocrx_word' id='word_1_277' title='bbox 2433 2990 2436 3048; x_wconf 62' lang='lat' dir='ltr'>l</span> 
     </span>
     <span class='ocr_line' id='line_1_41' title="bbox 2432 3049 2436 3116; baseline 0 0"><span class='ocrx_word' id='word_1_278' title='bbox 2432 3049 2436 3116; x_wconf 77' lang='lat' dir='ltr'>l</span> 
     </span>
    </p>
   </div>
   <div class='ocr_carea' id='block_1_9' title="bbox 2430 3242 2436 3356">
    <p class='ocr_par' dir='ltr' id='par_1_23' title="bbox 2430 3242 2436 3356">
     <span class='ocr_line' id='line_1_42' title="bbox 2430 3242 2436 3302; baseline -0.167 0"><span class='ocrx_word' id='word_1_279' title='bbox 2430 3242 2436 3302; x_wconf 68' lang='grc' dir='ltr'>ἓ,</span> 
     </span>
     <span class='ocr_line' id='line_1_43' title="bbox 2430 3317 2436 3356; baseline -0.667 0"><span class='ocrx_word' id='word_1_280' title='bbox 2430 3317 2436 3356; x_wconf 63' lang='lat' dir='ltr'>l</span> 
     </span>
    </p>
   </div>
  </div>
 </body>
</html>
