2436 4068
987 231 1092 282 485

57 381 452 452 ternavigantes
492 386 587 431 aut
628 378 680 431 in
723 375 829 431 alto
868 375 1160 447 deprensas
1218 389 1312 444 per
1351 373 1455 426 vim
1511 375 1708 429 retinet
1759 383 1812 430 et
1852 385 2036 449 captas

55 469 273 525 deducit
309 469 361 521 in
402 473 636 538 portum.
715 464 851 519 Nota
907 480 994 518 res
1039 471 1151 526 est,
1206 461 1271 516 de
1322 476 1429 532 qua
1469 460 1574 515 vid.
1615 462 1930 535 Harpocrat.
1985 482 2034 520 v.

54 557 325 621 Κατάγειν
368 556 439 609 τὰ
476 563 676 620 πλοῖα,
732 554 913 625 ibique
952 552 1298 622 InterpreteS.
1381 549 1519 604 Illud
1561 550 1775 622 ipsum,
1817 561 2037 609 auctore

57 644 441 716 Xenophonte,
482 641 671 696 Graeci
713 640 957 696 fecerunt
1003 636 1170 692 Anah.
1208 637 1267 690 V.
1309 655 1343 690 1.
1391 643 1476 692 11.
1518 645 1572 692 et
1612 640 1810 710 passim
1847 640 2038 696 Graeci
2126 660 2128 662 ’

52 734 216 790 etiam
258 731 533 802 sequiores
574 730 653 783 sic
694 728 838 799 loqui
878 726 1088 789 solent,
1144 733 1203 780 ut
1243 724 1534 780 ridiculum
1582 728 1655 780 sit
1693 728 1949 794 κατάγειν
1984 736 2041 785 et

54 821 382 886 κατάγεσθαι
443 819 587 871 inter
644 833 701 871 se
756 822 1082 888 permutare.
1180 814 1496 868 Rectissime
1563 813 1923 870 Schneiderus
1982 817 2038 871 in

53 914 87 983 ς
109 914 159 966 5.
201 909 293 963 καί
330 906 589 979 expunxit
629 905 683 958 in
718 903 894 958 verbis
928 903 1015 957 καὶ
1052 903 1137 956 ἐπὶ
1173 902 1320 956 λείαν
1354 903 1487 962 τινὲς
1521 904 1776 970 οἰχόμενοι
1798 905 2032 978 -[καὶ]

53 999 341 1064 εἰλήφεσαν
377 995 626 1062 πρόβατα
666 992 879 1054 πολλά,
918 989 1012 1045 sed
1053 1006 1209 1045 nemo
1244 988 1460 1061 praebet
1507 1006 1715 1047 aurem.

148 1085 262 1140 Non
317 1083 478 1138 credo
531 1079 901 1151 Xenophontis
953 1094 1070 1132 esse
1126 1078 1182 1131 in
1226 1078 1342 1146 §9.
1393 1076 1546 1147 ἦρχον
1586 1079 1639 1132 δὲ
1674 1080 1794 1134 τότε
1834 1081 2042 1137 πάντων

7 1180 152 1250 frey
191 1174 452 1235 Ἐλλήνων
490 1173 534 1224 οἱ
573 1167 1008 1233 Λακεδαιμόνιοι,
1048 1182 1221 1237 neque
1272 1164 1578 1221 necessaria
1621 1168 1724 1222 ista
1764 1176 1893 1223 sunt
1943 1187 2040 1225 nec

15 1331 21 1335 η
54 1261 254 1318 hahent
311 1258 543 1314 colorem
605 1256 864 1311 orationis
925 1255 1196 1325 antiquae.
1291 1254 1517 1308 Romani
1584 1263 1767 1326 postea
1832 1258 2042 1314 πάντων

16 1424 18 1426 „
53 1355 151 1407 τῶν
190 1350 452 1410 Ἐλλήνων
491 1346 681 1414 ἦρχον,
723 1343 1127 1399 Lacedaemonii
1163 1346 1192 1414 §
1226 1346 1312 1397 12.
1354 1350 1447 1406 τῆς
1488 1343 1742 1405 Ἑλλάδος
1783 1343 2044 1401 dicuntur

53 1436 362 1507 τροεςάναι,
397 1442 452 1490 et
492 1438 634 1504 §15
676 1433 763 1487 καὶ
801 1433 852 1485 ἐν
891 1440 956 1502 τῇ
996 1440 1068 1501 γῇ
1101 1431 1189 1486 καὶ
1224 1433 1275 1485 ἐν
1315 1440 1380 1500 τῇ
1421 1431 1660 1500 θαλάττῃ
1693 1431 1906 1501 ἄρχειν,
1947 1435 2040 1489 sed

52 1526 189 1582 satis
235 1524 579 1597 perspicuum
634 1527 716 1576 est
768 1536 930 1592 quam
985 1521 1054 1574 sit
1110 1519 1383 1575 diversum
1441 1520 1708 1588 προςάτας
1756 1518 1884 1577 εἶναι
1940 1525 2072 1578 τῶν,

50 1615 314 1677 Ἑλλήνων
365 1618 420 1666 et
456 1612 549 1673 τὴν
591 1611 871 1676 ἡγεμονίαν
908 1614 1006 1663 τῶν
1041 1610 1303 1673 Ἑλλήνων
1355 1606 1528 1676 ἔχειν,
1579 1608 1647 1664 ab
1698 1609 1842 1675 illis,
1902 1628 2040 1682 quae

50 1703 235 1775 spuria
273 1717 391 1756 esse
426 1698 820 1754 contendimus,

128 1790 188 1845 In
232 1791 261 1857 ξ
297 1793 383 1844 10.
425 1789 467 1842 εἶ
509 1789 584 1853 μή
621 1806 702 1847 τις
743 1786 947 1840 ἐκδώσει
987 1786 1073 1839 τὸν
1107 1783 1343 1854 ἄρξαντα
1382 1785 1611 1852 βάλλειν
1650 1787 1915 1844 articulus
1953 1805 2039 1845 ex·

54 1879 186 1936 cidit
223 1879 308 1932 τὸν
349 1875 586 1944 ἄρξαντα
623 1880 713 1930 τοῦ
753 1873 1011 1940 βάλλειν,
1071 1880 1128 1926 ut
1171 1873 1212 1928 I.
1252 1891 1319 1927 xv.
1367 1879 1452 1929 15.
1509 1873 1759 1942 άρξαντες
1805 1882 1895 1931 τοῦ
1932 1879 2040 1932 δια·

52 1969 289 2035 βαίνειν,
329 1972 382 2020 et
418 1964 538 2018 aliis
572 1963 718 2017 locis,
797 1959 999 2016 Deinde
1034 1962 1233 2033 optime
1269 1961 1522 2017 Schaeser
1560 1959 1611 2017 ὃν
1650 1963 1820 2032 ἐξῄτει
1861 1982 2039 2020 emen-

18 2056 198 2142 3davit
238 2071 334 2127 pro
379 2054 585 2121 ἐζήτει,
641 2050 813 2105 solent
859 2048 990 2104 haec
1043 2050 1099 2103 in
1136 2050 1288 2104 libris
1325 2050 1581 2105 confundi
1621 2060 1674 2106 et
1716 2054 2040 2125 respondent

48 2143 151 2200 sibi
188 2144 329 2197 inter
364 2158 420 2196 se
451 2139 674 2203 ἐξαιτεῖν
715 2145 768 2193 et
808 2138 1071 2192 ἐκδιδόναι.
1151 2138 1211 2191 In
1261 2138 1289 2204 ἓ
1325 2143 1408 2192 15.
1449 2141 1738 2210 άποκλῄσει
1776 2158 1872 2214 pro
1909 2145 2038 2198 άπο-

7 2293 9 2298 1
47 2232 243 2288 κλείσει
282 2228 650 2301 recipiendum
692 2243 757 2282 ex
795 2226 1014 2297 optimis
1048 2224 1201 2279 libris
1234 2229 1523 2291 άποκλήσει
1565 2229 1942 2296 servantibuS‚
1984 2241 2037 2288 et

10 2318 176 2402 72¹¹stst
214 2319 428 2390 saepius
461 2323 668 2371 veteres
702 2313 904 2368 formae
935 2315 1074 2380 κλῄω
1097 2354 1111 2377 ,
1152 2314 1409 2385 κέκλημαι
1447 2323 1584 2381 cet.,
1628 2324 1685 2370 ut
1720 2335 1882 2390 supra
1903 2318 2035 2376 dixi-

39 2423 210 2472 -Ιιιιιε,
251 2405 589 2477 Xenophonti
633 2402 950 2457 reddendae.

126 2495 260 2551 Male
298 2493 535 2549 abundat
576 2508 866 2565 pronomen
909 2491 963 2544 in
1010 2493 1038 2558 ἕ
1073 2493 1157 2544 14.
1200 2493 1286 2546 καὶ
1329 2493 1435 2561 γάρ
1479 2495 1534 2548 αἱ
1585 2494 1761 2556 πόλεις
1809 2495 2033 2569 [ἦμῶν],

13 2580 154 2653 ,now
186 2584 372 2648 ἐσμέν,
412 2583 671 2637 πείθονται
703 2581 908 2641 αὐτοῖς,
951 2585 1003 2632 et
1041 2579 1094 2631 in
1127 2582 1160 2650 ξ
1195 2585 1279 2635 15.
1323 2582 1539 2652 requiro
1576 2582 1639 2636 ἂν
1674 2585 1831 2645 αὐτὸς
1867 2587 2036 2651 Ἀγρι-

15 2673 167 2751 ,μίας
207 2677 284 2741 φῇ
329 2688 423 2743 pro
453 2672 635 2738 φήσῃ,
676 2676 729 2723 et
771 2668 823 2721 in
866 2677 895 2741 ᾗ
936 2670 1020 2721 18.
1044 2669 1421 2753 -ειιρρΙθνενίιη
1457 2671 1637 2725 τούτου
1681 2669 1803 2744 (οὖν)
1845 2671 2032 2741 ἕνεκα,

40 2776 204 2836 nepe
243 2762 354 2817 vidi
406 2768 526 2834 post
563 2782 643 2816 ·ov
685 2759 948 2815 excidisse
1002 2769 1096 2815 OT
1144 2758 1289 2834 (οὖν).
1369 2760 1570 2818 Eodem
1617 2764 1772 2818 modo
1824 2769 2035 2840 corrige

40 2847 162 2908 wll.
194 2869 228 2906 1.
257 2853 310 2906 6.
350 2851 530 2905 τούτου
573 2846 696 2923 (οὖν)
738 2845 888 2901 ἕνεκα
921 2849 1079 2913 μηδὲν
1101 2850 1333 2903 τελείτω.
1377 2849 1751 2921 Frigidissime
1784 2853 2033 2913 Graeculi

41 2940 404 2996 necessariam
446 2937 657 3010 ellipsin
699 2934 1083 3007 suppleverunt
1123 2937 1177 2990 in
1222 2940 1250 3008 §
1286 2941 1374 2992 22.
1427 2943 1604 2994 τοῦτον
1644 2942 1739 3007 μὲν
1778 2945 1884 3013 γὰρ
1919 2942 2035 3002 οἶδα

46 3025 206 3095 Ινδρα
254 3029 451 3093 ἀγαθὸν
499 3028 656 3089 ὄντα,
711 3022 974 3087 Δέξιππον
1022 3025 1075 3078 δὲ
1122 3021 1278 3099 [οἶδα]
1324 3028 1588 3094 αἱρεθέντα
1632 3031 1729 3085 ὑπὸ
1775 3040 1870 3096 τῆς
1910 3056 2032 3103 epa-

49 3120 168 3177 τιᾶς
206 3146 283 3158 -—
327 3114 461 3188 [καὶ]
515 3112 815 3181 άποδράντα
874 3110 1184 3186 [Δέξιππον]
1242 3115 1330 3169 καὶ
1378 3117 1627 3183 προδόντα
1663 3120 1780 3181 τοὺς
1822 3125 2034 3190 epm-145-

47 3221 183 3268 τας,
221 3201 475 3258 haeccine
515 3200 918 3273 Xenophontem
963 3201 1035 3255 ita
1076 3202 1358 3273 scripsisse
1397 3204 1751 3276 putabimus?

127 3292 370 3362 Agnosco
403 3290 588 3346 stilum
630 3287 1028 3360 interpolatoris
1071 3289 1125 3344 in
1167 3296 1195 3364 ς
1229 3293 1316 3346 24.
1370 3293 1414 3346 εἱ
1454 3294 1507 3348 δὲ
1541 3295 1603 3349 σὺ
1638 3292 1763 3361 ἦγες
1799 3298 1828 3360 ἢ
1868 3297 2033 3360 ἄλλος

50 3397 130 3439 τις
169 3384 267 3433 τῶν
305 3379 449 3447 παρὰ
489 3383 577 3433 σοῦ
630 3378 738 3451 [καὶ
783 3379 855 3442 μὴ
895 3382 992 3431 τῶν
1033 3381 1155 3445 παρ’
1193 3381 1333 3445 ἡμῶν
1381 3382 1734 3457 άποδράντων]
1763 3427 1775 3447 ,
1831 3382 1888 3439 εὖ
1934 3385 2032 3443 ἴσθι

51 3464 129 3521 ὅτι
175 3467 310 3520 οὐδὲν
357 3467 421 3522 ἂν
462 3466 652 3522 τούτων
698 3466 947 3529 ἐποίησα,
1009 3466 1310 3522 inducenda
1352 3476 1480 3523 sunt
1521 3470 1680 3524 verba
1729 3473 1897 3528 otiosa
1937 3491 2034 3530 nec

52 3551 187 3610 bene
235 3570 359 3609 cum
414 3555 640 3610 caeteris
680 3555 967 3610 coniuncta
1008 3560 1060 3609 et
1106 3553 1243 3609 male
1295 3556 1494 3612 Graeca
1532 3558 1618 3612 καὶ
1660 3561 1734 3624 μὴ
1775 3566 1872 3615 τῶν
1909 3566 2033 3631 παρ’

54 3643 190 3709 ἡμῶν
224 3641 581 3709 ἀποδράντων,
632 3644 786 3714 quasi
826 3658 948 3698 vero
993 3642 1284 3698 multitudo
1321 3653 1459 3700 esset
1496 3662 1680 3701 eorum
1707 3689 1719 3711 ‚
1761 3650 1853 3720 qui
1894 3650 2032 3708 clam
