2436 4068
1288 211 1393 264 170

361 361 530 414 forma
569 364 621 411 ct
663 353 925 411 Herodoto
966 354 1178 424 saepius
1231 352 1500 407 reddenda
1538 360 1605 410 et.
1628 354 1872 425 Sophocli
1914 357 1968 410 in
2011 355 2223 411 Electra
2262 373 2340 411 vs,

361 452 467 503 7⁶22
510 446 601 510 ἔξω
642 449 898 512 παρασπᾷ
940 442 1286 508 κάνοκωχεύει
1323 458 1418 512 pro
1457 443 1840 509 κάνακωχεύει,
1895 452 1948 498 et
1987 443 2157 498 sicubi
2199 443 2341 514 apud

359 537 580 590 Veteres
623 539 676 587 et
709 531 956 603 probatos
997 530 1284 600 scriptores
1332 530 1588 585 occurrit.
1673 530 2020 602 Sequioribus
2056 532 2345 604 quominus

360 623 614 677 vitiosum
648 618 999 686 ἀνακωχεύειν
1034 616 1372 687 relinquatur
1410 617 1543 670 nihil
1579 635 1800 673 caussae
1832 628 1941 684 est,
1984 627 2045 674 ut
2081 621 2174 691 qui
2212 620 2344 672 »lin-

362 728 496 783 quae
535 726 656 761 suae
689 706 939 760 rationem
979 723 1129 776 saepe
1166 705 1339 759 minus
1381 714 1703 778 perspectam
1754 707 2086 762 lzabuerunt''
2129 715 2191 761 ut
2233 724 2345 762 rec·

363 797 572 853 tissime
610 794 814 848 iudicat
854 794 1091 848 Pierson.
1136 791 1203 845 ad
1241 792 1461 849 Moerid.
1501 812 1553 865 p.
1598 797 1723 848 221.
1802 795 1984 866 Neque
2020 811 2346 866 quemquam

362 883 848 942 Grammaticorum
899 882 1196 935 auctoritas
1248 898 1582 936 commovere
1632 882 1788 937 debet
1830 900 2020 953 pravas
2069 890 2124 937 et
2160 883 2346 937 absur-

363 973 459 1028 das
498 973 796 1042 scripturas
836 975 1131 1040 utcumque
1166 970 1671 1041 interpretantium,
1712 970 1868 1042 quale
1907 977 1989 1025 est
2027 971 2082 1024 in
2119 970 2348 1025 Bekkeri

363 1061 562 1118 Anecd.
586 1061 626 1114 I.
648 1063 782 1122 591,
816 1063 902 1111 11.
943 1061 1345 1125 Ἀνακωχῆς;
1386 1059 1759 1121 ἀναπαύσεως,
1801 1059 2064 1121 ἐνδόσεως,
2108 1066 2200 1122 τῆς
2223 1060 2346 1126 πρὸς

362 1151 537 1217 μικρὸν
587 1149 638 1202 ἐν
690 1146 898 1214 πολέμῳ
950 1147 1170 1213 εἰρήνης.
1225 1148 1543 1213 ἀνακωχὴ
1597 1147 1649 1200 δὲ
1696 1146 1891 1214 εἴρηται
1939 1147 2084 1214 παρὰ
2130 1150 2188 1202 τὸ
2242 1145 2346 1202 ἄνω

361 1240 461 1300 τας
496 1236 707 1296 ἀκωκὰς
741 1235 911 1302 ἔχειν,
953 1233 1044 1286 uhi
1078 1240 1130 1287 et
1167 1233 1545 1306 etymologiam
1581 1233 1871 1288 absurdam
1909 1234 2058 1289 vides
2093 1242 2146 1289 et
2179 1235 2347 1307 scrip-

363 1335 565 1381 turam.
645 1322 900 1379 Eiusdem
955 1322 1125 1391 igitur
1177 1320 1380 1376 farinae
1430 1329 1510 1376 est
1560 1322 1701 1393 quod
1741 1323 2039 1395 praecepit:
2080 1325 2348 1378 Ἀνακω-

362 1414 625 1484 χεύεινῑ
667 1414 724 1466 τὸ
763 1414 814 1464 ἐν
849 1409 1077 1474 πελάγει
1112 1411 1364 1476 χειμῶνος
1386 1410 1522 1472 ὄντος
1563 1413 1827 1475 ςήσαντας
1868 1409 2003 1484 (lege
2040 1411 2346 1485 ςείλαντας)

362 1505 435 1558 τα
474 1502 636 1556 ὀθόνια
680 1500 949 1561 σαλεύειν,
1001 1497 1141 1569 quod
1191 1498 1358 1552 nihilo
1398 1501 1583 1553 sanius
1619 1506 1701 1554 est
1738 1515 1898 1570 quam
1942 1498 2082 1569 quod
2122 1500 2176 1552 in
2218 1500 2348 1553 vici-

363 1592 454 1645 nia
486 1594 707 1661 apparet
726 1588 907 1641 Ἀναί
923 1587 1063 1649 δηνε
1106 1586 1318 1653 ἀθρόως,
1355 1589 1614 1657 σφοδρῶς,
1648 1604 1815 1658 quum
1851 1587 2004 1658 pueri
2039 1588 2346 1642 sciantdve'-

363 1682 448 1741 δην
489 1695 552 1732 ex
595 1677 789 1731 ἀνιέναι
831 1681 1019 1728 natum
1071 1674 1234 1728 scribi
1283 1683 1560 1746 oportere,
1605 1693 1778 1746 neque
1814 1675 2076 1731 Ἀνόκαιον
2112 1694 2161 1747 p.
2207 1680 2347 1741 405,

365 1772 435 1822 52
490 1764 631 1837 apud
680 1762 1082 1834 Xenophontem
1137 1763 1406 1833 significat
1455 1765 1513 1818 τὸ
1565 1765 1778 1831 ὑπερῷον
1831 1763 2023 1829 οἴκημα
2077 1763 2167 1818 sed
2218 1766 2349 1819 ἀνώ-

360 1875 539 1921 γαιον,
590 1851 817 1906 AnabaS.
864 1851 926 1905 V.
970 1855 1021 1904 4.
1078 1854 1147 1905 29
1201 1851 1367 1918 κάρυα
1427 1853 1513 1906 ἐπὶ
1562 1858 1660 1906 τῶν
1713 1853 1980 1917 οὶνωγαίων
2027 1849 2085 1914 ἦν
2135 1852 2347 1915 πολλοὶ,

363 1957 690 2015 quamquam
733 1956 799 1994 ne
843 1938 942 1993 hoc
983 1938 1198 2010 quidem
1241 1941 1536 2009 genuinum
1576 1957 1690 1994 esse
1731 1941 1973 2011 suspicor
2004 1939 2095 1994 sed
2132 1941 2216 1995 ἐπὶ
2249 1942 2348 1995 τῶν
2424 1955 2428 1959 ·

363 2032 630 2095 ἀνώγεων,
686 2034 746 2081 ut
795 2027 1145 2081 Athenienses
1193 2045 1377 2082 omnes
1430 2028 1609 2083 dicere
1663 2028 1911 2083 assolent.
1997 2027 2111 2082 Non
2165 2027 2349 2083 minus

364 2119 504 2174 foedi
538 2133 746 2171 errores
782 2115 847 2168 ah
881 2116 994 2186 ipso
1030 2116 1302 2168 commissi
1345 2115 1426 2187 (ut
1460 2116 1765 2170 litterarum
1814 2117 1980 2170 series
2014 2115 2215 2188 arguit)
2258 2133 2346 2187 ap-

365 2211 558 2280 parent
597 2209 731 2266 570,
758 2207 831 2256 50
868 2202 1258 2256 Ἀκάλλειν;
1299 2203 1431 2262 ἰδίως
1464 2204 1522 2257 τὸ
1554 2211 1618 2271 τῇ
1659 2205 1779 2273 οὐρᾷ
1813 2203 2036 2265 σαίνειν,
2081 2204 2190 2257 imo
2222 2221 2351 2258 vero

367 2293 658 2350 αἰκάλλειν.
682 2294 814 2353 576,
841 2298 864 2343 1
907 2290 1223 2353 Ἀλέοιμιε
1256 2291 1371 2344 ἀντὶ
1393 2295 1481 2346 τοῦ
1518 2292 1854 2357 θερμαίνοιμι;
1897 2290 2349 2347 ἁθὴθὺᾶῑἈλεαί-

368 2403 499 2448 νοιμι
538 2413 615 2421 —
651 2379 1004 2445 θερμαινοίμην
1049 2378 1282 2432 scrihere
1331 2395 1396 2432 ex
1450 2379 1720 2450 Aristoph.
1761 2378 1963 2433 Eccles,
2008 2395 2085 2434 vs.
2128 2384 2254 2434 540.
2297 2397 2348 2451 p.
2432 2396 2436 2410 ²

370 2475 509 2532 581,
552 2473 615 2522 11
659 2466 1145 2534 Ἀλωπόχρουςε
1188 2467 1210 2520 ὁ
1252 2467 1426 2527 πολιός
1470 2485 1563 2538 pro
1598 2468 2000 2537 Ἀλφιτόχρους.
2043 2483 2093 2537 p.
2136 2470 2277 2530 389,
2313 2471 2348 2521 9

368 2561 919 2626 ἳΑμφιματ-ὦσακ
963 2556 1224 2608 ἀποδῦσαι
1261 2572 1356 2626 pro
1385 2557 1752 2624 ἀφιματῶσαι.
1794 2573 1843 2627 p.
1881 2558 2020 2619 596,
2052 2558 2120 2608 25
2163 2554 2349 2608 Ἀνεί-

370 2660 620 2708 ληπτος
663 2661 759 2715 pro
798 2645 1097 2706 ἀνήλιπτος.
1140 2661 1190 2714 p.
1215 2647 1353 2705 598,
1379 2646 1446 2697 25
1482 2645 1812 2709 Ἀνεσίμου
1856 2660 1949 2712 pro
1989 2642 2167 2696 lonico
2205 2643 2350 2696 ἀναι-
2434 2707 2436 2710 ¹

371 2735 541 2800 σι’μου.
596 2749 644 2803 p.
682 2735 821 2795 412,
860 2736 892 2786 6
932 2733 1302 2793 'Avchvm-ov:
1348 2732 1615 2799 ἀνωφελές
1667 2749 1761 2803 pro
1800 2731 2054 2793 ἀνόνητον.
2111 2748 2160 2801 p.
2208 2734 2354 2797 414,

376 2827 447 2877 29
486 2819 863 2880 Ἀπαλλεις;
917 2821 1249 2885 eiwon-eponae&
1289 2836 1382 2890 pro
1421 2818 1722 2880 ἀπιοὶλλεις.
1777 2837 1826 2890 p.
1869 2823 2007 2882 440,
2047 2822 2112 2871 11
2171 2820 2352 2871 Ἀπο-
2415 2839 2417 2842 ⁴

374 2909 527 2977 ψάς;
568 2910 801 2976 ἀδελφοῦ
843 2909 870 2971 ἢ
913 2910 1148 2977 ἀδελφῆς
1184 2907 1502 2975 ὑποκόρισμα
1524 2925 1619 2979 pro
1657 2906 1823 2975 ἀοι-φα
1844 2914 1931 2972 et,
1973 2914 2034 2960 ut
2068 2905 2354 2977 aliquando
2421 2928 2423 2930 ·

377 2998 538 3052 finem
578 2995 770 3050 faciam
794 3039 807 3061 ,
843 3014 893 3067 p.
919 3000 1057 3059 448,
1095 3000 1164 3050 28
1205 2997 1434 3063 Ἀρύειε
1474 2997 1678 3061 βοηθεῖ,
1723 3013 1888 3067 apage
1930 2993 2077 3048 istud
2113 2994 2354 3060 ἀρύειοε-

375 3088 607 3141 citanter
646 3086 906 3156 scriptum
950 3101 1045 3155 pro
1078 3085 1278 3151 ἀρήγει,
1359 3084 1382 3137 Ι
1419 3101 1563 3138 nunc
1603 3091 1655 3137 et
1695 3085 1796 3137 isto
1830 3090 1964 3138 teste
1996 3083 2052 3135 in
2092 3098 2151 3135 re
2191 3080 2354 3135 dubia
2410 3083 2419 3109 ³³

376 3182 557 3238 utere,
599 3179 692 3226 aut
732 3172 887 3226 crede
935 3172 1199 3232 librariis,
1243 3172 1336 3242 qui
1374 3172 1559 3226 multis
1607 3171 1850 3243 partibus
1895 3176 2020 3224 sunt
2060 3170 2221 3223 etiam
2263 3185 2352 3222 ne-

376 3262 720 3335 gligentiores
761 3266 812 3313 et
853 3259 1190 3313 indoctiores,

449 3351 563 3404 Non
600 3348 750 3419 prius
791 3347 1116 3419 Hesychium
1158 3347 1416 3419 deponam
1461 3347 1525 3401 de
1563 3346 1810 3400 manibus
1859 3362 2019 3416 quam
2070 3345 2352 3398 correctio-

374 3455 497 3493 nem
549 3436 651 3490 loci
702 3435 1074 3490 Demosthenis
1126 3453 1297 3508 nuper
1335 3453 1365 3490 a
1403 3452 1487 3488 me
1536 3435 1856 3505 propositam
1914 3450 2048 3486 novo
2097 3432 2355 3507 Hesychii.

374 3525 643 3581 emendati
685 3523 949 3596 praesidio
990 3524 1285 3580 munivero.
1367 3524 1559 3578 Editur
1599 3521 1738 3593 apud
1780 3520 2137 3595 Hesychium:

827 3612 1312 3676 Συμπλευσοέντων;
1356 3611 1749 3678 ὁμονοησάντων.
