2436 4068
1321 191 1424 241 256

681 337 732 388 οὐ
774 333 876 400 γαρ
917 354 964 386 τι
1008 332 1211 398 Τραχὶς
1253 334 1353 387 οὐδ’
1395 335 1646 399 Ἀχαϊκὸν
1688 334 1813 387 τάδε

683 421 933 485 πόλισμ’,
973 419 1076 473 ὅθεν
1117 420 1179 473 σύ
1221 422 1328 474 κτὲ.

387 506 527 578 quod
567 506 772 563 (lictum
831 514 912 561 est
957 513 1016 560 ut
1057 508 1111 559 in
1162 507 1532 562 Andromache
1576 512 1698 563 168.
1739 511 1793 562 οὐ
1852 509 1956 578 γάρ
2012 512 2112 564 ἐσθ’
2163 512 2362 578 Ἕκτωρ

391 597 552 658 τάδε,
591 595 753 650 ethis
793 595 844 647 in
889 594 1113 667 Cyclope
1154 613 1227 648 vs,
1259 599 1347 649 65.

692 685 745 736 οὐ
786 681 912 735 τάδε
951 683 1192 749 Βρόμιος,
1234 686 1287 738 οὐ
1329 683 1456 738 τάδε
1493 685 1668 751 χοροί,

692 768 903 837 Βακχαι
942 791 1000 823 τε
1042 771 1343 840 θυρσοφόροι.

387 865 444 911 et
483 874 556 910 vs,
591 861 719 912 205.

694 947 747 1000 τί
783 947 1136 1015 βακχιαζετ’;
1179 949 1297 1016 οὐχὶ
1340 948 1578 1008 Διόνυσος
1616 947 1745 1002 τάδε
1770 989 1782 1011 ,

695 1035 748 1086 οὐ
790 1034 1022 1102 κρόταλα
1058 1040 1269 1102 χαλκοῦ
1308 1035 1590 1101 τυμπάνων
1627 1040 1676 1089 τ’
1716 1034 2032 1102 οὶροὲγματα.

393 1127 447 1173 et
486 1119 734 1174 flebiliter
770 1129 828 1176 ut
870 1123 923 1176 in
970 1122 1264 1178 Troadibus
1312 1128 1438 1178 100:
1477 1123 1644 1177 οὐκέτι
1680 1123 1840 1191 Τροία
1877 1123 2021 1178 τάδε.
2104 1125 2367 1196 Saepenu-

396 1225 544 1262 mero
584 1215 636 1262 et
676 1209 875 1264 Comici
914 1211 991 1266 sic
1031 1211 1359 1282 loquuntur:
1402 1210 1783 1282 Aristophanes
1823 1212 1876 1264 in
1916 1211 2202 1266 EcclesiaZ.
2227 1217 2366 1267 945:

698 1300 750 1351 οὐ
792 1299 897 1366 γαρ
937 1300 1068 1353 τοξπὶ
1111 1298 1383 1366 Χαριξένης
1423 1298 1540 1352 ταδ’
1579 1301 1699 1357 ε’ςιν.

396 1390 451 1437 et
485 1384 775 1440 Teleclides
819 1386 959 1458 apud
995 1386 1215 1441 Suidam
1251 1405 1298 1442 V.
1343 1386 1459 1441 ταδ’
1487 1390 1541 1442 οὐ
1578 1388 1720 1456 παρα
1761 1387 2144 1455 Κενταύροισιν,
2185 1394 2238 1443 et
2258 1388 2372 1443 Eri-

397 1471 535 1542 phus
574 1473 712 1544 apud
750 1474 941 1530 Athen.
980 1479 1085 1529 157
1127 1475 1190 1529 Ι).

702 1564 819 1616 ταδ’
853 1566 906 1616 οὐ
947 1563 1170 1630 Κόρινθος
1210 1564 1319 1618 οὐδὲ
1358 1563 1495 1625 Λαῖς
1518 1605 1531 1627 ,
1572 1561 1606 1617 ὦ
1641 1564 1771 1631 Σύρε
1794 1606 1807 1627 ,

702 1651 806 1703 οὐδ’
848 1652 1168 1719 εὐτραπέζων
1211 1657 1490 1706 Θετταλῶν
1528 1650 1678 1715 ξένων
1717 1652 1923 1720 τροφαί.

478 1737 644 1809 Saepe
687 1738 763 1792 sic
801 1736 1051 1793 ferociter
1086 1747 1140 1794 et
1192 1739 1475 1793 minaciter
1517 1739 1909 1810 loquebantur,
1958 1746 2016 1794 ut
2053 1739 2194 1811 apud
2233 1740 2378 1796 Thu·

401 1823 650 1897 cydidem
683 1825 770 1879 VI.
815 1831 900 1880 77.
962 1827 1363 1882 Hermocrates:
1423 1827 1720 1894 βουλόμεθα
1761 1827 1924 1890 δεῖξαι
1964 1830 2138 1888 αὐτοῖς
2175 1826 2249 1883 ὅτι
2292 1833 2380 1884 οὐκ

398 1915 569 1974 Ἴωνες
608 1914 733 1968 τάδε
769 1914 892 1967 εἰσὶν
942 1916 1052 1970 οὐδὲ
1091 1916 1482 1978 Ἑλλησπόντιοι
1523 1915 1610 1968 καὶ
1664 1921 1940 1978 νησιῶται,
1979 1909 2023 1969 οἳ
2062 1915 2310 1979 δεσπότην
2353 1917 2380 1980 ἢ

405 2003 580 2065 Μῆδον
625 2004 653 2066 ἢ
694 2001 783 2056 ἕνα
824 2002 890 2067 γε’
937 2024 1054 2058 τινα
1107 2005 1187 2058 αεὶ
1230 2004 1667 2069 μεταβάλλοντες
1710 2005 2041 2079 δουλοῦνται,
2083 2005 2231 2058 ἄλλα
2273 2014 2382 2059 Δω·

405 2098 509 2157 ριῆς
549 2091 792 2157 ἐλεύθεροι
841 2093 937 2144 ἀπ’
987 2093 1267 2157 αὐτονόμου
1309 2100 1400 2155 τῆς
1451 2094 1832 2156 Πελοποννήσου
1885 2093 1975 2154 την
2025 2094 2268 2146 Σικελίαν
2321 2095 2384 2147 οἶ·

406 2181 629 2238 κοῦντες.
708 2178 908 2232 Eadem
951 2181 1119 2251 igitur
1161 2178 1356 2234 ferocia
1403 2179 1734 2233 Athenarum
1787 2179 1950 2233 robur
2002 2181 2256 2235 extollens
2306 2183 2384 2235 lo-

406 2265 526 2320 laus
565 2267 639 2319 ita
679 2264 847 2320 dixit:

710 2355 765 2406 οὐ
806 2353 910 2423 γαρ
950 2376 999 2409 τι
1040 2357 1246 2423 Τραχὶς
1288 2357 1387 2409 οὐδ’
1429 2357 1682 2422 Ἀχαϊκὸν
1721 2354 1847 2408 ταδε

707 2442 964 2507 πόλισμα.

407 2530 499 2585 ubi
539 2536 818 2602 postquam
860 2529 986 2584 τάδε
1039 2530 1235 2585 excidit
1285 2532 1555 2586 senarium
1591 2530 1970 2602 qualicumque
2019 2533 2173 2586 modo
2213 2535 2383 2606 exple·

405 2625 615 2674 verunt.

485 2708 544 2762 In
586 2724 744 2762 versu
785 2710 893 2762 250
933 2723 1045 2779 sqq.

712 2796 774 2848 σὺ
811 2796 853 2848 δ’
891 2797 1086 2863 ’Ἄργος
1129 2796 1279 2849 ἐλθὼν
1320 2794 1495 2850 ταῦτα
1535 2800 1583 2849 τ’
1619 2798 1868 2864 Εὐρυσθεῖ
1901 2794 2097 2864 φράσον
2120 2840 2134 2861 ,

716 2884 835 2949 πρὸς
875 2884 1043 2938 τοῖσδέ
1082 2889 1154 2947 τ’,
1198 2884 1243 2937 εἴ
1280 2906 1328 2938 τι
1370 2885 1546 2938 τοῖσίδ’
1580 2885 1806 2948 ἐγκαλεῖ
1838 2883 1992 2947 ξένοις
2016 2926 2029 2946 ,

714 2972 854 3033 δίκης
896 2973 1115 3040 κυρήσει.

417 3057 809 3116 emendandum
849 3069 928 3114 est
962 3062 1218 3128 κυρήσειν,
1261 3077 1491 3130 namque
1532 3059 1661 3113 haec
1703 3058 1875 3130 palam
1930 3066 2010 3113 est
2064 3061 2389 3133 Demophon-

419 3155 530 3203 tem
570 3146 780 3202 dicere:
841 3148 1015 3202 ταῦτα
1060 3169 1118 3202 τε
1169 3150 1419 3215 Εὐρυσθεῖ
1450 3147 1645 3216 φράσον
1686 3148 1772 3201 καὶ
1833 3145 1908 3201 ὅτι
1962 3147 2099 3209 δίκης
2155 3153 2391 3218 κυρήσει,

418 3236 504 3291 καὶ
537 3233 611 3289 ὅτι
646 3234 886 3298 τεύξεται
920 3243 1017 3290 τῶν
1049 3237 1275 3300 δικαίων,
1317 3243 1547 3306 suntque
1581 3235 1712 3289 haec
1755 3235 1826 3288 ita
1863 3252 1957 3305 per
1992 3234 2206 3306 copulas
2240 3260 2393 3292 τε-

417 3347 474 3379 τε
517 3323 841 3396 composita,
882 3330 944 3376 ut
984 3331 1211 3394 utraque
1246 3341 1367 3396 pars
1401 3323 1531 3377 dicti
1570 3340 1599 3378 e
1638 3323 1794 3376 verbo
1833 3322 2027 3391 φράσον
2070 3325 2138 3377 sit
2176 3343 2394 3398 suspen-

419 3429 510 3466 sa:
553 3412 733 3483 itaque
773 3427 876 3464 non
928 3410 1084 3465 aliter
1123 3429 1183 3465 ea
1217 3412 1481 3466 sententia
1522 3413 1577 3464 in
1626 3411 1801 3465 verbis
1844 3416 2027 3481 poetae
2067 3415 2262 3483 poterit
2315 3416 2391 3468 in-

417 3517 566 3564 esse,
626 3499 730 3553 nisi
783 3514 948 3569 quum
1003 3501 1231 3568 κυρήσειν
1272 3501 1583 3555 restitutum
1626 3498 1743 3552 erit.
1826 3497 1976 3552 Haud
2019 3499 2259 3555 absimile
2317 3503 2393 3554 vi-

417 3588 555 3642 tium
590 3605 620 3642 a
659 3586 849 3642 scribis
891 3588 1234 3642 commissum
1277 3597 1329 3643 et
1366 3605 1394 3643 a
1436 3588 1648 3643 Criticis
1690 3593 1988 3641 correctum
2032 3596 2110 3642 est
2153 3605 2228 3644 vs,
2265 3593 2389 3643 494.
