2436 4068
1061 278 1128 327 75

95 419 235 493 apud
276 419 419 474 Stob.
462 417 645 474 Floril.
676 419 877 474 XCVII.
924 422 1010 472 2⁹2.
1054 435 1150 491 pro
1190 422 1218 483 ἦ
1260 419 1413 474 πενίοι
1462 425 1582 488 πρὸς
1622 423 1721 484 τοὶς
1754 425 1950 494 τέχνας
1987 428 2081 484 δει-

96 509 315 575 νοτέρους
354 538 426 546 -
459 509 575 567 τοὺς
615 509 899 575 ἀνθρώπους
939 507 1173 570 uadis-nm
1210 507 1372 563 redde
1409 510 1530 576 πρὸς
1572 511 1672 571 τὰς
1712 512 1889 580 τύχοις
1923 515 2078 571 δειλο-

91 596 279 663 τέρους.
359 594 547 667 ltaque
595 595 886 650 Menandro
937 593 1256 650 dicebantur
1312 595 1504 652 callida
1562 598 1816 664 consilia,
1860 602 1907 656 si
1960 605 2082 676 quis

90 684 367 738 occasione
407 682 651 738 sollerter
684 688 954 744 uteretur,
997 684 1372 750 ἀπροσδόκητον
1403 687 1494 750 την
1531 688 1700 756 τύχην
1735 720 1791 730 -—
1813 703 2082 759 προσλαμ-

85 770 235 838 βάνει
278 787 330 826 v.
372 787 452 832 c,
494 777 590 825 aut
637 769 812 824 simile
861 768 1119 832 verbum,
1176 787 1406 844 namque
1459 774 1705 843 ἐξηύροιτο
1745 784 1799 832 et
1851 777 2080 875 &supero

48 869 53 872 ⁴
87 857 342 913 lectiones
382 863 509 912 sunt
545 857 718 912 nihili.

160 944 451 1000 Menander
485 944 628 1018 apud
662 944 856 1000 Athen.
888 944 977 999 XI.
1023 950 1150 1000 504.
1193 947 1253 1001 D.

1231 1035 1317 1089 κοιὶ
1359 1040 1509 1105 τοοχύ

462 1122 623 1176 πάλιν
662 1127 722 1176 τὸ
763 1127 954 1189 πρῶτον
996 1123 1266 1189 περισοβεῖ
1298 1126 1529 1192 ποτήριον

462 1213 640 1271 αὐτοῖς
677 1209 923 1277 ἀκράτου.

86 1297 417 1370 ineptissime
452 1297 614 1352 πάλιν
655 1315 684 1353 e
718 1298 912 1352 vicinis
951 1297 1187 1369 irrepsit.
1269 1299 1510 1355 Emenda

460 1386 547 1440 uoci
588 1387 737 1454 ταχὺ
777 1387 836 1440 τὸ
876 1390 1069 1453 πρῶτον
1109 1385 1374 1453 περισόβει
1411 1390 1662 1456 ποτήριον.

79 1490 215 1547 quae
255 1472 458 1528 domini
500 1472 660 1528 verba
701 1479 830 1528 sunt
869 1472 935 1527 ad
978 1472 1255 1528 servulum
1298 1475 1487 1547 pocula
1529 1477 1948 1536 ministrantem.

153 1560 320 1616 Multa
374 1561 592 1617 turbata
646 1568 775 1616 sunt
824 1561 879 1615 in
926 1561 1204 1617 Menandri
1257 1561 1451 1634 fragm.
1490 1564 1632 1637 apud
1690 1566 1883 1624 Athen.
1933 1569 2071 1625 XIV.
2138 1612 2141 1615 -

79 1652 207 1705 659.
248 1650 311 1706 D.

301 1739 508 1804 σπονδή.
551 1739 683 1795 δίδου
719 1726 783 1794 οὺ
823 1739 1105 1808 σπλάγχν’
1144 1740 1455 1794 ἀκολουθῶν·
1497 1748 1590 1796 ποῖ
1615 1742 1869 1807 βλέπεις;

301 1828 509 1892 σπονδή.
550 1827 883 1896 Φερεωπλείω
923 1826 1071 1882 ωσίοι.
1115 1828 1323 1892 σπονδή.
1365 1835 1556 1891 καλῶς.

296 1915 472 1985 ἔγχει.
513 1917 637 1976 θεοῖς
673 1914 986 1980 Ὀλυμπίοις
1027 1916 1305 1983 εὐχώμεθα

301 2004 651 2069 Ὀλυμπίαισι
692 2006 824 2058 πᾶσι
864 2002 1082 2064 micam.

72 2094 124 2147 in
166 2090 402 2148 secundo
423 2107 582 2147 versu
614 2090 680 2146 de
718 2091 958 2146 Piersoni
992 2091 1303 2145 coniectura
1335 2091 1539 2148 editur:
1576 2094 1709 2164 φέρ’,
1741 2093 1778 2150 ὦ
1818 2103 1923 2152 ποεῖ
1954 2106 2062 2153 Σω·

68 2182 195 2245 σία,
242 2179 384 2253 quod
426 2186 704 2251 propterea
741 2185 822 2233 est
876 2178 1288 2250 improbandum
1313 2194 1352 2244 ,·
1380 2181 1507 2252 quia
1547 2182 1639 2252 qui
1683 2181 1816 2237 dicit
1855 2181 1891 2238 ὦ
1930 2193 2067 2250 ποεῖ,

65 2268 101 2324 ὦ
142 2268 367 2333 διάκονε,
402 2274 455 2323 et
494 2267 614 2321 sim.
658 2283 851 2321 nomen
886 2265 1086 2321 servuli
1122 2283 1225 2320 non
1268 2267 1434 2327 addit.
1515 2269 1704 2341 Itaque
1742 2272 1860 2340 φέρ’
1899 2269 2060 2337 οἶνον,

27 2358 272 2421 ‘xvcim
310 2356 574 2427 scriptum
626 2353 792 2409 fuisse
839 2353 965 2408 olim
1004 2355 1281 2426 suspicor,
1324 2373 1430 2428 qua
1469 2358 1741 2430 scriptura
1780 2359 1869 2414 vix
1903 2376 2060 2433 appa-

63 2452 216 2501 rente
255 2443 509 2499 lihrarius
545 2442 846 2497 dormitans
885 2443 1101 2514 scripsit
1143 2449 1344 2500 temere
1383 2444 1586 2517 aliquot
1625 2446 1894 2502 litterulas
1933 2465 2059 2520 qua-

64 2549 184 2589 rum
237 2540 368 2588 ΦΕΡ
422 2538 476 2586 et
529 2539 716 2586 ΩΣΙΑ
775 2538 987 2586 tantum
1034 2532 1300 2602 genuinae
1346 2532 1471 2588 sint.
1564 2535 1624 2588 Iu
1674 2535 1846 2606 primo
1898 2553 2060 2593 versu

62 2623 339 2678 ἀκολουθῶν
372 2620 569 2675 vitium
603 2620 873 2691 concepit:
916 2618 1136 2691 legerim
1171 2619 1434 2676 ἀκόλουθε.
1498 2621 1700 2677 Deinde
1739 2623 1881 2695 quod
1915 2625 2060 2680 Pier-

61 2726 224 2765 sonus
262 2726 359 2782 pro
402 2708 566 2777 εὔχου
619 2708 858 2780 reposuit
904 2707 1059 2777 ἔγχει
1110 2724 1439 2780 quamquam
1485 2710 1540 2764 id
1590 2711 1647 2765 in
1695 2727 1757 2766 ea
1812 2728 1871 2766 re
1924 2714 2058 2768 satis

58 2796 250 2853 tritum
279 2804 391 2862 est,
430 2796 573 2852 haud
611 2795 722 2851 scio
755 2803 936 2851 tamen
976 2813 1045 2851 an
1087 2812 1190 2850 non
1235 2803 1388 2868 poeta
1425 2798 1591 2866 ἐγχοῦ
1629 2798 1871 2865 dederit,
1913 2801 2056 2874 quod

61 2883 314 2941 facillime
353 2886 408 2940 in
443 2894 682 2941 ETXOT
726 2885 900 2956 potuit
941 2883 1238 2956 depravari.

131 2972 413 3029 Intercidit
452 2989 579 3046 pars
621 2973 918 3028 sententiae
970 2973 1024 3026 in
1066 2972 1343 3028 Menandri
1384 2973 1528 3029 dicto
1581 2974 1722 3048 apud
1763 2975 2052 3033 Stobaeum

60 3061 238 3118 floril.
275 3061 454 3117 cxxl.
502 3065 588 3116 10.

356 3148 479 3204 ὅταν
519 3148 547 3217 ᾖ
583 3149 740 3216 γέρων
781 3170 859 3210 τις
901 3150 1068 3213 ἐνδεής
1102 3171 1160 3205 τε
1196 3152 1282 3206 τὸν
1317 3152 1431 3217 βίον

355 3238 492 3293 οὐδὲν
534 3241 594 3292 τὸ
631 3239 859 3302 θνήσκειν
897 3238 1050 3293 δεινόν
1074 3281 1086 3302 ,
1127 3241 1255 3294 ἀλλ’
1291 3241 1340 3293 ἐν
1378 3242 1447 3308 τῷ
1484 3246 1655 3302 καλῶς

356 3324 591 3392 ἑκάτερον
635 3329 805 3381 αὐτῶν
852 3327 944 3390 τὴν
978 3327 1250 3392 διάγνωσιν
1287 3328 1451 3397 φέρει.

52 3414 276 3486 periisse
323 3411 576 3468 nonnulla
618 3412 817 3469 indicio
854 3421 932 3470 est
974 3414 1209 3483 ἑκάτερον
1260 3417 1312 3470 in
1358 3432 1517 3472 versu
1569 3417 1729 3471 tertio
1778 3423 1831 3471 et
1884 3415 2042 3469 lectio

4 3543 6 3545 -
53 3502 243 3575 optimi
295 3500 497 3556 codicis
530 3501 590 3556 A.
652 3503 753 3557 οὐδ’
800 3499 868 3558 αὖ
922 3503 975 3556 in
1025 3502 1293 3609 secundo,
1352 3503 1493 3558 uude
1551 3509 1772 3576 apparet
1824 3504 2041 3558 Poetam

24 3587 253 3666 dixisse
290 3589 493 3662 aliquid
533 3588 870 3645 huiusmodi:

355 3676 476 3731 ότοιν
516 3677 545 3746 ᾖ
578 3678 737 3746 γέρων
774 3699 853 3738 τις
890 3680 1056 3742 ἐνδεής
1109 3700 1167 3733 τε
1209 3682 1293 3733 τὸν
1331 3680 1442 3743 βίον
1464 3719 1482 3742 ,

1604 3770 1624 3801 ⁷
1650 3768 1666 3785 .
