2436 4068
1318 209 1423 260 644

387 351 452 406 de
493 352 559 405 iis
597 350 845 405 omnibus
885 351 1167 405 transitive
1206 351 1408 406 dicitur
1446 351 1682 418 καθίζειν.
1763 349 2028 405 Dicuntur
2064 354 2106 405 οἱ
2143 352 2351 408 δικαςαὶ

386 441 667 502 καθῆσθαι,
720 438 920 490 dicitur
959 439 981 490 ὁ
1022 437 1195 506 άρχων
1249 440 1468 507 καθίζειν
1525 440 1581 493 τὸ
1640 439 1949 504 δικαςήριον;
2010 439 2151 501 sicr}
2204 440 2354 499 πόλις
2420 509 2436 515 -

385 528 577 594 καθίζει
617 526 919 589 νομοθέτας,
959 529 983 577 ό
1024 527 1282 594 ςρατηγὸς
1324 529 1380 581 τὸ
1431 526 1702 594 ςράτευμα
1743 527 1967 594 καθίζει,
2018 527 2094 580 Sic
2135 527 2355 594 καθίζειν

384 616 501 670 τινα
539 615 610 673 εἰς
643 614 727 666 τὸν
767 613 1037 677 βασίλειον
1075 615 1230 680 θρόνον
1267 614 1498 679 dicitur,
1539 623 1590 667 et
1629 613 1728 666 alia
1762 614 1913 684 plura
1952 613 2357 667 eiusdemmodi.

388 704 443 758 Si
484 719 640 773 quein
699 707 850 771 poeta
898 703 1153 755 sedentem
1210 705 1383 773 capite
1437 703 1683 756 obvoluto
1721 702 1932 754 induxit
1984 702 2184 755 dicitur
2231 717 2355 755 eum

386 793 649 846 καθῖσαι
703 789 1056 857 ἐγκαλύψας,
1096 798 1149 844 ct
1189 793 1265 845 sic
1307 792 1655 862 RhapsoduS,
1718 790 1810 861 qui
1870 807 2096 843 coronae
2145 790 2354 842 circum
2433 775 2436 778 ¹

384 896 442 933 se
482 877 717 939 sedenti,
759 885 852 930 aut
895 877 1114 943 histrio,
1149 879 1240 949 qui
1291 879 1680 948 spectatoribus
1720 880 1772 930 in
1832 895 1990 931 cavea
2048 877 2357 931 sedentibus

382 966 652 1038 lacrymas
692 965 830 1030 ciet,
869 965 1070 1019 dicitur
1105 968 1291 1028 αὐτοὺς
1332 967 1589 1028 κλάοντας
1631 967 1886 1033 καθίζειν,
1930 973 1986 1019 ut
2027 967 2085 1019 in.
2125 966 2359 1019 Platonis
2433 992 2436 995 ·

384 1055 508 1108 lone
566 1070 614 1124 p.
657 1057 781 1107 555.
824 1053 886 1107 E.
944 1054 1034 1106 ἐάν
1090 1055 1184 1119 μὲν
1246 1055 1584 1116 κλάοντας
1640 1056 1827 1115 αὐτοὺς
1895 1054 2357 1113 καθίσω·αὐτὸς

382 1142 685 1208 γελάσομαι
726 1141 963 1208 άργύριον
1002 1142 1330 1207 λαμβάνων,
1370 1143 1461 1196 ἐάν
1501 1145 1553 1198 δὲ
1595 1149 1862 1209 γελῶντας
1886 1184 1899 1205 ,
1941 1143 2096 1211 αὐτρς
2137 1141 2358 1195 κλαύσο-

383 1253 482 1299 μαι
523 1231 757 1297 άργύριον
797 1231 1067 1292 άπολλύς,
1108 1238 1160 1284 et
1195 1247 1257 1284 ex
1308 1231 1587 1285 verissima
1630 1230 1942 1284 Schneideri
1989 1229 2360 1283 emendatione
2433 1226 2436 1231 ’

385 1322 439 1375 in
491 1317 775 1373 Memorat».
817 1317 883 1370 II.
924 1334 960 1373 1.
1013 1322 1094 1372 12.
1150 1320 1426 1376 ἐπίςανται
1466 1322 1508 1373 οἱ
1544 1321 1823 1386 κρείττονες
1860 1321 1977 1379 τοὺς
2019 1318 2233 1382 ἥττονας
2270 1317 2356 1370 καὶ
2433 1343 2436 1392 j

385 1416 518 1476 κοινῇ
577 1407 662 1460 καὶ
705 1406 807 1474 ἰδία
861 1406 1120 1467 κλάοντας
1181 1393 1557 1468 καθίσαντες
1613 1409 1804 1468 δούλοις
1858 1408 2115 1474 χρῆσθαι,
2172 1406 2261 1458 ubi
2302 1406 2357 1457 in
2430 1407 2436 1469 ζ

386 1497 538 1551 libris
579 1501 660 1548 est
710 1493 1015 1554 καθιςάντες
1066 1511 1248 1548 errore
1298 1512 1400 1548 non
1458 1495 1802 1567 infrequenti.
1883 1498 2068 1565 ltaque
2107 1491 2359 1564 quemad·
2423 1508 2436 1548 ‘z

385 1583 603 1639 modum
639 1581 841 1634 dicitur
879 1582 1051 1636 κλάων
1089 1583 1340 1647 κάθηται,
1383 1584 1459 1637 Sic
1498 1601 1595 1654 pro
1638 1591 1796 1637 ποιεῖν
1838 1584 1954 1637 τινα
1995 1581 2224 1636 κλάοντα
2265 1601 2357 1635 κα-

388 1674 561 1733 θῆσθαι
618 1670 818 1723 dicitur
877 1670 1106 1724 κλάοντά
1166 1692 1282 1725 τινα
1350 1670 1607 1738 καθίζειν,
1676 1671 2021 1742 quamohrem
2087 1670 2358 1742 participii

390 1777 518 1815 usus
559 1759 893 1812 necessarius
934 1759 1086 1829 plane
1126 1766 1206 1814 est
1263 1776 1360 1813 nec
1414 1766 1585 1831 potest
1629 1760 1682 1812 in
1734 1760 2063 1812 infinitivum
2120 1759 2361 1813 converti
2427 1776 2436 1807 ς

388 1849 494 1903 nisi
535 1847 599 1900 ab
639 1864 698 1900 eo
734 1847 824 1917 qui
870 1846 994 1916 quid
1037 1848 1107 1901 sit
1142 1848 1363 1916 καθίζειν
1397 1865 1498 1900 non
1540 1848 1737 1918 cogitet
1774 1854 1868 1902 aut
1908 1847 2127 1902 nesciat.
2208 1844 2358 1913 Quod
2427 1839 2429 1843 ⁴

387 1935 695 1992 Dindorfius
735 1951 796 1988 ex
838 1934 1051 1989 Polluce
1092 1936 1273 1989 attulit
1306 1937 1369 1989 11.
1410 1940 1498 1989 89.
1543 1941 1769 2003 Ξενοφῶν
1809 1938 1867 1990 τὸ
1905 1936 2199 1990 ἐκάθισεν
2240 1933 2356 1988 άντὶ
2420 1938 2427 2006 ᾖ

388 2030 476 2080 τοῦ
530 2025 791 2078 καθίσαι
847 2023 1144 2085 ἐποίησεν
1196 2041 1330 2077 novo
1390 2025 1589 2077 indicio
1629 2031 1710 2077 est
1760 2040 1918 2095 quam
1962 2023 2095 2077 nihil
2148 2023 2217 2076 sit
2254 2022 2360 2075 illis
2423 2062 2426 2098 5

387 2112 767 2169 Grammaticis
810 2110 1178 2169 tribuendum.
1261 2113 1422 2166 Attici
1466 2129 1650 2166 omnes
1688 2129 1748 2166 eo
1805 2129 1966 2166 sensu
2021 2111 2181 2166 verbo
2218 2110 2358 2164 καθί·
2417 2120 2423 2166 ζ

387 2202 489 2268 ζειν
542 2207 808 2261 utuntur,
860 2206 914 2252 et
966 2217 1120 2254 nemo
1162 2201 1463 2254 Atticorum
1522 2208 1764 2254 veterum
1817 2201 2047 2254 ἐκάθισεν
2102 2215 2359 2270 umquam

389 2290 526 2343 dixit
566 2288 655 2342 sed
696 2289 935 2351 καθῖσεν,
975 2288 1115 2358 quod
1154 2290 1206 2342 in
1243 2291 1475 2344 καθεῖσεν
1517 2295 1570 2342 ct
1604 2287 1834 2342 ἐκάθισεν
1871 2290 2143 2359 sequiores
2174 2288 2362 2358 depra-

389 2385 552 2441 vant,
607 2377 767 2430 sicuti
825 2374 1069 2428 futurum
1117 2379 1269 2430 καθιῶ
1322 2378 1376 2430 in
1419 2378 1606 2431 καθίσω
1648 2383 1701 2430 et
1747 2378 1947 2440 καθήσω
1989 2382 2043 2431 et
2094 2376 2198 2430 alia
2246 2392 2360 2429 cor·

388 2481 642 2537 rumpere
700 2462 947 2517 assolent.
1040 2464 1194 2536 Apud
1245 2464 1653 2519 Demosthenem
1705 2483 1754 2536 p.
1795 2470 1898 2530 51,
1943 2470 2028 2519 10.
2091 2481 2184 2536 pro
2233 2480 2360 2518 vera
2407 2512 2419 2532 ζ,

390 2556 616 2610 lectione
654 2552 925 2617 νομοθέτας
960 2555 1294 2607 καθίσατε
1335 2571 1363 2606 a
1405 2554 1642 2607 Bekkero
1686 2552 1914 2607 feliciter
1951 2553 2200 2607 restituta
2236 2552 2359 2606 libri
2414 2589 2415 2592 κ

390 2649 606 2700 servant
651 2641 900 2698 καθίςατε
951 2648 1002 2694 et
1043 2642 1280 2712 optimus
1322 2641 1372 2695 S.
1417 2644 1645 2712 pessime
1690 2643 1975 2705 καθιςάτε,
2027 2649 2079 2696 et
2136 2659 2184 2713 p.
2223 2646 2361 2706 707,

392 2736 480 2786 28.
535 2730 830 2798 σκέψασθαι
870 2730 984 2782 καθ’
1029 2726 1058 2781 δ’
1094 2750 1142 2783 τι
1184 2731 1300 2791 τοὺς
1352 2731 1625 2794 νομοθέτας
1679 2732 1960 2783 καθιεῖτε
2009 2728 2188 2783 nullus
2229 2729 2361 2784 libet·
2404 2734 2433 2814 ψ’

390 2836 574 2874 veram
611 2819 935 2888 scripturam
975 2819 1239 2881 servavit,
1283 2818 1375 2872 sed
1416 2819 1626 2879 καθίκτε
1651 2859 1664 2879 ,
1705 2819 1996 2881 καθεδεῖτε,
2037 2819 2361 2880 καθεδεῖται,

391 2909 699 2964 καθεδιεῖται
754 2912 805 2958 et
854 2906 1090 2977 optimus
1139 2906 1192 2960 S.
1249 2908 1504 2972 καθίειτε,
1564 2906 1662 2960 boc
1711 2907 1851 2959 enim
1910 2923 1973 2960 ex
2021 2915 2357 2960 ΚΑΘΙΕΙΤΕ
2399 2968 2411 2974 ,γ

391 2997 549 3050 homo
585 2993 829 3047 indoctus
866 2994 1070 3049 elicuit.
1152 2994 1386 3049 Felicius
1427 2996 1594 3049 evasit
1641 3003 1882 3048 ΚΑΘΙΕΙ
1927 3010 2046 3065 pag.
2080 2998 2219 3059 997,
2261 2998 2394 3049 23:v

391 3086 563 3139 οὐκοῦν
619 3083 705 3148 ἐφ’
756 3081 922 3149 ἑκάς-ῳ
969 3083 1157 3136 τούτων
1211 3084 1491 3151 δικαςήριον
1542 3087 1662 3149 ἡμῖν
1705 3086 1733 3146 ἧ
1775 3083 1923 3143 πόλις
1967 3085 2214 3144 καθιεῖ;
2268 3078 2403 3151 sedi}

391 3174 448 3226 in
491 3169 855 3240 Xenophontis
895 3169 1124 3222 Anabasi
1159 3171 1196 3224 1.
1229 3189 1281 3224 11.
1327 3176 1377 3239 4..
1421 3190 1515 3243 pro
1555 3170 2004 3235 ἐπαγγελλόμεθα
2041 3171 2091 3223 δὲ
2125 3163 2406 3247 Ἀριαίῳ,

393 3261 481 3314 ἐάν
535 3258 706 3312 ἐνθάδε
759 3256 904 3326 ἔλθῃ,
957 3259 1030 3318 εἰς
1074 3259 1158 3311 τὸν
1213 3259 1370 3325 θρόνον
1410 3262 1503 3315 ,τὸν
1551 3260 1818 3326 βασίλειον
1870 3259 2118 3312 καθιεῖν
2174 3242 2423 3346 αὐτόνῆ,Ι

390 3348 582 3420 >optimi
637 3345 760 3399 libri
800 3346 1058 3417 pessimas
1109 3346 1364 3401 lectiones
1418 3349 1640 3402 καθίσειν
1681 3355 1733 3401 et
1787 3347 2023 3410 καθήσειν
2075 3341 2390 3400 exhibent:7

395 3439 448 3491 in
502 3434 856 3490 deterioribus
909 3443 986 3489 est
1028 3437 1216 3490 καθιεῖν
1263 3453 1325 3490 ex
1375 3437 1554 3490 nescio
1598 3436 1753 3489 cuius
1807 3436 2134 3489 correctione
2175 3435 2358 3488 certis·
2394 3430 2419 3509 ’γ

393 3526 549 3581 sima.
631 3523 898 3591 Καθίζειν,
955 3540 1278 3596 quamquam
1315 3525 1510 3600 *minus
1561 3541 1751 3597 saepe,
1807 3526 1966 3579 ctiam
2024 3523 2360 3577 intransitive
2415 3515 2419 3597 J
