2436 4068
997 205 1102 255 555

57 356 160 423 χρὴ
213 351 687 420 δημοκρατουμένης
740 356 834 413 τῆς
889 347 1087 409 πόλεως
1128 350 1252 414 ἡμῖν
1298 354 1572 414 μετεῖναι,
1631 365 1876 422 expunge
1936 368 2044 407 em-

63 442 239 496 blema
277 441 390 508 περὶ
439 447 533 503 τῆς
573 438 843 498 πολιτείας
884 446 938 493 et
974 435 1195 492 habebis
1240 435 1466 491 eandem
1507 438 1833 492 sententiam
1876 439 2044 496 nitide

59 538 114 584 et
146 530 324 583 Attice
364 543 690 599 expressam.
769 525 963 580 Contra
1000 524 1160 580 verba
1195 527 1260 586 ὥς
1295 526 1398 593 χρή
1439 524 1580 580 male
1620 525 1956 598 irrepserunt
1990 529 2044 582 in

62 618 254 691 Lysiae
293 617 590 670 orationem
625 614 799 668 XXX.
846 617 934 667 52.
976 614 1158 668 τούτου
1192 614 1288 677 μὲν
1327 644 1404 653 —
1440 616 1529 668 οὐκ
1567 615 1915 683 ἐπεχείρησαν
1949 618 2048 671 δεῖ·
2129 659 2131 662 f

59 707 175 760 σθαι
224 704 310 776 [ὥς
349 703 476 775 χρὴ]
521 702 823 757 παύσασθαι
865 702 937 761 εἷς
979 703 1119 767 ὑμᾶς
1160 699 1591 768 ἐξαμαρτάνοντα
1614 745 1630 764 ,
1693 703 1840 758 nullo
1892 705 2051 759 modo

63 794 206 847 enim
249 790 472 846 verbum
522 790 701 856 δέομαι
740 788 832 843 ina
874 787 1036 844 verba
1073 787 1363 843 admittere
1398 795 1611 860 potest,
1654 791 1748 846 sed
1787 793 1862 846 nil
1902 810 2052 865 prae·

63 887 148 936 ter
208 879 538 935 infinitivum
603 879 908 934 παύσασθαι
966 876 1179 948 recipit.
1279 866 1476 930 Mirum
1539 885 1618 932 est
1676 896 1839 950 quam
1896 899 2053 954 saepe

66 971 305 1037 προσήκει
354 976 408 1023 et
445 974 697 1035 προσῆκεν
737 974 791 1021 et
828 971 1072 1034 προσῆκον
1114 965 1168 1018 in
1211 962 1364 1018 libris
1402 964 1838 1023 confundantur:
1893 971 2054 1026 cuius

66 1058 145 1112 rei
186 1075 324 1130 quae
362 1073 525 1112 causa
560 1056 631 1110 sit
683 1072 785 1110 non
827 1062 908 1109 est
947 1053 1082 1108 mihi
1121 1053 1254 1107 satis
1299 1054 1675 1125 perspicuum,
1715 1055 1807 1110 sed
1850 1055 2052 1113 factum

65 1163 183 1202 esse
222 1162 379 1218 saepe
419 1144 599 1209 video,
653 1154 715 1199 ut
755 1142 898 1215 apud
953 1142 1170 1215 Lysiam
1211 1140 1404 1195 XVIII.
1452 1146 1538 1196 11.
1579 1143 1635 1196 οὐ
1680 1145 1799 1204 τοὺς
1855 1165 2056 1213 πονηρο-

65 1234 256 1296 τάτους
311 1240 412 1289 τῶν
467 1237 688 1287 πολιτῶν
742 1231 1044 1287 ἀπέκτεινον
1067 1271 1083 1293 ,
1143 1231 1271 1284 ἀλλ’
1322 1225 1393 1290 οἷς
1451 1229 1663 1295 facim-‘50⁶
1722 1240 2056 1299 προσ-ἧκον

69 1323 156 1379 καὶ
203 1323 292 1378 διὰ
334 1321 481 1388 γένος
523 1321 610 1374 καὶ
651 1320 737 1375 διὰ
782 1324 1006 1375 πλοῦτον
1041 1318 1128 1372 καὶ
1183 1318 1268 1373 διὰ
1317 1318 1409 1380 τὴν
1451 1317 1624 1382 ἄλλην
1665 1322 1849 1388 αἱρετὴν
1901 1324 2057 1386 τιμοῖ·

71 1414 224 1475 σθαι,
279 1410 369 1465 ubi
423 1409 723 1481 requiritur
774 1413 1062 1476 προσῆκεν,
1123 1414 1181 1461 ut
1236 1406 1402 1461 videS.
1485 1407 1544 1462 ln
1599 1409 1878 1480 Euripidis
1932 1410 2058 1465 lonc

71 1516 150 1557 vs,
195 1503 323 1555 454.
363 1497 488 1552 libri
528 1513 713 1551 omnes
754 1494 903 1550 foede
941 1495 1181 1566 corrupti
1215 1494 1501 1550 exhibent:

450 1586 589 1654 ἀτὰρ
631 1586 883 1652 θυγατρὸς
924 1590 1017 1646 τῆς
1054 1584 1337 1652 Ἐρεχθέως
1379 1585 1433 1639 τί
1470 1605 1556 1651 μοι

455 1675 606 1741 μέλει
648 1676 888 1743 προσ-ἥκει
929 1676 978 1728 τ’
1018 1671 1208 1738 οὖδαςς

76 1782 235 1838 quem
277 1764 455 1819 locum
491 1762 718 1819 laudans
758 1763 1000 1817 lustinus
1041 1762 1247 1835 Martyr
1294 1763 1514 1830 προσῆκέ
1547 1765 1607 1830 μ’
1647 1763 1782 1818 οὐθέν
1831 1764 2062 1820 exhibet.

77 1853 219 1909 Vera
257 1852 417 1908 lectio
454 1869 485 1907 a
508 1853 745 1907 Dobraeo
770 1858 982 1923 reperta
1020 1859 1101 1906 est
1143 1857 1387 1919 προσῆκον
1428 1851 1601 1915 οὐδέν,
1643 1869 1781 1923 quae
1820 1854 1872 1907 iu
1914 1875 2065 1923 προσ·-

78 1951 199 2007 ῆκεν
256 1943 424 2005 οὐδέν,
479 1940 701 2008 προσῆκέ
750 1942 811 2006 μ’
851 1939 1023 2003 οὐδέν,
1079 1942 1318 2007 προσήκει
1371 1941 1420 1993 τ’
1459 1936 1610 2000 οὖδας
1663 1942 1897 2013 turpiter
1950 1961 2065 1999 cor-

77 2038 237 2103 rupta
274 2038 372 2085 est.
451 2030 696 2096 Προσήκει
747 2035 802 2083 et
841 2035 1088 2096 προσῆκεν
1134 2028 1188 2082 in
1231 2027 1607 2083 Demosthenis
1648 2029 1809 2084 Codd.
1866 2034 2067 2102 passim

77 2119 233 2175 video
266 2118 582 2191 permutari.
661 2116 737 2171 Cf.
781 2134 830 2188 p.
875 2120 1017 2181 104,
1061 2119 1150 2171 25.
1211 2116 1298 2171 ubi
1343 2115 1396 2171 S.
1442 2116 1578 2171 male
1619 2126 1867 2185 προσῆκεν
1907 2119 2068 2176 habet

15 2234 20 2243 ·
79 2226 176 2281 pro
213 2210 485 2276 προσήκει,
525 2212 577 2259 et
620 2209 762 2269 475,
810 2207 892 2259 16.
943 2211 996 2258 et
1038 2203 1181 2258 alibi.
1263 2197 1494 2259 Gravius
1525 2206 1687 2260 etiam
1732 2215 1971 2263 erratum
2013 2211 2067 2265 in

16 2350 20 2358 ,
78 2295 353 2354 Demosth.
396 2293 543 2350 Orat.
582 2292 819 2349 XLVIII.
872 2298 916 2348 Ι.
973 2293 1183 2348 ἐπειδὰν
1232 2294 1332 2347 ὑπό
1370 2314 1503 2355 τινος
1561 2296 1833 2351 ἀδικῶνται
1888 2295 2067 2360 ἄλλως

78 2407 139 2442 τε
179 2386 266 2440 καὶ
309 2387 401 2453 ὑφ’
440 2382 504 2438 ὧν
555 2381 710 2446 ἥκιςα
762 2382 1086 2450 προσήκει
1140 2383 1459 2446 ἀδικεῖσθαι,
1503 2381 1595 2437 ubi
1636 2390 1689 2436 et
1733 2392 1955 2452 προσ-ἧκε
1995 2387 2069 2444 le-

17 2459 26 2476 *
81 2471 315 2545 gendum
371 2479 427 2527 et
484 2469 847 2526 inducendum
904 2472 1208 2525 ἀδικεῖσθαι.
1303 2469 1569 2525 Solemnis
1621 2479 1702 2526 est
1758 2473 1815 2526 in
1874 2474 2071 2532 talibus

82 2559 333 2632 Ellipsis:
375 2560 469 2627 ὑφ’
510 2557 574 2614 ὦν
615 2558 747 2623 ἥκιξ
788 2561 943 2627 ἐχρῆν
984 2566 1038 2613 et
1081 2560 1172 2627 ὑφ’
1210 2557 1273 2614 ὧν
1309 2559 1464 2624 ἤκιςα
1505 2568 1770 2627 προσ-ἧκεν.
1849 2563 2071 2620 Imitan-

81 2656 174 2704 tur
215 2647 439 2702 Romani
467 2656 541 2703 et
582 2647 674 2702 alii
718 2654 771 2703 et
813 2647 998 2702 Livius
1029 2647 1266 2702 XXXIX.
1315 2652 1400 2702 11.
1450 2649 1695 2702 miserari
1740 2668 1916 2706 casum
1952 2654 2072 2709 ado-

23 2732 33 2790 i·
82 2735 320 2792 lucentis
358 2735 554 2807 coepit,
594 2737 686 2808 qui
724 2735 975 2809 spoliatus
1025 2736 1290 2809 fortunia,
1346 2752 1374 2790 a
1416 2735 1614 2807 quibus
1659 2738 1885 2794 mInime
1922 2758 2073 2814 opor-

31 2839 35 2884 }
84 2831 258 2890 teret,
312 2824 455 2896 apud
496 2843 551 2880 se
586 2834 706 2880 tunc
746 2832 893 2879 esset.
974 2824 1034 2879 In
1076 2825 1330 2880 Isocratis
1370 2825 1611 2879 oratione
1652 2827 1774 2894 πρὸς
1809 2831 2074 2886 Νικοκλέα

31 2931 36 2940 ’
87 2915 118 2985 S
157 2918 207 2970 5.
250 2930 345 2985 pro
384 2914 526 2981 ὁρῶσι
579 2914 698 2974 τοὺς
735 2915 831 2980 μὲν
871 2914 964 2981 ὑφ’
1005 2911 1068 2967 ὦν
1107 2911 1262 2976 ἤκιςα
1299 2918 1433 2982 χρῆν
1481 2914 1876 2982 διεφθαρμένους
1920 2922 2074 2974 resti.

83 3000 345 3058 tuendum
386 3009 469 3056 est
509 3000 686 3071 ὑφ’ὦν
708 3002 841 3067 ἤκις’
878 3002 1066 3069 ἐχρῆν,
1110 3008 1162 3055 et
1185 3000 1326 3073 apud
1356 3001 1741 3073 Antiphontem
1765 3004 1816 3058 in
1861 3004 2006 3062 Orat.
2031 3009 2071 3063 Ι.

88 3092 247 3161 522.
303 3091 452 3156 ὑμεῖς
501 3090 544 3145 δ’
594 3093 650 3145 οὐ
702 3097 800 3145 τῶν
848 3089 1263 3145 ἀποκτεινάντων
1304 3091 1387 3147 ἐςὲ
1427 3091 1624 3156 βοηθοί,
1677 3093 1829 3148 ἀλλὰ
1877 3101 1974 3150 τῶν
2016 3098 2073 3152 ἐκ

86 3179 316 3246 προνοίας
369 3179 787 3242 ἀποθνησκόντων
840 3180 927 3233 καὶ
984 3182 1158 3233 ταῦτα
1202 3179 1293 3247 ὑφ’
1347 3175 1411 3233 ὧν
1451 3179 1604 3244 ἤκιςα
1645 3181 1802 3250 ἐχρῆν
1862 3183 2072 3255 [αὐτοὺς

86 3267 478 3340 ἀποθνήσκειν],
533 3266 879 3323 manifestum
931 3265 1363 3321 additamentum
1405 3267 1755 3323 resecandum
1798 3287 1912 3325 esse
1952 3290 2073 3328 cen-

90 3370 195 3408 seo.
293 3354 508 3410 Utiliter
564 3354 648 3409 his
705 3354 830 3409 addi
881 3356 1079 3427 poterit
1137 3354 1316 3420 locuS‚
1378 3355 1468 3409 ubi
1523 3356 1575 3410 in
1631 3357 1861 3429 simplici
1916 3361 2076 3417 verbo

91 3440 233 3514 apud
287 3441 696 3499 Demosthenem
751 3461 874 3499 cum
931 3443 1133 3515 insigni
1170 3443 1468 3499 sententiae
1508 3442 1832 3500 detrimento
1878 3448 1955 3503 sic
1995 3459 2078 3507 cst

15 3540 19 3548 ·
94 3536 354 3585 erratum.
449 3529 506 3584 ln
550 3533 791 3603 oratione
845 3532 956 3600 περὶ
1014 3536 1103 3586 τοῦ
1158 3530 1388 3600 ςεφοὲνου
1430 3549 1483 3603 p.
1529 3536 1654 3586 257.
1715 3536 1872 3604 355.
1926 3539 2077 3596 οὶκού.

94 3620 241 3671 oecos
299 3618 429 3671 δυοῖν
484 3620 512 3681 ἣ
563 3626 704 3685 τριῶν
764 3623 955 3690 ἡμερῶν
1016 3616 1085 3681 οἷς
1140 3621 1234 3685 μὲν
1296 3622 1472 3688 ἐχθρὸς
1534 3621 1665 3684 ἥκει
1718 3623 1872 3691 φίλον
1923 3629 2079 3685 αὐτὸν
