<?xml version="1.0" encoding="UTF-8"?>
<!DOCTYPE html PUBLIC "-//W3C//DTD XHTML 1.0 Transitional//EN"
    "http://www.w3.org/TR/xhtml1/DTD/xhtml1-transitional.dtd">
<html xmlns="http://www.w3.org/1999/xhtml" xml:lang="en" lang="en">
 <head>
  <title>
</title>
<meta http-equiv="Content-Type" content="text/html;charset=utf-8" />
  <meta name='ocr-system' content='tesseract 3.04.00' />
  <meta name='ocr-capabilities' content='ocr_page ocr_carea ocr_par ocr_line ocrx_word'/>
</head>
<body>
  <div class='ocr_page' id='page_1' title='image "./novaelectionesqu00cobeuoft/novaelectionesqu00cobeuoft_0218.png"; bbox 0 0 2436 4068; ppageno 0'>
   <div class='ocr_carea' id='block_1_1' title="bbox 1350 207 1449 255">
    <p class='ocr_par' dir='ltr' id='par_1_1' title="bbox 1350 207 1449 255">
     <span class='ocr_line' id='line_1_1' title="bbox 1350 207 1449 255; baseline 0 0"><span class='ocrx_word' id='word_1_1' title='bbox 1350 207 1449 255; x_wconf 72' lang='lat'><strong>184</strong></span> 
     </span>
    </p>
   </div>
   <div class='ocr_carea' id='block_1_2' title="bbox 394 348 2419 3596">
    <p class='ocr_par' dir='ltr' id='par_1_2' title="bbox 403 348 2376 859">
     <span class='ocr_line' id='line_1_2' title="bbox 415 348 2376 426; baseline 0.001 -17"><span class='ocrx_word' id='word_1_2' title='bbox 415 363 473 410; x_wconf 85' lang='lat' dir='ltr'><strong>ut</strong></span> <span class='ocrx_word' id='word_1_3' title='bbox 526 356 738 426; x_wconf 77' lang='lat' dir='ltr'>opinor,</span> <span class='ocrx_word' id='word_1_4' title='bbox 793 373 902 421; x_wconf 79' lang='grc' dir='ltr'><em>περι</em></span> <span class='ocrx_word' id='word_1_5' title='bbox 941 356 956 374; x_wconf 87' lang='grc'><strong>“</strong></span> <span class='ocrx_word' id='word_1_6' title='bbox 994 355 1015 374; x_wconf 63' lang='lat'><strong>⁴</strong></span> <span class='ocrx_word' id='word_1_7' title='bbox 1048 371 1158 412; x_wconf 83' lang='grc' dir='ltr'><em>τον,</em></span> <span class='ocrx_word' id='word_1_8' title='bbox 1210 348 1349 419; x_wconf 87' lang='lat' dir='ltr'><strong>quod</strong></span> <span class='ocrx_word' id='word_1_9' title='bbox 1401 351 1445 402; x_wconf 89' lang='lat' dir='ltr'><strong>si</strong></span> <span class='ocrx_word' id='word_1_10' title='bbox 1493 348 1789 416; x_wconf 63' lang='grc' dir='ltr'><em>περιβόητον</em></span> <span class='ocrx_word' id='word_1_11' title='bbox 1848 351 2206 424; x_wconf 83' lang='lat' dir='ltr'><strong>suppleveriS,</strong></span> <span class='ocrx_word' id='word_1_12' title='bbox 2254 355 2376 410; x_wconf 81' lang='lat' dir='ltr'><strong>Plu·</strong></span> 
     </span>
     <span class='ocr_line' id='line_1_3' title="bbox 408 436 1397 498; baseline -0.008 0"><span class='ocrx_word' id='word_1_13' title='bbox 408 443 593 498; x_wconf 74' lang='lat' dir='ltr'><strong>tarcho</strong></span> <span class='ocrx_word' id='word_1_14' title='bbox 630 457 781 495; x_wconf 88' lang='lat' dir='ltr'><strong>suam</strong></span> <span class='ocrx_word' id='word_1_15' title='bbox 826 456 1044 493; x_wconf 90' lang='lat' dir='ltr'><strong>manum</strong></span> <span class='ocrx_word' id='word_1_16' title='bbox 1084 436 1397 492; x_wconf 66' lang='lat' dir='ltr'><strong>reddideris</strong></span> 
     </span>
     <span class='ocr_line' id='line_1_4' title="bbox 478 525 2375 600; baseline 0 -15"><span class='ocrx_word' id='word_1_17' title='bbox 478 529 767 600; x_wconf 84' lang='lat' dir='ltr'><strong>Demagogi</strong></span> <span class='ocrx_word' id='word_1_18' title='bbox 816 544 1004 580; x_wconf 90' lang='lat' dir='ltr'><strong>nomen</strong></span> <span class='ocrx_word' id='word_1_19' title='bbox 1059 526 1190 580; x_wconf 89' lang='lat' dir='ltr'><strong>latet</strong></span> <span class='ocrx_word' id='word_1_20' title='bbox 1239 526 1291 578; x_wconf 92' lang='lat' dir='ltr'><strong>in</strong></span> <span class='ocrx_word' id='word_1_21' title='bbox 1345 525 1578 579; x_wconf 79' lang='lat' dir='ltr'>Platonis</span> <span class='ocrx_word' id='word_1_22' title='bbox 1628 525 1928 596; x_wconf 77' lang='lat' dir='ltr'><strong>fragmento</strong></span> <span class='ocrx_word' id='word_1_23' title='bbox 1977 527 2117 598; x_wconf 88' lang='lat' dir='ltr'><strong>apud</strong></span> <span class='ocrx_word' id='word_1_24' title='bbox 2170 528 2375 584; x_wconf 84' lang='lat' dir='ltr'><strong>Plutar-</strong></span> 
     </span>
     <span class='ocr_line' id='line_1_5' title="bbox 404 614 2376 685; baseline 0.001 -13"><span class='ocrx_word' id='word_1_25' title='bbox 404 618 565 673; x_wconf 83' lang='lat' dir='ltr'><strong>chum</strong></span> <span class='ocrx_word' id='word_1_26' title='bbox 604 616 668 670; x_wconf 87' lang='lat' dir='ltr'><strong>de</strong></span> <span class='ocrx_word' id='word_1_27' title='bbox 709 614 939 685; x_wconf 79' lang='lat' dir='ltr'><strong>gerenda</strong></span> <span class='ocrx_word' id='word_1_28' title='bbox 980 631 1090 685; x_wconf 82' lang='lat' dir='ltr'><strong>rep.</strong></span> <span class='ocrx_word' id='word_1_29' title='bbox 1135 631 1182 685; x_wconf 88' lang='lat' dir='ltr'><strong>p.</strong></span> <span class='ocrx_word' id='word_1_30' title='bbox 1219 617 1343 667; x_wconf 80' lang='lat'>801.</span> <span class='ocrx_word' id='word_1_31' title='bbox 1385 614 1443 667; x_wconf 91' lang='grc' dir='ltr'><strong>Β.</strong></span> <span class='ocrx_word' id='word_1_32' title='bbox 1484 614 1706 668; x_wconf 88' lang='grc' dir='ltr'><em>Πλάτων</em></span> <span class='ocrx_word' id='word_1_33' title='bbox 1745 616 1766 667; x_wconf 81' lang='grc' dir='ltr'>ὁ</span> <span class='ocrx_word' id='word_1_34' title='bbox 1803 616 2022 678; x_wconf 83' lang='grc' dir='ltr'><em>κωμικὸς</em></span> <span class='ocrx_word' id='word_1_35' title='bbox 2070 617 2154 670; x_wconf 82' lang='grc' dir='ltr'><em>τὸν</em></span> <span class='ocrx_word' id='word_1_36' title='bbox 2200 625 2376 683; x_wconf 77' lang='grc' dir='ltr'><em>Δῆμον</em></span> 
     </span>
     <span class='ocr_line' id='line_1_6' title="bbox 403 699 2375 773; baseline -0.001 -12"><span class='ocrx_word' id='word_1_37' title='bbox 403 708 558 761; x_wconf 82' lang='grc' dir='ltr'><em>αὐτὸν</em></span> <span class='ocrx_word' id='word_1_38' title='bbox 590 710 727 758; x_wconf 79' lang='grc' dir='ltr'><em>ποιεῖ</em></span> <span class='ocrx_word' id='word_1_39' title='bbox 764 736 834 742; x_wconf 88' lang='lat'>—</span> <span class='ocrx_word' id='word_1_40' title='bbox 874 705 1120 756; x_wconf 77' lang='grc' dir='ltr'><em>αἰτοῦντα</em></span> <span class='ocrx_word' id='word_1_41' title='bbox 1156 701 1374 764; x_wconf 73' lang='grc' dir='ltr'><em>λεκάνην</em></span> <span class='ocrx_word' id='word_1_42' title='bbox 1413 702 1496 756; x_wconf 79' lang='grc' dir='ltr'><em>καὶ</em></span> <span class='ocrx_word' id='word_1_43' title='bbox 1541 705 1721 769; x_wconf 80' lang='grc' dir='ltr'><em>πτερὸν</em></span> <span class='ocrx_word' id='word_1_44' title='bbox 1759 699 1892 762; x_wconf 69' lang='grc' dir='ltr'><em>ὅπως</em></span> <span class='ocrx_word' id='word_1_45' title='bbox 1927 702 2085 773; x_wconf 67' lang='grc' dir='ltr'>ἐμέσῃ</span> <span class='ocrx_word' id='word_1_46' title='bbox 2121 705 2375 769; x_wconf 72' lang='grc' dir='ltr'><em>λέγοντα·</em></span> 
     </span>
     <span class='ocr_line' id='line_1_7' title="bbox 781 791 1970 859; baseline -0.002 -14"><span class='ocrx_word' id='word_1_47' title='bbox 781 792 1092 859; x_wconf 77' lang='grc' dir='ltr'><em>προσίςαταί</em></span> <span class='ocrx_word' id='word_1_48' title='bbox 1129 811 1213 857; x_wconf 75' lang='grc' dir='ltr'><strong>μοι</strong></span> <span class='ocrx_word' id='word_1_49' title='bbox 1253 793 1372 858; x_wconf 81' lang='grc' dir='ltr'><em>πρὸς</em></span> <span class='ocrx_word' id='word_1_50' title='bbox 1412 794 1470 845; x_wconf 82' lang='grc' dir='ltr'><strong>τὸ</strong></span> <span class='ocrx_word' id='word_1_51' title='bbox 1509 792 1665 856; x_wconf 77' lang='grc' dir='ltr'><em>βῆμα</em></span> <span class='ocrx_word' id='word_1_52' title='bbox 1705 791 1970 852; x_wconf 73' lang='grc' dir='ltr'><em>Μαντίλη.</em></span> 
     </span>
    </p>

    <p class='ocr_par' dir='ltr' id='par_1_3' title="bbox 403 878 2382 1378">
     <span class='ocr_line' id='line_1_8' title="bbox 403 878 2379 952; baseline 0.001 -17"><span class='ocrx_word' id='word_1_53' title='bbox 403 883 457 935; x_wconf 92' lang='lat' dir='ltr'><strong>in</strong></span> <span class='ocrx_word' id='word_1_54' title='bbox 498 881 859 950; x_wconf 83' lang='lat' dir='ltr'><strong>Demagogum</strong></span> <span class='ocrx_word' id='word_1_55' title='bbox 901 878 1131 950; x_wconf 82' lang='lat' dir='ltr'>aliquem</span> <span class='ocrx_word' id='word_1_56' title='bbox 1174 886 1226 933; x_wconf 88' lang='lat' dir='ltr'><strong>et</strong></span> <span class='ocrx_word' id='word_1_57' title='bbox 1268 885 1453 932; x_wconf 89' lang='lat' dir='ltr'><strong>notum</strong></span> <span class='ocrx_word' id='word_1_58' title='bbox 1496 878 1763 933; x_wconf 89' lang='lat' dir='ltr'><strong>hominem</strong></span> <span class='ocrx_word' id='word_1_59' title='bbox 1820 878 1949 932; x_wconf 85' lang='lat' dir='ltr'><strong>haee</strong></span> <span class='ocrx_word' id='word_1_60' title='bbox 2003 878 2108 932; x_wconf 83' lang='lat' dir='ltr'><strong>dici</strong></span> <span class='ocrx_word' id='word_1_61' title='bbox 2157 890 2379 952; x_wconf 87' lang='lat' dir='ltr'><strong>apparet</strong></span> 
     </span>
     <span class='ocr_line' id='line_1_9' title="bbox 404 965 2378 1039; baseline 0.001 -16"><span class='ocrx_word' id='word_1_62' title='bbox 404 985 464 1024; x_wconf 88' lang='lat' dir='ltr'><strong>ex</strong></span> <span class='ocrx_word' id='word_1_63' title='bbox 507 969 601 1029; x_wconf 82' lang='lat' dir='ltr'><strong>iis,</strong></span> <span class='ocrx_word' id='word_1_64' title='bbox 643 984 779 1039; x_wconf 85' lang='lat' dir='ltr'><strong>quae</strong></span> <span class='ocrx_word' id='word_1_65' title='bbox 818 966 959 1038; x_wconf 89' lang='lat' dir='ltr'><strong>apud</strong></span> <span class='ocrx_word' id='word_1_66' title='bbox 1006 967 1350 1021; x_wconf 77' lang='lat' dir='ltr'>Plutarchum</span> <span class='ocrx_word' id='word_1_67' title='bbox 1404 966 1757 1038; x_wconf 83' lang='lat' dir='ltr'><strong>praecedunt:</strong></span> <span class='ocrx_word' id='word_1_68' title='bbox 1814 965 2038 1038; x_wconf 85' lang='lat' dir='ltr'><strong>populus</strong></span> <span class='ocrx_word' id='word_1_69' title='bbox 2089 985 2243 1039; x_wconf 90' lang='lat' dir='ltr'><strong>saepe</strong></span> <span class='ocrx_word' id='word_1_70' title='bbox 2293 969 2378 1024; x_wconf 91' lang='lat' dir='ltr'><strong>de-</strong></span> 
     </span>
     <span class='ocr_line' id='line_1_10' title="bbox 405 1054 2381 1128; baseline 0 -17"><span class='ocrx_word' id='word_1_71' title='bbox 405 1057 646 1128; x_wconf 81' lang='lat' dir='ltr'><strong>magogis</strong></span> <span class='ocrx_word' id='word_1_72' title='bbox 695 1056 1039 1127; x_wconf 85' lang='lat' dir='ltr'><strong>nequissimis</strong></span> <span class='ocrx_word' id='word_1_73' title='bbox 1091 1057 1292 1120; x_wconf 90' lang='lat' dir='ltr'><strong>utitur,</strong></span> <span class='ocrx_word' id='word_1_74' title='bbox 1334 1056 1536 1126; x_wconf 89' lang='lat' dir='ltr'><strong>inquit,</strong></span> <span class='ocrx_word' id='word_1_75' title='bbox 1578 1055 1669 1109; x_wconf 89' lang='lat' dir='ltr'><strong>sed</strong></span> <span class='ocrx_word' id='word_1_76' title='bbox 1721 1072 1843 1108; x_wconf 86' lang='lat' dir='ltr'><strong>eum</strong></span> <span class='ocrx_word' id='word_1_77' title='bbox 1893 1054 2106 1109; x_wconf 85' lang='lat' dir='ltr'><strong>fastidio</strong></span> <span class='ocrx_word' id='word_1_78' title='bbox 2154 1064 2207 1111; x_wconf 91' lang='lat' dir='ltr'><strong>et</strong></span> <span class='ocrx_word' id='word_1_79' title='bbox 2259 1075 2381 1111; x_wconf 90' lang='lat' dir='ltr'><strong>con-</strong></span> 
     </span>
     <span class='ocr_line' id='line_1_11' title="bbox 403 1141 2382 1216; baseline 0 -17"><span class='ocrx_word' id='word_1_80' title='bbox 403 1152 601 1209; x_wconf 85' lang='lat' dir='ltr'><strong>temtu,</strong></span> <span class='ocrx_word' id='word_1_81' title='bbox 643 1143 945 1216; x_wconf 83' lang='lat' dir='ltr'>gaudetque</span> <span class='ocrx_word' id='word_1_82' title='bbox 982 1160 1149 1214; x_wconf 89' lang='lat' dir='ltr'><strong>quum</strong></span> <span class='ocrx_word' id='word_1_83' title='bbox 1191 1160 1280 1197; x_wconf 90' lang='lat' dir='ltr'><strong>eos</strong></span> <span class='ocrx_word' id='word_1_84' title='bbox 1319 1143 1519 1197; x_wconf 78' lang='lat' dir='ltr'><strong>Comici</strong></span> <span class='ocrx_word' id='word_1_85' title='bbox 1562 1141 1793 1196; x_wconf 86' lang='lat' dir='ltr'><strong>ludibrio</strong></span> <span class='ocrx_word' id='word_1_86' title='bbox 1833 1142 2046 1197; x_wconf 87' lang='lat' dir='ltr'><strong>habent.</strong></span> <span class='ocrx_word' id='word_1_87' title='bbox 2119 1144 2382 1215; x_wconf 81' lang='lat' dir='ltr'><strong>Cogitavit</strong></span> 
     </span>
     <span class='ocr_line' id='line_1_12' title="bbox 405 1230 2381 1302; baseline 0.001 -15"><span class='ocrx_word' id='word_1_88' title='bbox 405 1233 702 1288; x_wconf 88' lang='lat' dir='ltr'><strong>Meinekius</strong></span> <span class='ocrx_word' id='word_1_89' title='bbox 737 1232 801 1287; x_wconf 89' lang='lat' dir='ltr'><strong>de</strong></span> <span class='ocrx_word' id='word_1_90' title='bbox 835 1233 1034 1286; x_wconf 90' lang='lat' dir='ltr'><strong>Mantia</strong></span> <span class='ocrx_word' id='word_1_91' title='bbox 1069 1231 1339 1296; x_wconf 84' lang='lat' dir='ltr'><strong>Thorieio‚</strong></span> <span class='ocrx_word' id='word_1_92' title='bbox 1381 1232 1536 1285; x_wconf 85' lang='lat' dir='ltr'><strong>euius</strong></span> <span class='ocrx_word' id='word_1_93' title='bbox 1569 1230 1709 1302; x_wconf 91' lang='lat' dir='ltr'><strong>apud</strong></span> <span class='ocrx_word' id='word_1_94' title='bbox 1740 1231 2146 1286; x_wconf 76' lang='lat' dir='ltr'><strong>Demosthenem</strong></span> <span class='ocrx_word' id='word_1_95' title='bbox 2181 1234 2381 1288; x_wconf 90' lang='lat' dir='ltr'><strong>mentio</strong></span> 
     </span>
     <span class='ocr_line' id='line_1_13' title="bbox 406 1320 1418 1378; baseline -0.003 -2"><span class='ocrx_word' id='word_1_96' title='bbox 406 1329 507 1378; x_wconf 84' lang='lat' dir='ltr'><strong>est.</strong></span> <span class='ocrx_word' id='word_1_97' title='bbox 573 1320 702 1374; x_wconf 85' lang='lat' dir='ltr'><strong>Mihi</strong></span> <span class='ocrx_word' id='word_1_98' title='bbox 744 1321 892 1375; x_wconf 87' lang='lat' dir='ltr'><strong>Plato</strong></span> <span class='ocrx_word' id='word_1_99' title='bbox 937 1320 1136 1374; x_wconf 83' lang='lat' dir='ltr'><strong>dixisse</strong></span> <span class='ocrx_word' id='word_1_100' title='bbox 1177 1320 1418 1374; x_wconf 87' lang='lat' dir='ltr'><strong>videtur:</strong></span> 
     </span>
    </p>

    <p class='ocr_par' dir='ltr' id='par_1_4' title="bbox 707 1407 2034 1477">
     <span class='ocr_line' id='line_1_14' title="bbox 707 1407 2034 1477; baseline -0.001 -15"><span class='ocrx_word' id='word_1_101' title='bbox 707 1411 885 1477; x_wconf 79' lang='grc' dir='ltr'><em>πτερὸν</em></span> <span class='ocrx_word' id='word_1_102' title='bbox 919 1409 1128 1476; x_wconf 82' lang='grc' dir='ltr'><em>ταχέως</em></span> <span class='ocrx_word' id='word_1_103' title='bbox 1168 1429 1247 1468; x_wconf 83' lang='grc' dir='ltr'><strong>τις</strong></span> <span class='ocrx_word' id='word_1_104' title='bbox 1278 1408 1364 1462; x_wconf 73' lang='grc' dir='ltr'><em>καὶ</em></span> <span class='ocrx_word' id='word_1_105' title='bbox 1398 1407 1618 1470; x_wconf 72' lang='grc' dir='ltr'><em>λεκάνην</em></span> <span class='ocrx_word' id='word_1_106' title='bbox 1657 1407 1919 1472; x_wconf 73' lang='grc' dir='ltr'><em>ἐνεγκάτω</em></span> <span class='ocrx_word' id='word_1_107' title='bbox 1962 1441 2034 1452; x_wconf 92' lang='grc'>-</span> 
     </span>
    </p>

    <p class='ocr_par' dir='ltr' id='par_1_5' title="bbox 405 1497 2098 1656">
     <span class='ocr_line' id='line_1_15' title="bbox 707 1497 1929 1565; baseline -0.001 -15"><span class='ocrx_word' id='word_1_108' title='bbox 707 1497 1019 1565; x_wconf 80' lang='grc' dir='ltr'><em>προσίςαταί</em></span> <span class='ocrx_word' id='word_1_109' title='bbox 1056 1517 1139 1563; x_wconf 82' lang='grc' dir='ltr'><strong>μοι</strong></span> <span class='ocrx_word' id='word_1_110' title='bbox 1178 1498 1297 1564; x_wconf 78' lang='grc' dir='ltr'><em>πρὸς</em></span> <span class='ocrx_word' id='word_1_111' title='bbox 1341 1497 1398 1550; x_wconf 79' lang='grc' dir='ltr'><strong>τὸ</strong></span> <span class='ocrx_word' id='word_1_112' title='bbox 1440 1497 1597 1562; x_wconf 77' lang='grc' dir='ltr'><em>βῆμα</em></span> <span class='ocrx_word' id='word_1_113' title='bbox 1644 1497 1929 1563; x_wconf 78' lang='grc' dir='ltr'><em>Μαρψίας,</em></span> 
     </span>
     <span class='ocr_line' id='line_1_16' title="bbox 405 1583 2098 1656; baseline 0.001 -19"><span class='ocrx_word' id='word_1_114' title='bbox 405 1601 560 1656; x_wconf 86' lang='lat' dir='ltr'><strong>quem</strong></span> <span class='ocrx_word' id='word_1_115' title='bbox 604 1583 874 1640; x_wconf 89' lang='lat' dir='ltr'><strong>hominem</strong></span> <span class='ocrx_word' id='word_1_116' title='bbox 918 1602 980 1639; x_wconf 87' lang='lat' dir='ltr'><strong>ex</strong></span> <span class='ocrx_word' id='word_1_117' title='bbox 1025 1584 1378 1655; x_wconf 79' lang='lat' dir='ltr'><strong>Aristophane</strong></span> <span class='ocrx_word' id='word_1_118' title='bbox 1410 1586 1657 1640; x_wconf 90' lang='lat' dir='ltr'><strong>novimus</strong></span> <span class='ocrx_word' id='word_1_119' title='bbox 1697 1584 1926 1639; x_wconf 83' lang='lat' dir='ltr'><strong>Acharn.</strong></span> <span class='ocrx_word' id='word_1_120' title='bbox 1973 1587 2098 1639; x_wconf 70' lang='lat'><strong>702.</strong></span> 
     </span>
    </p>

    <p class='ocr_par' dir='ltr' id='par_1_6' title="bbox 394 1673 2419 3596">
     <span class='ocr_line' id='line_1_17' title="bbox 706 1673 1638 1741; baseline 0.001 -15"><span class='ocrx_word' id='word_1_121' title='bbox 706 1675 827 1741; x_wconf 77' lang='grc' dir='ltr'><em>πρὸς</em></span> <span class='ocrx_word' id='word_1_122' title='bbox 866 1673 992 1728; x_wconf 79' lang='grc' dir='ltr'><em>τάδε</em></span> <span class='ocrx_word' id='word_1_123' title='bbox 1036 1675 1090 1727; x_wconf 84' lang='grc' dir='ltr'><strong>τί</strong></span> <span class='ocrx_word' id='word_1_124' title='bbox 1124 1675 1328 1741; x_wconf 84' lang='grc' dir='ltr'><em>ἀντερεῖ</em></span> <span class='ocrx_word' id='word_1_125' title='bbox 1358 1675 1638 1741; x_wconf 80' lang='grc' dir='ltr'><em>Μαρψίας;</em></span> 
     </span>
     <span class='ocr_line' id='line_1_18' title="bbox 403 1760 2383 1834; baseline 0.001 -20"><span class='ocrx_word' id='word_1_126' title='bbox 403 1760 710 1827; x_wconf 80' lang='grc' dir='ltr'><em>προσίςαται</em></span> <span class='ocrx_word' id='word_1_127' title='bbox 750 1777 851 1814; x_wconf 92' lang='lat' dir='ltr'><strong>non</strong></span> <span class='ocrx_word' id='word_1_128' title='bbox 886 1767 967 1815; x_wconf 89' lang='lat' dir='ltr'><strong>est</strong></span> <span class='ocrx_word' id='word_1_129' title='bbox 1001 1779 1249 1815; x_wconf 79' lang='lat' dir='ltr'><strong>nausea-m</strong></span> <span class='ocrx_word' id='word_1_130' title='bbox 1283 1769 1330 1815; x_wconf 78' lang='lat' dir='ltr'><strong>et</strong></span> <span class='ocrx_word' id='word_1_131' title='bbox 1368 1762 1642 1834; x_wconf 74' lang='lat' dir='ltr'><strong>fastidium</strong></span> <span class='ocrx_word' id='word_1_132' title='bbox 1694 1770 1864 1826; x_wconf 81' lang='lat' dir='ltr'><strong>creat,</strong></span> <span class='ocrx_word' id='word_1_133' title='bbox 1906 1761 1997 1816; x_wconf 89' lang='lat' dir='ltr'><strong>sed</strong></span> <span class='ocrx_word' id='word_1_134' title='bbox 2051 1762 2269 1834; x_wconf 87' lang='lat' dir='ltr'><strong>ponitur</strong></span> <span class='ocrx_word' id='word_1_135' title='bbox 2321 1779 2383 1816; x_wconf 92' lang='lat' dir='ltr'><strong>eo</strong></span> 
     </span>
     <span class='ocr_line' id='line_1_19' title="bbox 401 1847 2383 1920; baseline 0.001 -17"><span class='ocrx_word' id='word_1_136' title='bbox 401 1865 599 1910; x_wconf 75' lang='lat' dir='ltr'><strong>sensti,</strong></span> <span class='ocrx_word' id='word_1_137' title='bbox 644 1865 748 1919; x_wconf 91' lang='lat' dir='ltr'><strong>quo</strong></span> <span class='ocrx_word' id='word_1_138' title='bbox 803 1865 959 1920; x_wconf 87' lang='lat' dir='ltr'><strong>saepe</strong></span> <span class='ocrx_word' id='word_1_139' title='bbox 1011 1848 1151 1920; x_wconf 87' lang='lat' dir='ltr'><strong>apud</strong></span> <span class='ocrx_word' id='word_1_140' title='bbox 1190 1857 1428 1904; x_wconf 90' lang='lat' dir='ltr'><strong>oratores</strong></span> <span class='ocrx_word' id='word_1_141' title='bbox 1480 1848 1641 1914; x_wconf 92' lang='lat' dir='ltr'><strong>solet,</strong></span> <span class='ocrx_word' id='word_1_142' title='bbox 1682 1847 1747 1903; x_wconf 90' lang='lat' dir='ltr'><strong>de</strong></span> <span class='ocrx_word' id='word_1_143' title='bbox 1795 1849 1863 1903; x_wconf 92' lang='lat' dir='ltr'><strong>iis</strong></span> <span class='ocrx_word' id='word_1_144' title='bbox 1903 1850 1995 1920; x_wconf 91' lang='lat' dir='ltr'><strong>qui</strong></span> <span class='ocrx_word' id='word_1_145' title='bbox 2045 1849 2250 1904; x_wconf 82' lang='lat' dir='ltr'><strong>adstant</strong></span> <span class='ocrx_word' id='word_1_146' title='bbox 2289 1856 2383 1904; x_wconf 87' lang='lat' dir='ltr'><strong>aut</strong></span> 
     </span>
     <span class='ocr_line' id='line_1_20' title="bbox 401 1936 2383 2009; baseline 0.001 -19"><span class='ocrx_word' id='word_1_147' title='bbox 401 1938 734 1991; x_wconf 76' lang='lat' dir='ltr'><strong>circumstant</strong></span> <span class='ocrx_word' id='word_1_148' title='bbox 787 1938 839 1992; x_wconf 92' lang='lat' dir='ltr'><strong>in</strong></span> <span class='ocrx_word' id='word_1_149' title='bbox 891 1938 1125 1991; x_wconf 87' lang='lat' dir='ltr'><strong>comitiis</strong></span> <span class='ocrx_word' id='word_1_150' title='bbox 1179 1944 1273 1991; x_wconf 92' lang='lat' dir='ltr'><strong>aut</strong></span> <span class='ocrx_word' id='word_1_151' title='bbox 1320 1938 1374 1991; x_wconf 91' lang='lat' dir='ltr'><strong>in</strong></span> <span class='ocrx_word' id='word_1_152' title='bbox 1435 1936 1653 1993; x_wconf 80' lang='lat' dir='ltr'><strong>iudicio,</strong></span> <span class='ocrx_word' id='word_1_153' title='bbox 1734 1936 2117 2009; x_wconf 90' lang='lat' dir='ltr'><strong>Reponendum</strong></span> <span class='ocrx_word' id='word_1_154' title='bbox 2153 1943 2235 1992; x_wconf 90' lang='lat' dir='ltr'><strong>est</strong></span> <span class='ocrx_word' id='word_1_155' title='bbox 2283 1937 2383 1992; x_wconf 76' lang='lat' dir='ltr'><strong>hoc</strong></span> 
     </span>
     <span class='ocr_line' id='line_1_21' title="bbox 402 2023 2380 2097; baseline 0.001 -19"><span class='ocrx_word' id='word_1_156' title='bbox 402 2026 576 2097; x_wconf 87' lang='lat' dir='ltr'><strong>ipsum</strong></span> <span class='ocrx_word' id='word_1_157' title='bbox 620 2024 760 2096; x_wconf 81' lang='lat' dir='ltr'><strong>apud</strong></span> <span class='ocrx_word' id='word_1_158' title='bbox 799 2024 1069 2080; x_wconf 87' lang='lat' dir='ltr'><strong>Demosth.</strong></span> <span class='ocrx_word' id='word_1_159' title='bbox 1117 2042 1164 2096; x_wconf 89' lang='lat' dir='ltr'><strong>p.</strong></span> <span class='ocrx_word' id='word_1_160' title='bbox 1206 2029 1366 2081; x_wconf 73' lang='lat'><strong>1142.</strong></span> <span class='ocrx_word' id='word_1_161' title='bbox 1408 2023 1533 2080; x_wconf 76' lang='grc' dir='ltr'><em>ὅταν</em></span> <span class='ocrx_word' id='word_1_162' title='bbox 1578 2047 1656 2086; x_wconf 85' lang='grc' dir='ltr'><strong>τις</strong></span> <span class='ocrx_word' id='word_1_163' title='bbox 1701 2026 1758 2080; x_wconf 85' lang='grc' dir='ltr'><strong>τὸ</strong></span> <span class='ocrx_word' id='word_1_164' title='bbox 1793 2027 1947 2092; x_wconf 80' lang='grc' dir='ltr'><em>σῶμα</em></span> <span class='ocrx_word' id='word_1_165' title='bbox 1994 2025 2252 2094; x_wconf 75' lang='grc' dir='ltr'><em>παραδιδῷ</em></span> <span class='ocrx_word' id='word_1_166' title='bbox 2297 2046 2380 2080; x_wconf 81' lang='grc' dir='ltr'><em>κο·</em></span> 
     </span>
     <span class='ocr_line' id='line_1_22' title="bbox 399 2114 2382 2181; baseline 0 -14"><span class='ocrx_word' id='word_1_167' title='bbox 399 2115 561 2179; x_wconf 73' lang='grc' dir='ltr'><em>μία-ας</em></span> <span class='ocrx_word' id='word_1_168' title='bbox 606 2114 785 2168; x_wconf 77' lang='grc' dir='ltr'><em>πολλοὶ</em></span> <span class='ocrx_word' id='word_1_169' title='bbox 842 2115 1142 2181; x_wconf 76' lang='grc' dir='ltr'><em>προΐςανται</em></span> <span class='ocrx_word' id='word_1_170' title='bbox 1205 2114 1539 2176; x_wconf 77' lang='grc' dir='ltr'><em>ἐπακούοντες</em></span> <span class='ocrx_word' id='word_1_171' title='bbox 1584 2119 1680 2168; x_wconf 86' lang='grc' dir='ltr'><strong>τῶν</strong></span> <span class='ocrx_word' id='word_1_172' title='bbox 1726 2114 2048 2180; x_wconf 71' lang='grc' dir='ltr'><em>λεγομένων,</em></span> <span class='ocrx_word' id='word_1_173' title='bbox 2103 2115 2211 2168; x_wconf 92' lang='lat' dir='ltr'><strong>imo</strong></span> <span class='ocrx_word' id='word_1_174' title='bbox 2255 2131 2382 2169; x_wconf 81' lang='lat' dir='ltr'><strong>vero</strong></span> 
     </span>
     <span class='ocr_line' id='line_1_23' title="bbox 397 2194 1173 2269; baseline 0 -12"><span class='ocrx_word' id='word_1_175' title='bbox 397 2203 752 2269; x_wconf 76' lang='grc' dir='ltr'><em>προσίςανται.</em></span> <span class='ocrx_word' id='word_1_176' title='bbox 1169 2194 1173 2198; x_wconf 50' lang='grc'><strong>’</strong></span> 
     </span>
     <span class='ocr_line' id='line_1_24' title="bbox 408 2289 2380 2362; baseline 0.001 -19"><span class='ocrx_word' id='word_1_177' title='bbox 408 2324 410 2327; x_wconf 93' lang='grc'><strong>-</strong></span> <span class='ocrx_word' id='word_1_178' title='bbox 475 2290 686 2343; x_wconf 87' lang='lat' dir='ltr'><strong>Certam</strong></span> <span class='ocrx_word' id='word_1_179' title='bbox 743 2289 980 2343; x_wconf 90' lang='lat' dir='ltr'><strong>Piersoni</strong></span> <span class='ocrx_word' id='word_1_180' title='bbox 1030 2289 1457 2345; x_wconf 79' lang='lat' dir='ltr'><strong>emendationem</strong></span> <span class='ocrx_word' id='word_1_181' title='bbox 1501 2291 1555 2343; x_wconf 93' lang='lat' dir='ltr'><strong>in</strong></span> <span class='ocrx_word' id='word_1_182' title='bbox 1603 2289 1838 2344; x_wconf 83' lang='lat' dir='ltr'><strong>Platonis</strong></span> <span class='ocrx_word' id='word_1_183' title='bbox 1886 2289 2186 2360; x_wconf 83' lang='lat' dir='ltr'><strong>fragmento</strong></span> <span class='ocrx_word' id='word_1_184' title='bbox 2239 2289 2380 2362; x_wconf 86' lang='lat' dir='ltr'><strong>apud</strong></span> 
     </span>
     <span class='ocr_line' id='line_1_25' title="bbox 398 2377 2377 2449; baseline 0.001 -17"><span class='ocrx_word' id='word_1_185' title='bbox 398 2377 683 2432; x_wconf 85' lang='lat' dir='ltr'><strong>Moeridem</strong></span> <span class='ocrx_word' id='word_1_186' title='bbox 745 2395 793 2430; x_wconf 87' lang='lat' dir='ltr'><strong>v.</strong></span> <span class='ocrx_word' id='word_1_187' title='bbox 852 2380 1082 2439; x_wconf 85' lang='grc' dir='ltr'><em>Ἀνακῶς</em></span> <span class='ocrx_word' id='word_1_188' title='bbox 1142 2379 1437 2433; x_wconf 80' lang='lat' dir='ltr'><strong>Meinekius</strong></span> <span class='ocrx_word' id='word_1_189' title='bbox 1495 2377 1796 2432; x_wconf 88' lang='lat' dir='ltr'><strong>inconsulto</strong></span> <span class='ocrx_word' id='word_1_190' title='bbox 1848 2379 2063 2449; x_wconf 90' lang='lat' dir='ltr'><strong>sprevit.</strong></span> <span class='ocrx_word' id='word_1_191' title='bbox 2155 2377 2377 2434; x_wconf 84' lang='lat' dir='ltr'><strong>Editur:</strong></span> 
     </span>
     <span class='ocr_line' id='line_1_26' title="bbox 401 2465 2381 2538; baseline 0.001 -18"><span class='ocrx_word' id='word_1_192' title='bbox 401 2466 624 2521; x_wconf 79' lang='grc' dir='ltr'><em>Πλάτων</em></span> <span class='ocrx_word' id='word_1_193' title='bbox 666 2467 688 2520; x_wconf 87' lang='lat'><strong>0‘</strong></span> <span class='ocrx_word' id='word_1_194' title='bbox 725 2466 988 2532; x_wconf 76' lang='grc' dir='ltr'><em>Κωμικόςε</em></span> <span class='ocrx_word' id='word_1_195' title='bbox 1029 2467 1116 2521; x_wconf 79' lang='grc' dir='ltr'><em>καὶ</em></span> <span class='ocrx_word' id='word_1_196' title='bbox 1173 2467 1271 2527; x_wconf 76' lang='grc' dir='ltr'><strong>τας</strong></span> <span class='ocrx_word' id='word_1_197' title='bbox 1312 2468 1462 2535; x_wconf 83' lang='grc' dir='ltr'><em>θύρας</em></span> <span class='ocrx_word' id='word_1_198' title='bbox 1502 2469 1704 2527; x_wconf 81' lang='grc' dir='ltr'><em>ἀνακῶς</em></span> <span class='ocrx_word' id='word_1_199' title='bbox 1746 2465 1905 2533; x_wconf 75' lang='grc' dir='ltr'><em>ἔχειν.</em></span> <span class='ocrx_word' id='word_1_200' title='bbox 1988 2467 2204 2521; x_wconf 81' lang='lat' dir='ltr'><strong>Pierson</strong></span> <span class='ocrx_word' id='word_1_201' title='bbox 2248 2468 2381 2538; x_wconf 88' lang='lat' dir='ltr'><strong>opti·</strong></span> 
     </span>
     <span class='ocr_line' id='line_1_27' title="bbox 397 2553 2419 2628; baseline -0.001 -18"><span class='ocrx_word' id='word_1_202' title='bbox 397 2572 484 2610; x_wconf 88' lang='lat' dir='ltr'><strong>me</strong></span> <span class='ocrx_word' id='word_1_203' title='bbox 532 2563 624 2618; x_wconf 76' lang='grc' dir='ltr'><strong>τῆς</strong></span> <span class='ocrx_word' id='word_1_204' title='bbox 674 2555 841 2622; x_wconf 82' lang='grc' dir='ltr'><em>θύρας.</em></span> <span class='ocrx_word' id='word_1_205' title='bbox 921 2555 1192 2610; x_wconf 89' lang='lat' dir='ltr'><strong>Meineke:</strong></span> <span class='ocrx_word' id='word_1_206' title='bbox 1254 2565 1420 2609; x_wconf 79' lang='lat' dir='ltr'><strong>»recte</strong></span> <span class='ocrx_word' id='word_1_207' title='bbox 1475 2557 1676 2616; x_wconf 88' lang='grc' dir='ltr'><em>ἀνακῶς</em></span> <span class='ocrx_word' id='word_1_208' title='bbox 1743 2554 1884 2622; x_wconf 79' lang='grc' dir='ltr'><em>ἔχειν</em></span> <span class='ocrx_word' id='word_1_209' title='bbox 1938 2553 2180 2608; x_wconf 79' lang='lat' dir='ltr'><strong>dicuntur</strong></span> <span class='ocrx_word' id='word_1_210' title='bbox 2239 2558 2419 2628; x_wconf 60' lang='lat' dir='ltr'><strong>sores</strong></span> 
     </span>
     <span class='ocr_line' id='line_1_28' title="bbox 397 2636 2378 2715; baseline 0.001 -19"><span class='ocrx_word' id='word_1_211' title='bbox 397 2644 620 2715; x_wconf 74' lang='lat' dir='ltr'><strong>firmiter</strong></span> <span class='ocrx_word' id='word_1_212' title='bbox 672 2643 958 2698; x_wconf 77' lang='lat' dir='ltr'><strong>occlusae.”</strong></span> <span class='ocrx_word' id='word_1_213' title='bbox 1051 2643 1163 2698; x_wconf 93' lang='lat' dir='ltr'><strong>Non</strong></span> <span class='ocrx_word' id='word_1_214' title='bbox 1236 2636 1518 2698; x_wconf 80' lang='lat' dir='ltr'><strong>intellexit</strong></span> <span class='ocrx_word' id='word_1_215' title='bbox 1556 2641 1684 2714; x_wconf 90' lang='lat' dir='ltr'><strong>quid</strong></span> <span class='ocrx_word' id='word_1_216' title='bbox 1740 2649 1879 2697; x_wconf 90' lang='lat' dir='ltr'><strong>esset</strong></span> <span class='ocrx_word' id='word_1_217' title='bbox 1938 2644 2140 2705; x_wconf 82' lang='grc' dir='ltr'><em>ἀνακῶς</em></span> <span class='ocrx_word' id='word_1_218' title='bbox 2200 2643 2378 2711; x_wconf 79' lang='grc' dir='ltr'><em>ἔχειν,</em></span> 
     </span>
     <span class='ocr_line' id='line_1_29' title="bbox 399 2730 2377 2803; baseline 0.001 -17"><span class='ocrx_word' id='word_1_219' title='bbox 399 2730 848 2803; x_wconf 84' lang='lat' dir='ltr'><strong>quemadmodum</strong></span> <span class='ocrx_word' id='word_1_220' title='bbox 887 2748 1059 2802; x_wconf 88' lang='lat' dir='ltr'><strong>neque</strong></span> <span class='ocrx_word' id='word_1_221' title='bbox 1112 2731 1326 2792; x_wconf 83' lang='lat' dir='ltr'><strong>MoeriS‚</strong></span> <span class='ocrx_word' id='word_1_222' title='bbox 1368 2731 1461 2802; x_wconf 88' lang='lat' dir='ltr'><strong>qui</strong></span> <span class='ocrx_word' id='word_1_223' title='bbox 1499 2732 1757 2799; x_wconf 81' lang='grc' dir='ltr'><em>ἀσφαλῶς</em></span> <span class='ocrx_word' id='word_1_224' title='bbox 1807 2733 1835 2795; x_wconf 78' lang='grc' dir='ltr'>ἢ</span> <span class='ocrx_word' id='word_1_225' title='bbox 1885 2735 2249 2800; x_wconf 83' lang='grc' dir='ltr'><em>φνλακτικῶς,</em></span> <span class='ocrx_word' id='word_1_226' title='bbox 2290 2749 2377 2787; x_wconf 90' lang='lat' dir='ltr'><strong>ne-</strong></span> 
     </span>
     <span class='ocr_line' id='line_1_30' title="bbox 398 2818 2372 2893; baseline 0.001 -21"><span class='ocrx_word' id='word_1_227' title='bbox 398 2837 503 2891; x_wconf 84' lang='lat' dir='ltr'><strong>que</strong></span> <span class='ocrx_word' id='word_1_228' title='bbox 559 2819 893 2893; x_wconf 83' lang='lat' dir='ltr'><strong>HesychiuS‚</strong></span> <span class='ocrx_word' id='word_1_229' title='bbox 951 2820 1044 2890; x_wconf 89' lang='lat' dir='ltr'><strong>qui</strong></span> <span class='ocrx_word' id='word_1_230' title='bbox 1104 2821 1398 2886; x_wconf 77' lang='grc' dir='ltr'><em>ἐπιμελῶς,</em></span> <span class='ocrx_word' id='word_1_231' title='bbox 1460 2818 1903 2888; x_wconf 75' lang='grc' dir='ltr'><em>πεφροντισμένως</em></span> <span class='ocrx_word' id='word_1_232' title='bbox 1970 2819 2372 2891; x_wconf 75' lang='lat' dir='ltr'><strong>interpretatur.</strong></span> 
     </span>
     <span class='ocr_line' id='line_1_31' title="bbox 399 2906 2374 2979; baseline 0 -17"><span class='ocrx_word' id='word_1_233' title='bbox 399 2907 678 2979; x_wconf 81' lang='lat' dir='ltr'><strong>Significat</strong></span> <span class='ocrx_word' id='word_1_234' title='bbox 728 2910 929 2969; x_wconf 82' lang='grc' dir='ltr'><em>ἀνακῶς</em></span> <span class='ocrx_word' id='word_1_235' title='bbox 984 2907 1126 2975; x_wconf 77' lang='grc' dir='ltr'><em>ἔχειν</em></span> <span class='ocrx_word' id='word_1_236' title='bbox 1175 2907 1307 2961; x_wconf 90' lang='lat' dir='ltr'><strong>nihil</strong></span> <span class='ocrx_word' id='word_1_237' title='bbox 1355 2906 1502 2961; x_wconf 85' lang='lat' dir='ltr'><strong>aliud</strong></span> <span class='ocrx_word' id='word_1_238' title='bbox 1554 2923 1715 2978; x_wconf 84' lang='lat' dir='ltr'><strong>quam</strong></span> <span class='ocrx_word' id='word_1_239' title='bbox 1761 2907 2145 2972; x_wconf 79' lang='grc' dir='ltr'><em>ἐπιμελεῖσθαι,</em></span> <span class='ocrx_word' id='word_1_240' title='bbox 2199 2908 2374 2974; x_wconf 64' lang='grc' dir='ltr'><em>ἐπιμὲο</em></span> 
     </span>
     <span class='ocr_line' id='line_1_32' title="bbox 394 2990 2374 3067; baseline 0.001 -17"><span class='ocrx_word' id='word_1_241' title='bbox 394 3009 540 3050; x_wconf 87' lang='grc' dir='ltr'><em>λειαν</em></span> <span class='ocrx_word' id='word_1_242' title='bbox 585 2996 832 3050; x_wconf 80' lang='grc' dir='ltr'><em>ποιεῖσθαι</em></span> <span class='ocrx_word' id='word_1_243' title='bbox 883 3002 935 3049; x_wconf 84' lang='lat' dir='ltr'><strong>et</strong></span> <span class='ocrx_word' id='word_1_244' title='bbox 989 2997 1067 3050; x_wconf 85' lang='lat' dir='ltr'><strong>sie</strong></span> <span class='ocrx_word' id='word_1_245' title='bbox 1112 2995 1442 3064; x_wconf 72' lang='grc' dir='ltr'><em>φυλάττειν,</em></span> <span class='ocrx_word' id='word_1_246' title='bbox 1494 3003 1678 3062; x_wconf 75' lang='grc' dir='ltr'><em>τηρεῖν.</em></span> <span class='ocrx_word' id='word_1_247' title='bbox 1762 2993 2054 3060; x_wconf 33' lang='lat' dir='ltr'><strong>Observa-re</strong></span> <span class='ocrx_word' id='word_1_248' title='bbox 2105 2990 2374 3067; x_wconf 84' lang='lat' dir='ltr'><strong>aliquem,</strong></span> 
     </span>
     <span class='ocr_line' id='line_1_33' title="bbox 397 3081 2376 3154; baseline -0.001 -16"><span class='ocrx_word' id='word_1_249' title='bbox 397 3101 462 3138; x_wconf 92' lang='lat' dir='ltr'><strong>ne</strong></span> <span class='ocrx_word' id='word_1_250' title='bbox 503 3083 640 3137; x_wconf 85' lang='lat' dir='ltr'><strong>clam</strong></span> <span class='ocrx_word' id='word_1_251' title='bbox 677 3082 951 3147; x_wconf 87' lang='lat' dir='ltr'><strong>elabatur,</strong></span> <span class='ocrx_word' id='word_1_252' title='bbox 992 3083 1274 3138; x_wconf 86' lang='lat' dir='ltr'><strong>observare</strong></span> <span class='ocrx_word' id='word_1_253' title='bbox 1310 3083 1478 3148; x_wconf 87' lang='lat' dir='ltr'><strong>fores,</strong></span> <span class='ocrx_word' id='word_1_254' title='bbox 1521 3100 1586 3138; x_wconf 91' lang='lat' dir='ltr'><strong>ne</strong></span> <span class='ocrx_word' id='word_1_255' title='bbox 1627 3083 1747 3154; x_wconf 89' lang='lat' dir='ltr'><strong>quis</strong></span> <span class='ocrx_word' id='word_1_256' title='bbox 1777 3081 2020 3136; x_wconf 82' lang='lat' dir='ltr'><strong>clanculo</strong></span> <span class='ocrx_word' id='word_1_257' title='bbox 2056 3083 2258 3138; x_wconf 87' lang='lat' dir='ltr'><strong>intrare</strong></span> <span class='ocrx_word' id='word_1_258' title='bbox 2293 3083 2376 3138; x_wconf 87' lang='lat' dir='ltr'><strong>vel</strong></span> 
     </span>
     <span class='ocr_line' id='line_1_34' title="bbox 397 3170 2374 3243; baseline -0.001 -16"><span class='ocrx_word' id='word_1_259' title='bbox 397 3170 576 3243; x_wconf 83' lang='lat' dir='ltr'><strong>egredi</strong></span> <span class='ocrx_word' id='word_1_260' title='bbox 620 3171 800 3241; x_wconf 84' lang='lat' dir='ltr'><strong>possit.</strong></span> <span class='ocrx_word' id='word_1_261' title='bbox 862 3171 1054 3227; x_wconf 82' lang='lat' dir='ltr'><strong>Herod.</strong></span> <span class='ocrx_word' id='word_1_262' title='bbox 1099 3172 1138 3225; x_wconf 91' lang='lat' dir='ltr'><strong>I.</strong></span> <span class='ocrx_word' id='word_1_263' title='bbox 1183 3175 1251 3225; x_wconf 67' lang='lat'><strong>⁶24</strong></span> <span class='ocrx_word' id='word_1_264' title='bbox 1315 3173 1610 3239; x_wconf 77' lang='grc' dir='ltr'><em>Περίανδρον</em></span> <span class='ocrx_word' id='word_1_265' title='bbox 1652 3173 1702 3226; x_wconf 76' lang='grc' dir='ltr'><strong>δὲ</strong></span> <span class='ocrx_word' id='word_1_266' title='bbox 1755 3172 1850 3225; x_wconf 76' lang='grc' dir='ltr'><strong>ὑπὸ</strong></span> <span class='ocrx_word' id='word_1_267' title='bbox 1909 3170 2119 3231; x_wconf 77' lang='grc' dir='ltr'><em>ἀπιςιής</em></span> <span class='ocrx_word' id='word_1_268' title='bbox 2172 3172 2374 3238; x_wconf 80' lang='grc' dir='ltr'><em>Ἀρίονα</em></span> 
     </span>
     <span class='ocr_line' id='line_1_35' title="bbox 394 3258 2372 3332; baseline -0.001 -18"><span class='ocrx_word' id='word_1_269' title='bbox 394 3261 488 3324; x_wconf 78' lang='grc' dir='ltr'><em>μὲν</em></span> <span class='ocrx_word' id='word_1_270' title='bbox 530 3261 579 3312; x_wconf 83' lang='grc' dir='ltr'><em>ἐν</em></span> <span class='ocrx_word' id='word_1_271' title='bbox 625 3263 841 3326; x_wconf 70' lang='grc' dir='ltr'><em>φυλακῇ</em></span> <span class='ocrx_word' id='word_1_272' title='bbox 894 3258 1064 3326; x_wconf 77' lang='grc' dir='ltr'><em>ἔχειν,</em></span> <span class='ocrx_word' id='word_1_273' title='bbox 1118 3262 1318 3320; x_wconf 84' lang='grc' dir='ltr'><em>ἀνακῶς</em></span> <span class='ocrx_word' id='word_1_274' title='bbox 1368 3261 1419 3313; x_wconf 80' lang='grc' dir='ltr'><strong>δὲ</strong></span> <span class='ocrx_word' id='word_1_275' title='bbox 1461 3258 1602 3326; x_wconf 79' lang='grc' dir='ltr'><em>ἔχειν</em></span> <span class='ocrx_word' id='word_1_276' title='bbox 1653 3266 1750 3314; x_wconf 87' lang='grc' dir='ltr'><strong>τῶν</strong></span> <span class='ocrx_word' id='word_1_277' title='bbox 1803 3258 2074 3325; x_wconf 78' lang='grc' dir='ltr'><em>πορθμέων.</em></span> <span class='ocrx_word' id='word_1_278' title='bbox 2131 3258 2372 3332; x_wconf 73' lang='lat' dir='ltr'><strong>Thucyd.</strong></span> 
     </span>
     <span class='ocr_line' id='line_1_36' title="bbox 397 3344 2375 3418; baseline 0 -18"><span class='ocrx_word' id='word_1_279' title='bbox 397 3348 534 3403; x_wconf 85' lang='lat' dir='ltr'><strong>Vlll.</strong></span> <span class='ocrx_word' id='word_1_280' title='bbox 583 3349 686 3401; x_wconf 73' lang='lat'><strong>102</strong></span> <span class='ocrx_word' id='word_1_281' title='bbox 747 3344 879 3407; x_wconf 69' lang='grc' dir='ltr'><em>ὅπως</em></span> <span class='ocrx_word' id='word_1_282' title='bbox 930 3350 1096 3401; x_wconf 81' lang='grc' dir='ltr'><em>αὐτῶν</em></span> <span class='ocrx_word' id='word_1_283' title='bbox 1156 3350 1356 3407; x_wconf 85' lang='grc' dir='ltr'><em>ἀνακῶς</em></span> <span class='ocrx_word' id='word_1_284' title='bbox 1425 3344 1615 3410; x_wconf 72' lang='grc' dir='ltr'><em>ἕξουσιν</em></span> <span class='ocrx_word' id='word_1_285' title='bbox 1671 3347 1727 3409; x_wconf 75' lang='grc' dir='ltr'><em>ἢν</em></span> <span class='ocrx_word' id='word_1_286' title='bbox 1784 3346 2083 3401; x_wconf 82' lang='grc' dir='ltr'><em>ε’κπλέωσιν.</em></span> <span class='ocrx_word' id='word_1_287' title='bbox 2185 3346 2375 3418; x_wconf 80' lang='lat' dir='ltr'><strong>Itaque</strong></span> 
     </span>
     <span class='ocr_line' id='line_1_37' title="bbox 399 3433 2373 3508; baseline 0.001 -19"><span class='ocrx_word' id='word_1_288' title='bbox 399 3436 535 3507; x_wconf 83' lang='lat' dir='ltr'><strong>quod</strong></span> <span class='ocrx_word' id='word_1_289' title='bbox 573 3435 710 3508; x_wconf 87' lang='lat' dir='ltr'><strong>apud</strong></span> <span class='ocrx_word' id='word_1_290' title='bbox 746 3435 957 3507; x_wconf 79' lang='lat' dir='ltr'><strong>Lysiam</strong></span> <span class='ocrx_word' id='word_1_291' title='bbox 997 3441 1076 3488; x_wconf 81' lang='lat' dir='ltr'><strong>est</strong></span> <span class='ocrx_word' id='word_1_292' title='bbox 1110 3433 1149 3488; x_wconf 92' lang='lat' dir='ltr'><strong>I.</strong></span> <span class='ocrx_word' id='word_1_293' title='bbox 1188 3439 1256 3488; x_wconf 68' lang='lat'><strong>25</strong></span> <span class='ocrx_word' id='word_1_294' title='bbox 1298 3437 1447 3488; x_wconf 78' lang='grc' dir='ltr'><em>εἰπὼν</em></span> <span class='ocrx_word' id='word_1_295' title='bbox 1484 3434 1645 3502; x_wconf 64' lang='grc' dir='ltr'><em>ἐκείνῃ</em></span> <span class='ocrx_word' id='word_1_296' title='bbox 1677 3435 2031 3500; x_wconf 78' lang='grc' dir='ltr'><em>ἐπιμελεῖσθαι</em></span> <span class='ocrx_word' id='word_1_297' title='bbox 2067 3442 2158 3499; x_wconf 76' lang='grc' dir='ltr'><strong>τῆς</strong></span> <span class='ocrx_word' id='word_1_298' title='bbox 2197 3435 2373 3503; x_wconf 78' lang='grc' dir='ltr'><em>θύρας,</em></span> 
     </span>
     <span class='ocr_line' id='line_1_38' title="bbox 400 3521 1980 3596; baseline 0.001 -20"><span class='ocrx_word' id='word_1_299' title='bbox 400 3523 451 3577; x_wconf 86' lang='lat' dir='ltr'><strong>id</strong></span> <span class='ocrx_word' id='word_1_300' title='bbox 492 3524 639 3578; x_wconf 78' lang='lat' dir='ltr'><strong>Plato</strong></span> <span class='ocrx_word' id='word_1_301' title='bbox 677 3525 872 3596; x_wconf 81' lang='lat' dir='ltr'><strong>optime</strong></span> <span class='ocrx_word' id='word_1_302' title='bbox 913 3522 1118 3577; x_wconf 76' lang='lat' dir='ltr'><strong>dixerat</strong></span> <span class='ocrx_word' id='word_1_303' title='bbox 1157 3522 1240 3575; x_wconf 73' lang='grc' dir='ltr'><em>καὶ</em></span> <span class='ocrx_word' id='word_1_304' title='bbox 1279 3530 1370 3584; x_wconf 76' lang='grc' dir='ltr'><strong>τῆς</strong></span> <span class='ocrx_word' id='word_1_305' title='bbox 1403 3523 1551 3590; x_wconf 89' lang='grc' dir='ltr'><em>θύρας</em></span> <span class='ocrx_word' id='word_1_306' title='bbox 1586 3523 1784 3583; x_wconf 80' lang='grc' dir='ltr'><em>ἀνακῶς</em></span> <span class='ocrx_word' id='word_1_307' title='bbox 1824 3521 1980 3588; x_wconf 79' lang='grc' dir='ltr'><em>ἔχειν,</em></span> 
     </span>
    </p>
   </div>
  </div>
 </body>
</html>
