2436 4068
1373 192 1474 241 168

427 346 626 413 λιμαί
640 364 710 405 ας
766 343 972 401 alnam:
1027 336 1254 407 ’Aa-stuc)
1322 335 1422 394 τας
1480 334 1623 387 κατα
1684 330 1990 396 συμβόλαια
2020 371 2033 393 ,
2100 329 2187 384 ubi
2248 347 2402 386 nemo

424 432 692 490 dubitabit
737 427 1021 485 emendare
1065 424 1166 485 τὰς
1216 422 1360 477 κατα
1414 421 1703 487 σύμβολα,
1762 418 1950 472 collato
1998 416 2310 489 Harpocrat.
2350 436 2402 474 v.

423 522 688 589 Σύμβολα
737 524 789 572 et
830 514 1016 570 multis
1054 511 1340 568 Oratorum
1380 509 1546 571 locis,
1600 523 1772 578 neque
1811 506 2094 576 quisquam
2122 547 2135 570 ,
2188 511 2249 559 ut
2295 507 2405 578 opi-

423 627 558 674 nor,
596 602 918 678 repugnabit
959 603 1004 655 si
1046 597 1348 672 Thucydidi
1383 614 1543 652 suum
1581 594 1868 650 reddetur:
1910 593 1961 646 ἐν
2001 599 2117 655 ταῖς
2152 593 2405 660 ξυμβολι-

421 698 607 766 μαίαις
647 695 768 762 πρὸς
813 692 929 752 τοὺς
970 687 1289 756 ξυμμάχους
1337 686 1526 747 δίκαις.
1605 683 1720 738 Non
1769 688 1950 735 tamen
1999 679 2115 735 heri
2169 687 2263 735 aut
2303 697 2407 735 nu-

423 787 546 840 dius
597 782 795 838 tertius
841 785 1001 834 natus
1059 793 1210 832 error
1250 781 1366 840 est,
1422 773 1516 844 qui
1567 777 1777 826 nostros
1835 768 2045 823 codices
2091 785 2276 822 omnes
2318 768 2406 822 ob-

424 871 590 928 sidet:⁴
643 867 784 942 apud
824 868 1002 939 ipsum
1049 864 1375 938 Hesychium
1420 861 1708 932 depravata
1755 859 2024 929 scriptura
2077 856 2409 927 conspicitur

426 979 478 1018 v.
522 957 870 1026 Συμβολαίας
923 954 1097 1016 δίκαςῑ
1149 954 1250 1015 τας
1289 951 1432 1006 κατα
1465 949 1786 1014 συμβολαῖον
1831 943 2159 1017 (σύμβολα);
2202 943 2295 1015 qui
2334 942 2410 997 lo-

425 1066 522 1104 cus
562 1063 667 1101 non
703 1042 1069 1100 emendandus
1106 1040 1198 1096 sed
1231 1056 1354 1095 cum
1394 1041 1671 1092 contemtu
1707 1032 2039 1089 abiiciendus
2070 1038 2185 1094 est,
2228 1047 2412 1103 quem·

427 1134 715 1193 admodum
774 1131 1069 1187 sexcenties
1120 1128 1261 1201 apud
1315 1124 1643 1199 Hesychium
1697 1122 1880 1177 eadem
1930 1120 2104 1192 glossa
2160 1119 2285 1174 alibi
2333 1119 2413 1172 in·

427 1233 578 1296 tegra
615 1230 668 1278 et
707 1223 1020 1291 incorrupta
1063 1218 1295 1288 legitur,
1335 1213 1462 1269 alibi
1511 1211 1702 1266 vitiosa
1740 1217 1793 1265 et
1838 1210 2146 1281 depravata.
2228 1206 2413 1262 Serva-

427 1314 541 1377 vit,
582 1318 643 1365 ut
684 1310 783 1363 hoc
825 1314 979 1369 utar,
1038 1306 1303 1359 intactum
1345 1299 1788 1374 Thucydideum:
1844 1297 2122 1365 Διοκωχήε
2171 1294 2410 1354 mmm

429 1399 609 1471 χρόνου
648 1397 780 1457 τινός
803 1438 816 1456 .
857 1393 1090 1449 servavit
1127 1392 1448 1458 συνοκωχότε
1489 1387 1631 1461 apud
1670 1388 1963 1441 Homerum
1986 1426 1999 1447 ,
2041 1384 2272 1438 servavit
2317 1402 2416 1437 κα-

431 1488 640 1555 τοκωχή
699 1493 752 1540 et
802 1483 1098 1550 μετοκωχή.
1181 1479 1425 1535 Servavit
1479 1477 1718 1542 οέυοκωχή
1769 1489 2013 1545 quoque,
2073 1470 2167 1526 sed
2226 1471 2302 1525 ita
2354 1476 2416 1524 ut

433 1578 534 1632 alio
578 1576 691 1629 loco
738 1573 986 1627 vitiosam
1037 1569 1262 1622 formam
1320 1566 1601 1633 Ἀνακωχή
1643 1579 1739 1617 suo
1785 1559 2049 1633 praesidio
2098 1558 2414 1616 muniverit.

431 1665 546 1720 Non
590 1670 672 1718 est
705 1660 968 1715 dubitatio
1010 1657 1116 1711 ulla
1161 1657 1290 1728 quin
1342 1652 1644 1726 Thucydidi
1687 1649 1883 1721 ubique
1933 1649 2171 1714 οἰνοκωχή
2222 1653 2275 1701 et
2314 1647 2416 1700 διο-

431 1753 578 1821 κωχή
646 1750 756 1804 sint
817 1744 1184 1808 restituenda,
1244 1742 1507 1815 quidquid
1566 1738 1838 1795 adversari
1897 1736 2149 1791 videntur
2214 1734 2416 1788 indocti

431 1838 712 1900 Graeculi,
769 1836 861 1908 qui
911 1833 1260 1907 pertinaciter
1317 1852 1353 1885 α
1394 1847 1490 1902 pro
1542 1850 1565 1883 ο
1622 1827 1821 1898 ubique
1874 1824 2244 1884 substituunt,
2288 1821 2421 1876 adeo

435 1938 495 1985 ut
535 1926 677 2001 apud
728 1923 1057 1997 Hesychium
1111 1936 1323 1992 quoque
1371 1924 1559 1973 contra
1599 1916 1904 1970 litterarum
1952 1914 2144 1967 seriem
2194 1911 2420 1982 scripse-

435 2020 572 2073 rint:

589 2103 946 2158 Διοίσουσι;
987 2097 1279 2166 διαφέρουσι
1325 2095 1482 2169 (quae
1519 2092 1811 2148 bellissima
1845 2088 2218 2160 interpretatio
2252 2086 2373 2159 est.)

592 2189 939 2257 Διακωχήε
980 2186 1218 2246 amicam
1251 2183 1431 2252 χρόνου
1470 2182 1622 2242 τινός.

591 2282 682 2334 Δι’
724 2278 982 2341 ὀλίγους
1023 2272 1137 2327 ἀντὶ
1181 2276 1269 2326 τοῦ
1310 2273 1430 2337 μετ’
1471 2270 1661 2335 ὀλίγον.

441 2368 532 2425 sed
573 2367 842 2422 neminem
886 2362 1070 2417 fallent
1111 2359 1381 2431 ampliuS,
1435 2359 1528 2429 qui
1575 2371 1793 2411 auream
1850 2351 2217 2407 Valckenaerii
2259 2367 2421 2404 anno·

437 2456 696 2532 tationem
746 2449 1088 2526 perpenderit
1139 2447 1203 2502 ad
1251 2447 1594 2501 Ammonium
1637 2462 1758 2516 pag.
1800 2446 1869 2498 25
1916 2458 2030 2512 sqq.
2075 2445 2126 2494 et
2182 2437 2436 2505 Piersoni„

438 2547 504 2603 ad
537 2543 821 2600 Moeridem
861 2557 980 2612 pag.
1014 2541 1140 2591 220.
1187 2536 1279 2607 qui
1320 2534 1554 2589 nondum
1604 2533 1844 2603 legerant
1891 2528 2312 2586 Grammaticum
2364 2526 2427 2580 in·

439 2633 637 2690 Anecd.
685 2631 857 2706 Bekk.
887 2644 1009 2700 pag.
1054 2629 1187 2689 406,
1233 2628 1300 2678 19
1337 2625 1730 2691 Ἀυοκωχήυε
1778 2619 1862 2674 διὰ
1909 2622 1998 2672 τοῦ
2036 2637 2058 2671 ο
2095 2617 2186 2678 τὴν
2226 2607 2436 2683 οὶυοχὴιΐῖ

439 2723 668 2788 λέγουσι.
725 2716 858 2774 πολὺ
911 2715 963 2770 δέ
1003 2715 1079 2772 ἐςι
1134 2713 1278 2780 παρὰ
1322 2712 1613 2782 Θουκυδίδῃ.
1696 2707 2046 2764 Subridentes
2084 2705 2252 2775 igitur
2291 2697 2428 2774 legi·{2

440 2829 562 2867 mus
600 2807 740 2881 apud
780 2805 1062 2862 Photium:

817 2890 1266 2961 Παροκλοὶζωνε
1307 2886 1604 2955 γονατίζων.
2412 2887 2426 2930 ᾖ)

823 2980 1205 3048 Παροκωχήε
1263 2978 1470 3044 παροχὴ
1531 2973 1676 3041 παρα
1735 2971 2010 3040 Θουκυδίδῃ
2060 2973 2124 3031 ὡς
2193 2972 2220 3032 ἦ
2280 2959 2425 3023 ἄνα]

1259 3066 1435 3132 κωχή
1471 3063 1556 3117 καὶ
1594 3062 1902 3128 διακωχή.
2412 3069 2421 3076 ·

443 3178 615 3234 neque
668 3158 900 3213 feremus
940 3155 1170 3227 amplius
1217 3152 1357 3225 apud
1401 3149 1643 3223 Thucyd.
1677 3149 1764 3203 VI.
1808 3152 1876 3202 ὃὸ
1918 3151 2034 3200 νεῶν
2075 3154 2280 3214 παροχῇ
2329 3157 2436 3215 pro:

446 3256 727 3319 παροκωχῇ
765 3263 795 3300 a
835 3244 1108 3300 Graeculis
1148 3241 1284 3296 male
1340 3239 1536 3295 sedulis
1584 3243 1906 3292 correctum.
1988 3235 2265 3301 Συυοκωχή
2311 3227 2436 3306 feli-l

446 3341 582 3394 citer
627 3337 998 3391 Correctorum
1042 3348 1232 3386 manus
1279 3329 1445 3384 evasit
1499 3325 1640 3398 apud
1685 3325 2057 3394 Hippocratem
2112 3328 2164 3375 et
2216 3313 2436 3403 Brona-1

451 3429 659 3481 tianum
691 3430 744 3478 et
781 3420 1104 3494 Hesychium
1137 3437 1186 3472 v,
1229 3414 1675 3481 Συνοκωχότεε
1719 3409 2244 3476 ἐπισυμπεπτωκότες
2289 3406 2436 3482 (lege)

451 3514 599 3587 -ότε).
643 3504 780 3566 συυο
796 3532 870 3565 κω
884 3511 964 3576 χὴ
1006 3509 1110 3575 γὰρ
1146 3511 1172 3570 ἦ
1209 3507 1547 3571 σύμπτωσις,
1593 3500 1730 3555 unde
1771 3499 2187 3568 Valckenaerius
2220 3485 2436 3570 dudum-l

451 3601 752 3658 emendavit
793 3598 1005 3652 Homeri
1046 3596 1219 3649 locum
1263 3593 1409 3648 Iliad.
1454 3593 1511 3648 B.
1557 3594 1682 3644 218.

2429 3706 2436 4047 l
