2436 4068
1365 269 1467 318 158

416 421 468 468 et
506 411 732 468 eundem
775 412 903 467 ibid.
945 412 1145 467 CXVII.
1190 414 1238 463 2.
1281 408 1330 471 ὃς
1372 411 1435 465 ἂν
1477 412 1604 480 φέρη
1645 411 1655 484 1
1696 413 2004 477 ἀγνωμόνως
2059 415 2190 478 αὕθ’,
2244 410 2385 473 οὗτός

417 503 520 559 ἐςιν
560 500 749 564 αἴτιος,
791 506 844 555 et
877 498 1193 570 Amphidem
1236 498 1427 553 Athen.
1467 516 1515 569 p.
1560 502 1686 553 509.
1729 500 1788 553 A.

789 584 893 647 δ’ςις
936 592 1190 654 κορακῖνον
1227 587 1376 640 ἐσθίει
1417 586 1693 641 θαλάττιον

788 675 1024 740 γλαύκου
1064 673 1310 742 παρόντος
1350 672 1492 735 οὗτος
1533 677 1622 728 οὐκ
1662 673 1775 742 ἔχει
1817 677 2025 743 φρένας.

415 772 468 818 et
509 763 707 835 passim
749 761 890 834 apud
929 760 1076 815 alios,
1156 762 1214 815 In
1257 762 1359 816 alio
1413 762 1734 834 Antiphanis
1784 762 2086 834 fragmento
2140 764 2192 816 in
2247 762 2389 817 Stob.

427 850 605 905 Floril.
646 850 827 905 CXVI.
852 853 938 904 26.

793 936 828 993 ὦ
869 945 1060 1006 γῆρας,
1100 940 1165 998 ὥς
1205 936 1375 994 ἅπασι
1415 946 1521 999 τοῖς
1562 939 1772 1007 ζητοῦσί
1810 961 1868 993 σε

787 1026 974 1095 ψέγειν
1012 1028 1259 1094 ἀφορμὰς
1300 1028 1588 1095 παραδίδως
1629 1031 1717 1081 τοῦ
1760 1025 2093 1094 πράγματος.

405 1116 625 1186 -eorrige
662 1112 786 1175 ὅσας
828 1111 1023 1178 ἅπασι,
1064 1114 1514 1186 quemadmodum
1555 1114 1824 1186 perlepide
1864 1114 2021 1169 dixit:

1374 1209 1479 1263 τοῖς
1520 1201 1689 1269 άρτοις
1729 1199 1853 1263 ὅσας

792 1292 935 1346 ἱςοῖσι
977 1291 1211 1354 παγίδας
1251 1293 1294 1345 οἱ
1335 1290 1652 1357 ταλαίπωροι
1692 1292 1901 1357 βροτῶν.

493 1380 718 1432 Prorsus
757 1376 1049 1431 absurdum
1092 1377 1403 1432 vocabulum
1447 1379 1578 1432 vitio
1620 1378 1837 1448 irrepsit
1878 1378 1931 1430 in
1981 1375 2176 1430 Eubuli
2219 1375 2391 1431 locum

403 1466 554 1539 *apud
595 1466 785 1520 Athen.
826 1482 874 1536 p.
919 1469 1043 1520 500.
1085 1465 1139 1519 G.

1220 1551 1285 1607 αἵ
1314 1575 1372 1607 τε
1411 1555 1792 1620 λιμνοσώματοι

866 1641 1097 1695 Βοιωτίαι
1139 1648 1377 1709 παρῆσαν
1418 1641 1664 1709 ἐγχέλεις
1706 1641 1817 1694 θεαί

865 1731 1044 1782 τεῦτλ’
1085 1729 1480 1797 άμπεχόμεναι.

416 1818 706 1873 Verissime
743 1816 1159 1871 Valckenaerius
1198 1817 1501 1872 emendavit
1534 1818 1900 1884 λειοσώματοι,
1942 1815 2389 1887 quemadmodum

401 1907 643 1965 dicitur:
685 1905 772 1959 καὶ
807 1912 941 1966 λεῖος
981 1902 1147 1971 ὥσπερ
1187 1904 1438 1972 ἔγχελυς.

492 1996 550 2050 ln
592 1993 827 2048 eiusdem
870 1993 985 2047 loeo
1024 1991 1164 2063 apud
1205 1992 1396 2047 Athen.
1439 2011 1486 2065 p.
1531 1996 1656 2048 568.
1699 1993 1752 2046 C.

973 2081 1226 2149 φιλῳδοὺς
1268 2082 1536 2149 κερμάτων
1577 2082 1896 2148 παλευτρίας

835 2169 860 2194 ²*
912 2172 930 2190 “
974 2171 996 2194 ¹*
1039 2169 1238 2229 πώλους
1279 2171 1525 2238 Κύπριδος
1567 2169 1949 2235 ἐξησκημένας,

406 2260 635 2313 *lacunas
675 2274 735 2311 ex
779 2258 893 2327 ipso
933 2256 1205 2311 Athenaeo
1240 2258 1490 2328 supplere
1538 2258 1691 2312 lieet:
1746 2258 1774 2320 ἢ
1815 2259 1904 2311 οὐκ
1943 2253 2082 2316 οἶδας
2123 2257 2264 2311 κατα
2304 2260 2395 2320 τὴν

414 2347 683 2413 Εὐβούλου
740 2345 1045 2412 Παννυχίδα
1094 2345 1192 2405 τοὶς
1251 2347 1532 2414 φειδωλοὺς
1592 2345 1858 2413 κερμάτων
1911 2346 2228 2413 παλευτρίας
2281 2348 2389 2400 κτὲ.

418 2435 560 2490 unde
594 2436 671 2488 sie
709 2432 1015 2504 legendum:

792 2522 820 2585 ἢ
862 2522 962 2582 τὰς
1001 2522 1252 2591 φιλῳδοὺς
1291 2520 1560 2590 κερμάτων
1601 2522 1923 2589 παλευτρίας

795 2613 883 2665 οὐκ
923 2606 1065 2665 οἶσθα
1105 2612 1301 2671 πώλους
1341 2611 1619 2678 Κύπριδοςς

415 2700 667 2771 φιλῳδούς
718 2715 813 2770 pro
864 2699 1145 2768 φειδωλούς
1199 2698 1324 2753 felix
1377 2706 1458 2754 est
1510 2697 1812 2753 emendatio
1863 2697 2106 2752 Dobraei.
2194 2697 2390 2752 Eodem

409 2783 572 2842 modo
614 2785 792 2841 stolidi
829 2786 1035 2841 scribae
1087 2796 1337 2842 errarunt
1379 2789 1432 2841 in
1481 2787 1711 2841 Maximo
1759 2786 1922 2858 Tyrio
1962 2786 2170 2840 XXXV.
2221 2793 2267 2842 1.
2305 2789 2394 2858 ἐρᾷ

405 2878 438 2946 ῥ
475 2877 569 2942 μὲν
620 2876 950 2951 χρηματιςης
999 2880 1223 2943 χρυσοῦ,
1278 2877 1300 2929 ὁ
1342 2876 1394 2930 δὲ
1431 2876 1761 2945 φειδωλὸς
1812 2878 2015 2940 μελῶν,
2077 2877 2189 2930 ὅδὲ
2241 2877 2396 2945 ῥήτωρ

405 2963 616 3034 λόγων,
657 2952 745 3026 ubi
787 2964 987 3035 optime
1025 2965 1128 3017 viri
1164 2963 1306 3018 docti
1341 2963 1563 3033 φιλῳδός
1606 2971 1976 3035 reposuerunt.

494 3053 750 3105 Facetum
774 3051 968 3106 Eubuli
990 3051 1353 3123 fragmentum
1378 3052 1609 3105 servavit
1629 3052 1870 3106 Clemens
1891 3051 2172 3106 Alexandr.
2197 3051 2394 3106 Strom.

414 3140 531 3201 NH.
575 3157 623 3211 p.
668 3144 793 3193 847.

794 3230 967 3288 αὐτοῖς
1008 3228 1059 3282 δὲ
1099 3235 1204 3287 τοῖς
1246 3228 1393 3282 θεοῖσι
1434 3229 1524 3289 τὴν
1562 3228 1730 3295 κέρκον
1771 3228 1927 3292 μόνην

797 3316 884 3369 καὶ
925 3317 1079 3384 μηρὸν
1118 3315 1283 3382 ὥσπερ
1327 3317 1664 3382 παιδεραςαῖς
1705 3316 1866 3370 θύετε.

415 3405 671 3458 zvitiosum
707 3409 786 3457 est
823 3402 1007 3471 μηρόν,
1048 3421 1143 3476 pro
1184 3421 1288 3476 quo
1323 3420 1518 3475 repone
1557 3404 1643 3457 καὶ
1685 3405 1823 3471 μηρί’
1876 3402 2072 3471 ὥσπερ,
2123 3410 2184 3457 ut
2225 3401 2392 3457 solent
2428 3475 2430 3478 y

418 3494 577 3560 μηρία
614 3492 667 3545 in
707 3491 986 3545 sacrifieiis
1035 3493 1458 3547 commemorari.
1538 3491 1779 3546 Bacchus
1819 3492 1931 3563 ipse
1972 3492 2026 3545 in
2063 3490 2165 3546 alio
2197 3488 2390 3545 Eubuli
2423 3485 2426 3489 ’

417 3567 531 3651 loeo
569 3579 708 3651 apud
751 3579 1076 3634 Clementem
1116 3579 1149 3632 l.
1190 3579 1223 3634 l.

797 3669 885 3722 οὐκ
926 3668 1068 3724 ἐσθίω
1112 3675 1366 3733 γλυκεῖαν
1405 3669 1514 3725 οὐδὲ
1554 3669 1731 3737 μηρία.
