2436 4068
1040 261 1145 297 xvu

91 410 329 475 guntur,
373 409 537 457 totam
593 403 769 457 nescio
817 400 939 473 quis
979 399 1228 472 Sophista
1267 406 1363 454 aut
1414 399 1618 455 Rhetor
1670 402 1940 456 incertum
1987 401 2068 456 lu-

92 505 244 559 crine
291 521 359 558 an
416 504 582 558 animi
626 518 789 558 causa
841 499 1094 556 conflavit
1132 509 1188 556 et
1236 501 1630 557 consarcinavit
1679 518 1745 557 ex
1793 502 1924 557 locis
1966 488 2068 558 De-

92 604 478 670 mostheniciS,
528 605 724 678 quibus
777 602 843 658 de
893 618 990 656 suo
1034 618 1204 673 pauca
1261 601 1522 675 quaedam
1574 601 1797 658 addidit.
1889 605 1965 660 De
2006 621 2070 659 ea

94 722 155 760 re
194 722 340 761 nunc
379 712 590 760 constat
640 706 783 759 inter
834 719 1054 766 omneS‚
1117 703 1210 775 qui
1250 702 1316 758 de
1371 703 1531 759 rebus
1571 703 1881 759 huiusmodi
1934 703 2071 759 iudi-

96 822 221 861 care
251 813 508 879 possunt,
548 805 640 860 sed
682 805 808 859 olim
855 820 919 859 ea
964 802 1112 857 fraus
1164 802 1350 858 fefellit
1397 804 1637 861 eruditos
1684 804 2074 860 Alexandrinos

96 923 282 963 omnes
321 915 374 962 et
420 907 736 981 Dionysium
788 904 1316 960 Halicarnassensem
1356 912 1410 960 et
1454 906 1746 981 Didymum
1788 914 1842 962 et
1875 907 2073 979 Harpo-

94 1008 390 1063 crationem
423 1014 478 1064 et
515 1005 778 1080 quidquid
811 1004 936 1060 olim
977 1004 1082 1060 suit
1119 1003 1455 1061 eruditorum
1490 1012 1544 1060 et
1579 1006 1936 1072 criticorum,
1978 1007 2073 1079 qui

96 1109 154 1164 in
194 1107 511 1164 Oratoribus
549 1108 745 1163 Atticis
778 1105 1115 1162 illustrandis
1158 1122 1375 1179 operam
1416 1106 1763 1161 collocarunt.
1844 1108 2074 1162 Tantam

98 1210 209 1264 vim
254 1209 416 1264 habet
454 1208 632 1282 opinio
686 1223 791 1279 qua
849 1207 972 1279 quis
1018 1206 1083 1261 ab
1128 1207 1351 1263 ineunte
1404 1213 1579 1262 aetate
1634 1207 1878 1262 imbutus
1936 1206 2074 1273 fuit,

95 1311 415 1384 praesertim
456 1325 624 1382 quum
656 1325 813 1364 nemo
852 1307 1104 1363 dissentit
1150 1315 1201 1363 et
1244 1308 1309 1363 de
1349 1325 1411 1364 ea
1449 1325 1509 1363 re
1548 1309 1680 1363 satis
1717 1315 1964 1363 constare
1996 1309 2076 1363 in-

94 1419 181 1468 ter
218 1427 403 1466 omnes
460 1410 690 1466 videtur.
771 1408 874 1478 Qui
914 1410 1074 1464 istam
1130 1410 1426 1465 orationem
1482 1409 1828 1465 Demostheni
1868 1409 2079 1466 affinxit

95 1514 153 1567 in
195 1529 258 1568 ea
291 1510 656 1584 componenda
694 1527 829 1567 usus
866 1517 951 1566 est
1001 1511 1376 1567 Demosthenis
1429 1511 1712 1567 Codicibus
1761 1511 1933 1566 multo
1973 1529 2079 1567 me-

97 1612 322 1669 lioribus
361 1629 523 1685 quam
564 1611 762 1684 quibus
800 1611 958 1667 hodie
1011 1612 1235 1667 utimur.
1313 1600 1515 1684 Nempe
1571 1613 1952 1685 antiquissima
2000 1620 2082 1669 est
2143 1619 2145 1622 ’

98 1712 189 1770 illa
226 1715 397 1769 oratio
448 1721 502 1768 et
539 1712 621 1767 vel
667 1713 770 1785 ipsi
814 1711 1136 1767 Callimacho
1175 1711 1427 1768 falsarius
1482 1713 1757 1786 imposuit.
1836 1713 2080 1769 Callima-

100 1815 235 1870 chus
266 1815 411 1870 enim
453 1813 598 1868 illam
638 1815 695 1868 ἐκ
734 1821 829 1878 τῆς
874 1814 1175 1884 ἐπιγραφῆς
1211 1815 1414 1886 recepit
1452 1816 1525 1875 εἷς
1564 1815 1681 1877 τοὺς
1723 1815 1948 1877 πίνακας
1984 1822 2078 1879 τῆς

98 1918 149 1971 ἐν
187 1915 555 1986 Ἀλεξανδρείῳ
605 1915 942 1982 βιβλιοθήκης
996 1921 1050 1968 et
1090 1914 1156 1968 ab
1196 1931 1257 1969 eo
1312 1914 1436 1970 inde
1474 1922 1716 1988 tempore
1756 1933 1852 1988 pro
1892 1917 2083 1971 Demo-

97 2017 343 2073 sthenica
380 2015 657 2087 legebatur
694 2014 761 2068 ab
807 2013 1075 2068 omnibus,
1154 2013 1324 2069 Habet
1372 2022 1554 2070 autem
1608 2017 1823 2087 egregia
1875 2017 1942 2071 ad
1983 2018 2082 2073 De-

100 2117 436 2173 mosthenem
492 2113 887 2171 emendandum
942 2122 996 2169 et
1047 2113 1383 2170 emblematis
1426 2115 1765 2171 liberandum
1818 2117 2077 2173 subsidia.

100 2218 308 2286 Quotus
352 2217 496 2273 enim
539 2216 768 2287 quisque
823 2214 958 2269 mihi
999 2213 1316 2270 credidisset
1363 2215 1506 2288 apud
1552 2216 1968 2273 Demosthenem
2023 2220 2080 2273 in

100 2318 337 2376 secunda
375 2316 692 2392 Olynthiaca
731 2333 851 2389 pag.
897 2319 997 2381 21,
1040 2319 1128 2372 20.
1171 2317 1226 2371 in
1266 2317 1468 2373 verbis:
1509 2321 1572 2380 ὥς
1607 2316 1752 2381 ἅπας
1789 2321 1884 2386 μὲν
1922 2320 2081 2387 λόγος

75 2421 165 2477 ὢν
202 2422 315 2490 ἀπῇ
355 2419 428 2475 τοὶ
477 2418 779 2487 πράγματα
835 2416 1063 2483 μάταιόν
1102 2439 1153 2472 τι
1200 2419 1448 2488 φαίνεται
1501 2420 1587 2474 καὶ
1631 2420 1771 2476 κενόν
1795 2464 1809 2484 ,
1868 2422 2081 2488 μαλιςα

101 2524 144 2578 δ’
182 2525 209 2577 δ
259 2521 407 2589 παρα
458 2527 552 2583 τῆς
607 2518 858 2587 ἡμετέροις
918 2518 1116 2580 πόλεως
1141 2539 1153 2551 ·
1216 2516 1312 2588 ὅσῳ
1373 2520 1526 2593 [γὰρ]
1587 2522 1883 2587 ἑτοιμότατ’
1939 2524 2080 2593 αὐτῷ

99 2625 342 2689 δοκοῦμεν
391 2622 613 2690 χρῆσθαι
676 2621 918 2694 [τοσούτῳ
972 2623 1181 2686 μᾶλλον
1220 2622 1464 2679 οὲπιςοῦσι
1519 2620 1713 2685 πάντες
1767 2623 1932 2696 αὐτῷ]
1992 2642 2083 2680 re-

102 2733 246 2781 secto
284 2722 487 2796 duplici
527 2719 842 2776 emblemate
882 2722 961 2775 sic
1001 2721 1286 2793 legendum
1327 2739 1482 2777 esse:
1538 2723 1748 2789 μάλιςα
1789 2726 1835 2780 δ’
1869 2727 1892 2780 ὁ
1932 2727 2078 2795 παρα

100 2833 194 2891 τῆς
247 2825 500 2893 ἡμετέρας
553 2822 750 2884 πόλεως
804 2820 901 2892 ὅσῳ
960 2822 1256 2889 ἑτοιμότατ’
1312 2826 1452 2893 αὐτῷ
1521 2827 1763 2893 δοκοῦμεν
1815 2829 2077 2895 χρῆσθαι,

105 2927 211 2983 nisi
250 2925 501 2981 falsarius
540 2923 677 2979 hanc
716 2925 887 2997 ipsam
924 2926 1280 2980 necessariam
1321 2926 1649 2998 scripturam
1691 2928 1836 2983 solus
1878 2946 2080 2985 servas·

108 3035 189 3084 set
224 3045 343 3102 pag.
382 3029 489 3082 158
512 3068 526 3091 ‚
572 3029 666 3081 16:
706 3023 853 3087 ἅπας
892 3026 988 3092 μέν
1029 3027 1104 3084 ἕςι
1143 3025 1300 3092 λόγος
1340 3026 1564 3093 μάταιος
1605 3027 1836 3097 πράξεων
1876 3028 2079 3099 ἄμοιρος

103 3129 408 3198 γενόμενος,
447 3126 668 3196 τοσούτῳ
704 3126 757 3181 δὲ
803 3124 1014 3192 μάλιστα
1053 3127 1076 3180 ὅ
1117 3127 1261 3195 παρὰ
1300 3135 1393 3191 τῆς
1434 3129 1688 3197 ἡμετέροις
1729 3130 1926 3193 πόλεως
1980 3129 2076 3200 ὅσῳ

100 3233 337 3299 δοκοῦμεν
375 3229 516 3295 αὐτῷ
553 3225 933 3295 προχειρότατα
973 3229 1192 3295 χρῆσθαι
1237 3233 1334 3283 τῶν
1386 3227 1563 3284 ἄλλων
1593 3232 1870 3295 Ἑλλήνων.
1950 3233 2073 3288 Cae·

105 3341 278 3387 terum
320 3331 412 3403 qui
471 3327 848 3384 Demosthenes
897 3328 1104 3384 volebat
1160 3328 1329 3384 videri
1386 3347 1487 3384 non
1543 3332 1720 3403 potuit
1769 3333 1821 3386 in
1877 3333 2076 3388 brevis-

105 3433 240 3489 sima
276 3433 518 3487 oratione
572 3437 681 3485 tam
727 3431 861 3486 bene
903 3431 1187 3503 antiquum
1238 3437 1291 3486 et
1343 3430 1584 3487 Atticum
1642 3433 1854 3488 dicendi
1909 3451 2079 3505 genus

111 3533 310 3588 imitari
351 3541 411 3588 ut
452 3548 553 3586 non
590 3531 981 3603 complusculos
1016 3532 1378 3587 committeret
1415 3550 1624 3589 errores
1646 3577 1659 3599 ,
1701 3534 1895 3605 quibus
1930 3534 2078 3591 fraus

112 3633 612 3706 deprehenderetur.
692 3633 938 3690 Graviter
998 3634 1219 3707 impegit
1276 3651 1394 3707 pag.
1445 3640 1582 3700 155,
1631 3640 1715 3691 15.
1775 3635 1862 3690 ubi
1921 3636 2077 3692 verbo

1652 3737 1701 3762 υ
