2436 4068
1307 176 1408 225 794

377 318 636 375 emblema
659 328 772 376 erat
795 319 1161 390 expellendum
1187 325 1238 372 et
1270 319 1346 372 sie
1385 317 1757 372 scribendum:
1787 318 1913 374 οὕτω
1952 324 2003 376 δὲ
2037 325 2121 378 καὶ
2155 323 2255 382 ἕςιν
2277 358 2349 370 .-

375 410 641 477 σφόδρα
682 410 946 473 etym-hv
991 410 1055 468 ὡς
1093 409 1200 460 κτὲ.

453 495 686 550 Transeo
726 495 791 548 ad
827 495 1190 566 Xenophontis
1229 493 1598 560 Ἱππαρχικόν,
1642 493 1732 547 ubi
1767 495 1806 548 I.
1832 500 1882 550 5.
1927 497 2094 551 miror
2129 501 2348 557 retineri

378 583 655 638 lectionem
701 584 971 653 ineptam:
1029 582 1365 647 ἐπιμελητέον
1405 582 1456 635 δὲ
1496 579 1628 642 ὅπως
1688 582 1748 656 (οἱ
1799 581 1964 655 ἵπποι)
2021 585 2349 654 εὕχρης-οι
2432 639 2436 643 ,

381 670 495 726 ὦσιν
522 691 534 703 ·
590 673 629 724 οἳ
685 671 788 738 γάρ
836 669 951 743 [αὖ]
1004 673 1230 730 άπειθεῖς
1272 677 1374 730 τοῖς
1418 671 1678 735 πολεμιόις
1727 674 1932 735 μάλλον
1973 672 2000 734 ἢ
2042 680 2146 734 τοῖς
2184 677 2352 743 φίλοις

381 763 785 826 συμμαχοῦσιν,
829 776 992 830 quun]
1044 759 1214 813 bonus
1263 758 1398 812 liber
1450 761 1695 819 εὐπειθεῖς
1741 776 1838 830 pro
1876 761 2114 828 εὕχρηςοι
2154 763 2352 820 obtule-

382 849 492 910 rit,
551 863 655 916 quo
712 855 923 917 recepto
987 844 1053 901 αὖ
1110 845 1518 917 expungendum
1575 863 1688 900 esse
1745 848 2018 901 verissime
2077 849 2353 907 admonuit

386 935 781 998 SchneideruS‚
826 943 885 988 ut
927 933 1190 988 edendum
1233 935 1332 987 sit:
1390 931 1523 993 ὅπως
1579 937 1929 996 εὐπειθεῖς
1971 933 2085 990 ὦσιν
2113 957 2124 969 ·
2166 941 2208 992 οἱ
2250 941 2353 1009 γὰρ

381 1025 608 1084 άπειθεῖς
650 1025 756 1077 κτέ.

477 1110 759 1182 Frigidum
819 1110 969 1165 scioli
1029 1112 1565 1182 interpretamentum
1626 1118 1809 1165 onerat
1860 1111 2034 1165 locum
2087 1112 2125 1166 Ι.
2166 1117 2268 1168 19:
2325 1120 2354 1180 ἡ

385 1199 534 1260 πόλις
574 1199 826 1268 άνέχεται
867 1200 1151 1253 δαπανῶσα
1188 1200 1257 1260 εἰς
1298 1200 1354 1252 τὸ
1396 1199 1603 1251 ἱππικὸν
1644 1199 1808 1263 ἐγγὺς
1839 1200 2226 1268 τετταράκοντα
2265 1204 2356 1258 τά·
2392 1191 2436 1278 ''1'-

385 1301 559 1342 λαντα
599 1292 686 1342 τοῦ
727 1289 994 1351 ἐνιαυτοῦ,
1049 1290 1112 1347 ὡς
1155 1287 1210 1349 ἢν
1267 1286 1491 1351 πόλεμος
1529 1286 1779 1350 γίγνηται
1817 1290 1890 1352 μὴ
1940 1289 2108 1355 ζητεῖν
2149 1290 2232 1359 δὲῃ
2270 1293 2354 1346 ἱπ·

383 1376 530 1430 πικὸν
570 1377 696 1429 άλλ’
737 1375 793 1439 ἐξ
833 1376 1032 1440 ἑτοίμου
1077 1374 1175 1442 ἔχῃ
1226 1374 1738 1447 [παρεσκευασμένῳ]
1782 1378 2021 1442 χρῆσθαι.
2101 1377 2356 1435 Dicebant

2392 1432 2393 1436 ’
2400 1435 2436 1471 ..ιζξ

384 1464 526 1516 enim
564 1469 794 1533 utroque
846 1462 1001 1517 modo
1042 1461 1096 1524 ἐξ
1132 1463 1331 1526 ἑτοίμου
1371 1460 1706 1527 λαμβάνειν,
1759 1469 1812 1516 et
1857 1463 2155 1530 λαμβάνειν
2199 1489 2352 1535 παρε-
2399 1465 2436 1538 33

383 1551 714 1616 σκευασμένα
755 1557 807 1604 et
847 1550 1017 1604 multa
1057 1549 1287 1603 similia:
1344 1550 1669 1620 coniungere
1715 1557 1893 1605 autem
1943 1559 2234 1626 utrumque
2274 1557 2351 1611 in·

379 1647 562 1709 eptum
605 1646 704 1693 est.
796 1637 882 1691 Uti
906 1639 1108 1708 paratis
1149 1638 1325 1692 Attice
1363 1636 1563 1691 dicitur
1602 1637 1659 1701 ἐξ
1692 1640 1892 1704 ἑτοίμου
1924 1644 2175 1708 χρῆσθαι,
2217 1662 2353 1716 quae

2403 1620 2436 1652 *xri

376 1727 540 1781 verba
577 1727 755 1782 nescio
795 1726 915 1796 quis
969 1732 1112 1780 recte
1165 1727 1550 1796 interpretatus
1591 1734 1671 1780 est
1723 1731 2184 1799 παρεσκευασμένῳ
2224 1741 2350 1801 χρῆ.

379 1817 528 1878 σθαι,
587 1815 678 1869 sed
722 1831 822 1867 non
866 1813 1088 1868 debebat
1139 1814 1269 1867 illud
1317 1814 1854 1885 interpretamentum
1902 1833 1963 1871 ex
2006 1834 2097 1871 ora
2137 1817 2347 1876 libriin

377 1903 742 1974 Xenophontis
781 1903 1074 1955 orationem
1115 1903 1300 1973 recipi.

456 1992 616 2045 Recte
671 1990 763 2044 sed
820 1990 1020 2044 frustra
1063 1990 1339 2044 admonuit
1401 1989 1758 2044 Schneiderus
1799 1992 1838 2045 I.
1884 1996 1986 2046 25:
2048 1994 2347 2055 εἰσηγοῖο
2414 1975 2418 2014 5

379 2079 431 2132 δὲ
473 2082 648 2139 αὐτοῖς
690 2079 775 2133 ἐπὶ
811 2080 868 2132 τὸ
901 2078 1130 2132 ἀκόντιον
1171 2078 1362 2142 αὐτός,
1406 2077 1627 2132 verbum
1671 2079 1894 2151 simplex
1938 2084 2076 2146 ἡγοῖο
2117 2098 2232 2135 esse
2271 2098 2348 2135 re·
2413 2067 2436 2123 ‘³3

370 2166 696 2236 ponendum.

453 2255 826 2309 Necessarium
866 2253 928 2306 ἄν
985 2254 1142 2324 periit
1177 2253 1214 2306 I.
1260 2257 1356 2307 26:
1413 2259 1561 2308 τοῦτο
1616 2254 1820 2315 πάντας
1871 2253 2012 2320 οἶμαι
2053 2259 2345 2319 Ἀθηναίους

377 2363 443 2407 γε
498 2343 706 2408 μάλιςα
752 2342 1044 2410 προτρέπειν
1094 2342 1163 2402 εἷς
1203 2342 1536 2408 φιλονεικίαν.
1615 2342 1918 2413 Numquam
1971 2343 2069 2398 hoc
2121 2353 2235 2399 erat
2273 2345 2346 2399 sa-

376 2437 562 2493 ctum,
623 2433 802 2502 itaque
843 2428 1130 2500 Xenophon
1173 2428 1491 2498 opinabatur
1538 2434 1685 2483 τοῦτο
1738 2430 1942 2491 πάντας
1997 2433 2222 2498 μάλις’
2273 2434 2346 2488 ἂν

375 2520 686 2586 προτρέπειν.
769 2519 945 2573 Etiam
1004 2517 1101 2570 hoc
1156 2516 1268 2570 loco
1322 2517 1442 2571 luce
1491 2517 1688 2571 clarius
1743 2526 1855 2582 est,
1912 2521 2036 2590 quia
2077 2521 2345 2591 praecedit

376 2611 417 2662 εἶ
458 2609 508 2661 δὲ
561 2607 646 2660 καὶ
693 2603 831 2660 οἶθλά
872 2627 949 2666 τις
1002 2604 1281 2673 προτιθέναι
1336 2605 1564 2669 δύναιτο,
1620 2622 1800 2660 veram
1856 2609 2177 2678 scripturam
2234 2626 2347 2664 esse

374 2696 680 2763 φιλονικίαν.
761 2694 963 2748 Iterum
1004 2692 1068 2746 ἄν
1111 2692 1386 2746 intercidit
1425 2693 1563 2747 VIII.
1608 2698 1666 2748 5:
1709 2696 1750 2748 εἰ
1794 2695 1845 2749 δέ
1886 2717 1963 2755 τις
1999 2697 2186 2764 νομίζει
2221 2711 2342 2751 πολ-

374 2786 448 2837 λοὶ
490 2783 628 2850 ἔχειν
664 2783 965 2849 πράγματα
999 2782 1040 2834 εἶ
1076 2778 1201 2834 οὕτω
1236 2781 1399 2843 δεήσει
1437 2782 1615 2836 άσκεῖν
1654 2783 1745 2844 τὴν
1780 2785 1992 2846 ἱππικήν
2033 2786 2140 2837 me.
2181 2785 2346 2839 Nemo

377 2872 522 2925 enim
561 2887 676 2924 eam
719 2873 832 2922 rem
891 2869 1165 2922 molestam
1212 2886 1321 2922 esse
1358 2867 1592 2922 nondum
1644 2877 1895 2940 expertus
1947 2871 2194 2941 putabat:
2253 2872 2343 2927 sed
2415 2932 2418 2940 ,

2410 2195 2416 2203 υ

2410 2250 2423 2283 l·

2408 2282 2423 2322 fx*
2410 2223 2423 2264 ..Ρ

2412 2144 2417 2157 Δ

2411 2750 2419 2776 l

2405 2790 2421 2837 {t

2408 2840 2417 2860 )

2404 2322 2426 2749 l

2416 2159 2422 2179 ί

2416 2206 2425 2230 5
2432 2203 2436 2231 .'

2432 2370 2436 2386 i

2428 2408 2436 2451 f]

2429 2454 2436 2510 l

2430 2512 2434 2525 l

2429 2626 2436 2666 ἓ

2416 2886 2418 2895 v

378 2959 655 3013 molestam
695 2960 809 3028 sore
848 2955 1247 3027 suspicabatur:
1291 2957 1472 3027 itaque
1513 2957 1717 3010 πόλλ’
1758 2957 1833 3011 ἂν
1871 2958 2010 3025 ἔχειν
2045 2959 2344 3026 πράγματα

378 3062 564 3101 verum
619 3050 716 3098 est.
795 3044 1013 3114 Expulit
1054 3043 1333 3108 voculam,
1390 3051 1445 3096 ut
1494 3045 1800 3114 saepissime
1840 3046 2000 3109 alibi,
2054 3047 2236 3100 tenuis
2283 3047 2343 3100 li·

378 3134 528 3188 neola
570 3132 737 3186 vocali
778 3131 822 3185 A
862 3147 1024 3201 supra
1066 3132 1281 3202 scripta.
1362 3131 1530 3185 Habet
1576 3131 1639 3185 δέν
1685 3133 1826 3204 apud
1882 3135 2101 3188 Veteres
2140 3141 2342 3188 certam
2408 3125 2409 3130 ¹

377 3222 591 3282 sedem,
632 3237 792 3291 quam
829 3219 1090 3288 cuiusque
1133 3218 1233 3271 loci
1274 3220 1584 3290 compositio
1635 3222 1906 3291 assignat,
1971 3222 2110 3276 unde
2158 3222 2342 3294 depre-

378 3309 633 3364 henditur
673 3308 866 3361 vitium
903 3307 1005 3360 loci
1046 3306 1105 3359 V.
1150 3310 1213 3360 5:
1256 3304 1380 3359 οὕτω
1422 3308 1526 3374 γάρ
1565 3310 1718 3369 αὐτὸς
1755 3310 1848 3374 μὲν
1884 3310 1947 3364 ἂν
1984 3311 2136 3374 ἤκιςα
2176 3317 2342 3371 κακῶς

378 3398 644 3464 πάσχοις,
685 3395 773 3449 ubi
813 3393 1203 3465 corrigendum
1237 3401 1316 3447 est
1365 3397 1518 3456 αὐτὸς
1556 3396 1650 3461 μὲν
1692 3395 1823 3460 ἤκις’
1859 3398 1924 3452 ἄν
1958 3400 2065 3453 κτὲ.
2148 3398 2342 3470 Super-

379 3486 529 3539 lativi
567 3484 803 3550 μάλιςα,
845 3484 1031 3548 ἤκιςα,
1087 3482 1240 3551 ἄριςα
1294 3488 1394 3536 cet.
1447 3482 1628 3558 in'tali
1682 3488 2060 3557 compositione
2099 3487 2339 3542 voculam

379 3573 440 3628 ἄν
482 3573 759 3628 attrahunt
816 3571 880 3626 ad
935 3587 1063 3626 sese.
1145 3569 1425 3625 Exciderat
1470 3570 1656 3626 lineola
1698 3574 1750 3627 in
1803 3583 2096 3640 ΗΚΙΣΤΑ,
2151 3583 2202 3629 et
2254 3591 2337 3628 ne-
