2436 4068
1072 194 1175 244 (321

119 342 278 407 ἀπῄει
318 340 415 392 ἀπ’
452 340 649 400 αὐτοῦ,
691 336 886 408 duplex
929 336 1055 390 olim
1099 334 1585 391 circumferebatur
1631 335 1934 405 scripturae
1984 331 2106 386 λιθί-

122 450 214 488 νως
256 428 308 480 in
343 432 527 487 textu,
567 425 748 486 λίθινος
792 426 845 478 in
888 441 981 479 ora
1020 424 1174 488 libri,
1216 440 1446 495 quarum
1491 428 1614 477 utra
1652 422 1830 476 verior
1882 422 1952 474 sit
2001 436 2110 472 am·

126 516 322 587 biguus
367 513 592 567 haereo:
646 511 838 567 deinde
877 514 1057 574 λίθινος
1098 530 1163 567 ex
1213 511 1456 582 margine
1498 511 1550 564 in
1597 509 1756 565 verba
1812 509 1989 563 vicina
2041 506 2108 559 ir-

118 602 303 673 repsit.
2156 664 2160 668 f

197 689 259 743 In
316 690 345 758 §
386 690 475 742 25.
527 688 590 747 ὥς
629 687 680 739 ἐν
737 686 857 751 ὑμῖν
905 689 1080 747 αὐτοῖς
1122 687 1384 753 εἰρῆσθαι,
1441 685 1575 740 nihil
1623 687 1803 741 verius
1858 681 2110 739 Leoncla-

119 777 196 830 vii
254 773 660 837 emendatione,
730 775 782 827 ἐν
846 777 967 839 ἡμῖν
1027 777 1221 835 αὐτοῖς.
1319 775 1482 829 Aba-ol
1549 791 1609 828 eo
1674 790 1835 828 sensu
1893 771 2109 826 nonnisi

120 880 243 919 cum
268 864 444 935 prima
484 877 709 933 persona
742 862 1122 933 coniungitur:
1166 862 1312 916 αὐτοὶ
1349 861 1454 929 γάρ
1496 864 1652 927 ἐσμεν
1696 863 1958 917 Graecum
1998 867 2112 922 est,

120 969 227 1007 non
269 952 400 1006 item
440 950 586 1004 αὐτοὶ
630 951 735 1016 γὰρ
779 948 868 1013 ἦτε
911 949 1002 1004 sed
1041 949 1220 1016 μόνοι,
1282 951 1534 1021 quoniam
1579 951 1729 1005 αὐτοί
1769 949 1832 1003 de
1869 965 2111 1021 praesen-

121 1040 259 1094 tibus
298 1046 510 1094 tantum
549 1037 657 1091 dici
698 1039 775 1091 sic
812 1045 1006 1109 potest.
1086 1038 1144 1092 In
1184 1036 1420 1091 Platonis
1457 1040 1747 1108 Protagora
1788 1055 1839 1108 p.
1879 1041 2002 1091 509.
2051 1036 2112 1091 Α.

121 1145 218 1201 pro
253 1127 316 1188 ὥς
357 1131 414 1192 γ’
458 1127 509 1180 ἐν
548 1128 727 1187 αὐτοῖς
785 1129 908 1192 ἡμῖν
967 1128 1190 1194 εἰρῆσθαι
1249 1127 1547 1198 receperim
1604 1126 1745 1197 quod
1806 1125 2113 1192 Athenaeus

120 1217 355 1271 servavit
394 1216 445 1268 ἐν
505 1217 629 1280 ἡμῖν
670 1216 849 1274 αὐτοῖς
891 1216 1135 1283 εἰρῆσθαι.
1217 1214 1369 1282 Quod
1426 1222 1608 1269 autem
1670 1214 1805 1268 dicit
1866 1213 2114 1268 Socrates

119 1300 512 1364 δοκεῖ-οὖτος
554 1303 642 1356 καὶ
687 1304 1038 1371 πεφιληκέναι
1080 1304 1166 1358 τὸν
1215 1303 1493 1367 Κλεινίαν,
1537 1301 1593 1358 οὗ
1641 1303 1817 1371 ἔρωτος
1858 1302 1994 1357 οὐδέν
2037 1303 2112 1358 ε’ς·ι

120 1392 389 1460 δεινότερον
430 1392 783 1457 ὑπέκκαυμα,
848 1392 1062 1462 egregie
1113 1390 1274 1445 saciet
1329 1391 1395 1445 ad
1451 1391 1646 1446 melius
1702 1389 2110 1461 intelligendum

121 1481 567 1537 venustissimum
610 1478 892 1533 Menandri
927 1478 1290 1550 fragmentum
1313 1522 1326 1544 ‚
1369 1479 1509 1551 qnod
1546 1482 1755 1551 primus
1790 1496 1853 1534 ex
1889 1478 2117 1532 obscuro

122 1569 319 1641 angulo
374 1569 640 1641 protraxit
698 1576 751 1622 et
811 1569 1007 1623 eximie
1077 1567 1386 1623 emendavit
1447 1569 1718 1624 Porsonus
1784 1569 1836 1621 in
1895 1566 2115 1621 Advers.

122 1675 175 1731 p.
218 1661 326 1713 295
368 1674 448 1730 sq.
1187 1729 1189 1731 ι
2010 1660 2014 1663 ’

423 1747 525 1801 Μὰ
565 1748 657 1810 τὴν
698 1747 950 1812 Ἀθηνᾶν,
990 1746 1202 1816 ἄνδρες,
1243 1747 1392 1803 εἰκόν’
1434 1749 1525 1802 οὐκ
1566 1746 1671 1814 ἔχω

425 1838 582 1904 εὑρεῖν
623 1837 802 1902 ὁμοίαν
843 1838 913 1904 τῷ
956 1836 1199 1902 γεγονότι
1241 1836 1559 1905 πράγματι,

429 1923 591 1992 ζητῶν
632 1928 754 1992 πρὸς
792 1926 1050 1990 ἐμαυτὸν,
1089 1927 1146 1980 τί
1183 1926 1393 1994 ταχέως
1434 1924 1728 1979 ἀπολλύει·

428 2014 704 2081 ςρόβιλος;
744 2014 795 2066 ἐν
835 2010 932 2082 ὅσῳ
971 2015 1288 2083 συςρέφεται
1314 2057 1325 2078 ,
1371 2012 1753 2083 προσέρχεται,

430 2102 754 2170 προέλαβεν,
796 2101 1086 2171 ἐξέρριψεν,
1127 2104 1246 2158 αἰὼν
1287 2103 1554 2168 γίγνεται.

427 2192 554 2245 ἀλλ’
596 2192 648 2244 ἐν
689 2190 920 2256 πελάγει
954 2192 1333 2258 συγκλυσμός;
1376 2193 1635 2253 ἀναπνοὴν
1675 2188 1789 2257 ἔχει
1818 2231 1830 2250 ,

372 2303 394 2326 n
427 2283 547 2332 Ζεῦ
584 2281 859 2348 σῶτερ,”
899 2281 1098 2344 εἰπεῖν,
1155 2306 1176 2328 »
1206 2280 1507 2348 ἀντέχου
1548 2281 1663 2334 τῶν
1704 2276 2076 2346 σχοινι’ων.”

427 2366 605 2436 ἑτέραν
646 2377 936 2437 περιμεῖναι
976 2369 1215 2437 χάτέραν
1254 2370 1547 2438 τρικυμίαν.

425 2457 677 2522 ναυαγίου
719 2457 762 2510 δ’
804 2457 868 2512 ἂν
909 2457 1205 2525 ἐπιλαβοΐ,
1245 2459 1348 2523 ἐγὼ
1386 2458 1429 2511 δ’
1471 2454 1624 2519 ἅπαξ

429 2545 704 2614 ἁψάμενός
747 2547 852 2612 εἶμι
894 2547 981 2601 καὶ
1021 2548 1259 2615 φιλήσας
1294 2547 1344 2600 ἐν
1379 2546 1536 2614 βύθῳ.

205 2634 346 2690 Haec
389 2635 592 2706 igitur,
634 2635 681 2689 si
731 2634 966 2689 Porsono
1006 2634 1315 2700 eredimuS,
1378 2634 1570 2688 »verba
1624 2638 1744 2686 sunt
1783 2632 1902 2685 novi
1939 2631 2121 2686 mariti

125 2722 346 2779 celerem
379 2722 749 2793 poenitentiam
787 2724 997 2795 nuptias
1038 2724 1280 2796 consequi
1318 2721 1606 2778 docentis?
1676 2719 1778 2775 Sed
1822 2737 1966 2774 nunc
2002 2721 2117 2791 qui-

125 2810 248 2867 dem
291 2811 525 2865 l‘orsono
569 2828 673 2867 non
715 2819 798 2866 est
838 2811 1186 2866 credendum.
1271 2810 1444 2866 Verba
1486 2816 1615 2866 sunt
1655 2809 1779 2863 novi
1822 2810 2118 2868 amatoriS.

126 2901 220 2973 qui
259 2908 317 2953 ut
357 2899 520 2965 vidit,
560 2910 616 2955 ut
650 2900 841 2973 periit,
880 2907 933 2955 et
969 2901 1252 2973 repentino
1294 2900 1495 2955 amoris
1538 2900 1651 2953 ictu
1709 2914 1999 2970 percussus
2040 2898 2116 2952 di-

124 2987 258 3045 dicit
302 2986 379 3043 ὄτι
420 2990 724 3058 φιλήματος
766 2989 904 3044 οὐδέν
944 2990 1019 3047 ε’ς·ι
1070 2990 1338 3058 δεινότερον
1379 2988 1556 3057 ἔρωτος
1598 2986 1934 3053 ὑπέκκαυμα.
2020 2989 2115 3042 lle·

127 3076 244 3149 lege
302 3075 675 3133 festivissimus
722 3093 910 3132 versus
960 3085 1013 3132 et
1066 3095 1169 3133 non
1211 3077 1499 3133 dubitabis
1581 3074 1785 3130 Eadem
1827 3092 1986 3146 opera
2027 3093 2115 3130 ex-

78 3227 83 3230 ,
127 3165 299 3239 pende
338 3182 405 3220 an
443 3182 546 3219 non
580 3166 774 3221 melius
813 3167 890 3220 sic
928 3167 1231 3238 legeretur:
1277 3168 1424 3222 εἰκόν’
1461 3168 1549 3221 οὐκ
1588 3163 1693 3233 ἔχω
1727 3164 1907 3231 Εὑρεῖν
1938 3165 2115 3230 ὁμοίαν

125 3257 196 3325 τῷ
231 3255 472 3322 γεγονότι
513 3255 818 3324 πράγματι.
901 3262 1083 3318 Zur&
1125 3257 1246 3324 πρὸς
1299 3256 1560 3322 ἐμαυτὸν.
1603 3254 1658 3308 τί
1696 3252 1904 3319 ταχέως
1952 3254 2117 3308 απολ-

127 3343 258 3399 λύει.
302 3344 621 3411 Στρόβιλος;
664 3346 771 3399 κτὲ.
854 3345 1136 3400 Praeterea
1179 3343 1462 3400 manifesto
1499 3340 1815 3398 mendosum
1859 3347 1937 3394 est
1976 3345 2117 3409 προέ·

130 3431 319 3497 λαβεν.
400 3430 577 3498 Quid,
616 3448 851 3503 quaese,
892 3440 973 3488 cst
1014 3434 1035 3487 ὁ
1073 3435 1309 3502 ςρόβιλος
1346 3428 1756 3501 προλαμβανειῖ
1801 3435 1853 3483 et
1895 3431 2116 3498 προῦλα-

136 3519 233 3583 βεν
269 3519 532 3591 scriptum
573 3521 827 3591 oportuit.
913 3522 1153 3594 llepone:

438 3606 818 3674 ὑπέλαβεν,
862 3608 1148 3678 ἐξέρριψεν,
1189 3613 1307 3665 αἰὼν
1347 3609 1628 3674 γίγνεται,
