2436 4068
1039 249 1105 300 15

159 394 384 447 Prorsus
421 409 584 447 sensu
616 408 848 447 vacuum
886 400 996 457 est,
1033 392 1173 463 quod
1214 393 1267 446 in
1303 391 1607 464 Antiphane
1643 392 1842 465 legitur
1875 393 2066 450 Athen.

83 481 172 536 lx.
210 484 337 536 566.
378 480 433 534 C.

991 574 1089 622 τῶν
1129 570 1422 624 θαλαττίων
1454 569 1500 624 δ’
1537 569 1624 624 άεί

376 657 518 725 ὄψων
557 656 610 711 ἓν
648 656 873 724 ἔχομεν,
914 657 1000 710 δια
1037 656 1217 717 τέλους
1253 657 1306 711 δὲ
1344 658 1498 722 τοῦθ’,
1535 654 1695 719 ἅλας.

687 744 772 798 ἐπὶ
810 745 862 798 δὲ
901 745 1100 804 τούτοις
1139 743 1352 809 πίνομεν

378 832 588 901 οἰνάριον
625 830 755 894 εἶδος
797 834 854 895 νη
891 833 977 887 Δί’
1015 831 1179 892 οἰκίας
1213 831 1398 899 τρόπον

377 921 608 982 πόσειδος
648 917 744 975 οἷον
784 927 890 982 τοῖς
930 924 1149 988 παροῦσι
1191 920 1444 989 συμφέρει

378 1007 733 1072 ἁπαξάπασιν
772 1008 1031 1077 ὀξυβάφῳ
1065 1009 1303 1077 ποτηρίῳ.

77 1098 143 1154 Ut
182 1098 391 1151 vineam
428 1113 616 1152 verum
658 1114 773 1152 esse
812 1096 955 1169 quod
1007 1095 1376 1168 reponendum
1420 1113 1536 1152 esse
1575 1113 1766 1153 censeo
1818 1099 2070 1170 praemit-

77 1194 186 1242 tam
227 1186 370 1240 locos
410 1185 723 1247 nonnulIOS‚
768 1186 824 1239 in
865 1185 1062 1257 quibus
1105 1184 1160 1245 id
1198 1186 1376 1256 ipsum
1418 1192 1513 1240 aut
1561 1185 1900 1243 simillimum
1937 1185 2070 1259 quid

75 1281 220 1329 reete
259 1273 475 1345 legitur.
556 1272 737 1328 Alexis
772 1274 967 1329 Athen.
1011 1273 1125 1327 Vll.
1170 1277 1297 1328 565.
1338 1273 1401 1328 D.

376 1361 476 1428 ἥξω
517 1362 748 1432 φέρουσα
784 1362 1067 1429 συμβολὰς
1104 1362 1269 1416 τοίνυν
1301 1359 1440 1428 ἅμα.

262 1461 318 1505 Β.
378 1457 487 1513 πῶς
526 1450 838 1518 συμβολάς;
876 1459 944 1506 Α.
985 1451 1084 1512 τὰς
1126 1450 1329 1512 ταινίαις
1366 1452 1410 1505 οἱ
1453 1450 1731 1512 Χαλκιδεῖς

374 1539 462 1594 καὶ
503 1541 621 1601 τοὺς
659 1538 974 1605 άλαβάςους
1014 1538 1297 1604 συμβολὰς
1334 1543 1585 1603 καλοῦσι,
1624 1543 1780 1608 γραῦ.

77 1627 227 1683 Plato
262 1628 512 1683 Comicus
549 1626 692 1699 apud
729 1626 905 1681 Schol.
947 1627 1111 1707 Arist.
1155 1625 1479 1699 Thesmoph.
1525 1631 1654 1683 808.

759 1716 1029 1782 βουλεύειν
1068 1714 1249 1780 ὀλίγου
1277 1717 1480 1783 ”λαχες
1516 1714 1686 1781 πάνυ,

375 1804 513 1872 άτὰρ
547 1807 601 1860 οὐ
637 1806 822 1871 λαχὼν
861 1801 997 1869 ὅμως
1036 1803 1267 1871 ἔλαχες,
1308 1805 1366 1868 ἣν
1402 1808 1513 1859 νοῦν
1550 1803 1696 1873 ἔχῃς.

263 1902 318 1946 Β.
375 1898 483 1954 πῶς
521 1893 579 1956 ἦν
616 1892 723 1960 ἔχω
758 1897 893 1954 νοῦν;

73 1979 406 2052 Antiphanes
443 1980 638 2036 Athen.
677 1981 819 2036 vlu.
862 1983 988 2035 558.
1031 1979 1091 2034 Ε.

373 2069 526 2137 ἰχθύν
563 2071 660 2123 τιν’
696 2068 848 2132 ἡδέως
887 2066 1089 2137 φάγοις
1121 2066 1215 2129 ἄν;
1255 2076 1311 2120 Β.
1353 2068 1426 2128 εἷς
1461 2068 1626 2136 άγρόν

374 2156 525 2221 ἦλθεν
562 2156 729 2226 φέρων
761 2157 879 2210 ποτ’
919 2155 1246 2222 ἰχθυοπώλης
1287 2155 1531 2221 μαινίδας

373 2246 461 2299 καὶ
502 2244 806 2313 τριγλίδας,
845 2242 933 2298 καὶ
977 2245 1034 2306 νὴ
1074 2243 1159 2297 Δί’
1200 2245 1346 2312 ἤρεσε
1388 2243 1591 2313 σφόδρα

374 2336 497 2400 ἡμῖν
532 2330 749 2387 ἅπασιν.
790 2339 856 2386 Α.
896 2327 1016 2385 εἶτα
1056 2330 1144 2386 καὶ
1187 2335 1300 2397 νῦν,
1339 2331 1454 2386 εἰπέ
1492 2351 1605 2398 μοι,

370 2422 564 2477 τούτων
599 2419 800 2490 φάγοις
839 2417 934 2482 bin
977 2428 1033 2472 Β.
1075 2417 1174 2473 κάν
1211 2441 1291 2481 τις
1329 2419 1495 2482 ἄλλος
1534 2420 1712 2489 μικρὸς
1751 2419 1800 2490 ᾗ.

371 2512 490 2571 τοὺς
525 2509 632 2578 γάρ
666 2507 941 2575 μεγάλους
979 2507 1190 2570 τούτους
1231 2506 1479 2571 ἅπαντας
1521 2508 1766 2575 νενόμικα

370 2597 812 2667 ἀνθρωποφάγους
852 2597 1022 2664 ἰχθῦς.
1062 2605 1128 2652 A.
1169 2596 1224 2652 τί
1252 2598 1391 2666 φής,
1430 2595 1467 2652 ὦ
1506 2597 1771 2666 φίλτατε;

369 2684 839 2756 ἀνθρωποφάγους,
878 2690 1015 2747 πῶς;
1058 2693 1115 2738 Γ.
1156 2682 1240 2746 οὓς
1278 2684 1343 2739 ἂν
1384 2685 1640 2755 ἄνθρωπος
1678 2686 1850 2757 φάγοι

370 2775 522 2838 δῆλον
561 2772 665 2829 ὅτι.
706 2778 885 2829 ταῦτα
914 2773 959 2827 δ’
998 2771 1103 2831 ἔςιν
1143 2772 1374 2836 Ἑκάτης
1413 2774 1678 2842 βρώματα

369 2861 435 2926 ἅς
471 2867 632 2933 φησιν
667 2859 812 2924 οὗτος
853 2861 1096 2928 μαινίδας
1136 2862 1224 2917 καὶ
1261 2863 1553 2930 τριγλίδας.

72 2947 233 3004 huius
278 2949 381 3006 loci
434 2959 641 3024 partem
693 2950 941 3006 ultimam
994 2950 1070 3005 ita
1121 2950 1380 3022 scriptam
1423 2949 1677 3023 adposui,
1719 2956 1782 3005 ut
1819 2950 1956 3006 mihi
1991 2951 2064 3008 le-

70 3036 242 3109 genda
280 3045 333 3093 et
373 3038 750 3094 constituenda
789 3055 906 3095 esse
943 3039 1179 3096 videtur.
1260 3039 1320 3093 Iu
1363 3039 1554 3094 Codice
1593 3046 1676 3095 est
1723 3040 2063 3110 ἀνθρωποφά-

70 3144 192 3191 γους
227 3132 334 3189 πῶς
359 3127 759 3198 οὶνθρωποφάγοι
800 3136 852 3183 et
888 3146 1009 3201 pag.
1033 3132 1159 3184 313.
1196 3127 1281 3193 Β.,
1323 3126 1414 3182 ubi
1454 3127 1618 3183 iidem
1658 3145 1846 3184 versus
1878 3129 2063 3201 legun-

72 3219 188 3278 tur,
241 3214 412 3270 Codex
479 3216 693 3272 exhibet
751 3217 1219 3287 ἀνθρωποφάγους,
1278 3222 1384 3278 πῶς
1437 3216 1502 3271 ἂν
1558 3215 1814 3285 ἄνθρωπος
1869 3217 2060 3288 φάγοι.

34 3374 38 3380 ⁴
73 3299 221 3369 Quod
267 3304 605 3376 reposuimus
645 3305 779 3359 satis
825 3313 1034 3361 certum
1077 3313 1174 3360 est.
1254 3304 1528 3360 Iacohsius
1567 3307 1702 3369 πῶς;
1750 3303 1833 3367 οὕς
1873 3310 1930 3372 γ’
1971 3304 2066 3371 ἄν,

71 3388 340 3447 Dobraeus
377 3399 507 3456 πῶς;
547 3391 611 3448 ὧν
650 3396 707 3459 γ’
744 3393 808 3448 ἄν
844 3393 1246 3466 suppleverunt.
1325 3393 1470 3448 Nihil
1511 3409 1705 3450 causae
1745 3402 1827 3449 est
1863 3412 1962 3450 cur
1994 3415 2061 3462 γε

71 3476 357 3535 inseratur.
461 3481 563 3549 Qui
617 3482 790 3537 iocose
842 3483 1262 3554 interpretatur,
1319 3481 1583 3552 quomodo
1646 3484 1829 3555 magni
1887 3483 2062 3554 pisces

0 3581 2 3587 ⁸
68 3566 464 3637 άνθρωποφάγοι
503 3569 756 3625 dicantur
791 3571 991 3643 optime
1024 3569 1156 3625 dicit
1191 3567 1276 3631 οὓς
1310 3568 1375 3624 ἂν
1408 3568 1664 3638 ἄνθρωπος
1703 3570 1874 3641 φάγοι
1910 3572 2060 3636 δῆλον

67 3650 159 3708 ἔτι.
224 3655 501 3714 Soloecum
542 3666 623 3715 est
664 3658 805 3731 quod
845 3660 897 3714 in
936 3658 1127 3715 ultimo
1167 3674 1327 3714 versu
1362 3657 1639 3730 vulgatur:
