2436 4068
1047 210 1154 262 409

112 357 268 420 Κῦρος
305 350 566 418 προθύμως
604 357 709 411 τοῖς
747 354 1170 420 Λακεδαιμονίοις
1209 354 1294 408 ἐπὶ
1334 353 1434 414 τὰς
1477 354 1692 417 Ἀθήνας
1743 360 2080 420 συμπολεμῆ-

111 461 234 504 σαι,
274 445 327 493 et
364 437 486 492 aliis
518 437 665 492 locis,

186 527 300 581 Non
353 526 535 579 minus
588 525 863 583 inficetum
917 537 998 584 est
1035 530 1075 583 Ι.
1118 547 1185 583 1v.
1230 534 1283 584 5.
1342 529 1634 591 οὶποςοὶντες
1690 526 1880 604 [ἦλθον]
1938 530 2083 597 παρὰ

110 619 267 682 Κῦρον
311 613 444 686 [καὶ]
505 616 956 682 συνεςρατεύοντο,
996 634 1241 689 expunge
1279 616 1425 680 ἦλθον
1465 624 1517 672 et
1556 618 1647 672 καί
1697 624 1858 689 atque
1913 619 2084 671 Xeno·

112 701 311 775 phonte
349 701 568 772 dignam
615 704 908 758 orationem
947 704 1185 758 habebis,
1264 706 1324 759 In
1372 705 1557 760 eodem
1597 705 1710 760 loco
1747 722 1846 777 pro
1883 707 1926 760 οἱ
1963 711 2084 773 παρ’

110 789 409 859 Ἀβροκόμα
447 790 740 858 μισθοφόροι
770 791 1027 855 Ἕλληνες
1060 791 1353 855 cinaedum
1393 793 1771 864 corrigendum
1807 810 1924 848 esse
1961 796 2083 861 παρ’

108 878 407 945 Ἀβροκόμα
448 877 656 948 primus
699 878 830 934 vidit
870 881 1207 950 KruegeruS,
1249 879 1409 951 idque
1439 880 1595 934 multi
1616 881 1719 936 loci
1758 887 1812 936 et
1852 881 2081 936 aliorum

109 974 163 1022 et
200 966 369 1038 ipsius
410 964 774 1036 Xenophontis
813 967 1180 1022 demonstrare
1220 974 1462 1040 possunt.

183 1053 349 1108 Multo
384 1052 576 1107 melius
605 1053 645 1107 Ι.
685 1072 753 1108 1v.
798 1060 848 1109 7.
891 1057 1120 1117 Ξενίαςὸ
1157 1056 1349 1123 Ἀρκὰς
1398 1055 1702 1128 [ςρατηγός]
1748 1055 1834 1109 καὶ
1876 1059 2082 1113 Πασίων

108 1141 471 1208 ὄΜεγαρεύς,
514 1142 567 1194 in
609 1158 758 1196 oram
800 1143 924 1198 libri
964 1144 1106 1199 unde
1143 1150 1414 1216 empserat
1447 1143 1708 1211 ςρατηγός
1750 1145 2081 1215 remigi-abit.

181 1230 425 1286 Diximus
473 1229 581 1283 iam
622 1238 776 1285 antea
814 1231 1040 1287 sormam
1080 1232 1253 1304 qualis
1294 1238 1376 1287 est
1427 1230 1784 1288 ε’πιςοὲσθωσαν
1826 1234 1868 1287 Ι.
1911 1251 1982 1291 lv,
2026 1239 2081 1291 8.

108 1336 212 1374 non
260 1334 375 1373 esse
421 1317 830 1390 Xenophonteae
887 1325 1081 1376 aetatis
1120 1320 1213 1376 sed
1253 1318 1684 1374 Macedonicam:
1744 1321 1926 1392 itaque
1975 1324 2083 1378 ἐπι-

109 1407 306 1466 ςάσθων
343 1406 725 1478 reponendum.

179 1493 495 1550 Eruditulus
549 1497 728 1550 nescio
779 1498 903 1568 quis
959 1499 1062 1552 tria
1110 1497 1270 1553 verba
1327 1497 1393 1552 de
1439 1515 1538 1552 suo
1591 1496 1798 1553 addidit
1834 1498 1874 1552 Ι.
1916 1516 1985 1553 1v.
2028 1503 2080 1554 9.
2119 1546 2121 1548 .

105 1584 339 1649 ποταμὸν
384 1585 551 1651 πλήρη
608 1586 794 1651 ἰχθύων
834 1586 1086 1652 μεγάλων
1139 1586 1226 1641 καὶ
1268 1585 1505 1654 πραέων,
1545 1583 1629 1647 οὓς
1669 1589 1713 1642 οἱ
1753 1587 1901 1654 Σύροι
1942 1590 2080 1649 θεοὺς

103 1671 326 1740 ἐνόμιζον
377 1671 464 1726 καὶ
521 1673 713 1727 ἀδικεῖν
752 1676 842 1729 οὐκ
881 1674 1024 1740 εἴων,
1071 1675 1201 1747 [οὐδὲ
1239 1675 1339 1736 τὰς
1395 1673 1708 1748 περιςεροὶς].
1789 1676 2078 1748 Xenophon

101 1774 163 1814 ea
205 1766 413 1814 tantum
456 1767 643 1814 narrat
696 1778 832 1833 quae
873 1763 986 1834 ipse
1039 1779 1290 1835 praesens
1329 1761 1570 1828 viderat,
1627 1769 1687 1818 ut
1739 1764 2080 1836 imperiecto-

100 1863 224 1902 rum
264 1863 397 1901 usus
445 1846 679 1902 declarat
738 1850 960 1919 ἐνόμιζον
999 1858 1054 1906 et
1090 1851 1231 1915 εἴων,
1273 1851 1366 1922 qui
1416 1851 1634 1906 oculatis
1685 1852 1898 1906 testibus
1954 1870 2077 1925 pro-

100 1935 251 2006 prius
291 1941 388 1989 est.
470 1935 752 1992 Praeterea
794 1938 837 1992 si
878 1939 1141 1993 columbas
1180 1937 1375 1993 addere
1417 1939 1672 1995 voluisset
1708 1939 1745 1993 ὥ
1758 1961 1925 2009 οπερ
1964 1943 2075 1997 οὐδὲ

96 2022 198 2081 τὰς
233 2022 500 2091 περιςεροὶς
542 2023 778 2080 dixisset.
860 2025 1235 2098 Adscripserat
1286 2026 1482 2098 aliquis
1536 2028 1591 2081 in
1645 2044 1738 2082 ora
1791 2027 1914 2083 libri
1964 2031 2074 2085 οὐδὲ

95 2110 196 2172 τὰς
236 2112 542 2179 περιςεροὶς,
586 2120 639 2166 et
679 2114 959 2168 notissima
996 2122 1077 2169 est
1128 2114 1377 2168 omnibus
1430 2115 1532 2169 ista
1573 2114 1835 2188 Syrorum
1890 2134 2074 2190 super-

94 2198 276 2262 stitio,
327 2216 487 2271 quam
531 2201 784 2271 permulti
819 2210 1277 2267 commemorant,
1318 2220 1548 2274 quorum
1604 2203 1928 2260 testimoniis
1969 2223 2072 2261 non

99 2292 251 2351 utar,
291 2286 382 2342 sed
418 2286 666 2343 adiiciam
711 2289 816 2344 illis
855 2307 1048 2344 novum
1091 2291 1372 2346 emendato
1421 2292 1740 2346 suavissimo
1779 2291 1894 2347 loco
1929 2294 2074 2351 Tele·
2124 2351 2129 2354 ,

98 2375 167 2429 tis
205 2374 347 2447 apud
388 2375 673 2433 Stobaeum
727 2378 908 2433 Floril.
945 2378 1146 2433 XCVII.
1189 2384 1279 2436 51.
1337 2381 1392 2436 τί
1435 2379 1699 2449 διαφέρει,
1742 2381 1955 2453 inquit,
1995 2386 2071 2450 μὴ

95 2461 236 2531 ἔχειν
272 2466 464 2533 τροφὴν
505 2469 534 2530 ἢ
581 2467 821 2529 τοιαύτην
860 2466 1002 2534 ἔχειν
1042 2464 1097 2529 ἧς
1137 2469 1193 2522 οὐ
1232 2468 1306 2534 μὴ
1353 2468 1611 2534 γεύσηται
1655 2468 1681 2493 ²*
1722 2468 1749 2492 '⁴
1786 2469 1811 2494 ⁴
1850 2469 2000 2538 ἰχθῦς
2039 2476 2069 2537 ἢ

94 2552 385 2620 περιςέρια,
425 2554 454 2616 ἢ
492 2554 766 2623 Αἰγυπτίῳ
803 2556 932 2611 κύνα
955 2598 968 2620 ,
1010 2555 1288 2631 ἢἝλληνι
1339 2558 1534 2624 κρανίον
1584 2558 1856 2624 ἀνθρώπου.
1938 2559 2070 2633 Sup-

91 2637 343 2722 plendqm
391 2648 473 2696 est
528 2643 582 2696 in
637 2641 780 2697 hunc
829 2642 939 2698 sere
984 2643 1237 2699 moduni:
1293 2641 1347 2706 ἧς
1388 2647 1442 2700 οὐ
1495 2646 1570 2710 μὴ
1622 2646 1879 2711 γεύσεταί
1928 2648 2065 2723 (τις,

88 2722 184 2782 οἷον
218 2729 266 2783 εἴ
315 2750 394 2791 τις
449 2730 591 2799 Σύρῳ
643 2732 917 2803 παραθιεΙη)
973 2734 1121 2800 ἰχθῦς
1171 2733 1200 2796 ἢ
1242 2733 1516 2801 περιςέρια.
1596 2734 1656 2788 ln
1706 2734 1872 2790 Anah.
1909 2736 1951 2794 I.
1997 2756 2065 2793 1v.

96 2817 179 2871 12.
219 2824 494 2890 receptum
538 2820 773 2891 oportuit
808 2827 914 2881 τοῖς
953 2821 1257 2889 πρότερον
1306 2821 1450 2888 μετὰ
1490 2822 1649 2890 Κύρου
1696 2826 1931 2891 οὶναβᾶσι
1970 2843 2065 2899 pro

89 2904 337 2973 προτέροις
379 2923 409 2961 a
448 2906 774 2962 Sclineidero
829 2907 1208 2974 emendatum,
1263 2917 1317 2965 et
1374 2910 1662 2966 resecanda
1722 2919 1850 2967 sunt
1907 2913 2063 2969 verba

88 2993 232 3058 παρὰ
270 2994 356 3048 τὸν
397 2996 599 3064 πατέρα
638 3001 727 3050 τοῦ
768 2997 927 3064 Κύρου
970 3004 1185 3070 propter
1224 3014 1285 3052 ea
1336 3015 1473 3070 quae
1526 3000 1710 3054 statim
1763 3010 2065 3072 sequuntur

87 3086 362 3144 καλοῦντος
402 3089 491 3138 τοῦ
532 3087 724 3152 πατρὸς
758 3091 929 3153 Κῦρον.
1009 3085 1122 3140 Non
1163 3086 1397 3141 multum
1435 3104 1619 3143 vereor
1660 3105 1726 3143 ne
1765 3091 1886 3161 quis
1928 3091 2060 3146 mihi
2127 3118 2131 3122 ·

88 3165 404 3241 obloquatur
446 3173 490 3226 si
529 3172 711 3227 dixero
754 3173 791 3227 l.
835 3191 903 3229 ιν.
953 3178 1039 3229 15.
1100 3174 1213 3243 πρὶν
1253 3177 1400 3239 δῆλον
1441 3173 1568 3230 εἶναι
1605 3177 1660 3231 τί
1695 3179 1982 3241 ποιήσουσιν
2015 3183 2059 3234 οἱ

88 3253 239 3311 ἄλλοι
278 3267 554 3323 vanam:
596 3261 827 3331 [πότερον
867 3261 1081 3330 ἕψονται
1135 3263 1275 3333 Κύρῳ
1318 3265 1347 3327 ἢ
1389 3263 1504 3335 ούῦΙ,
1557 3266 1844 3319 novissima
1898 3266 2057 3322 verba

87 3345 368 3401 nianil’esto
407 3365 520 3403 esse
561 3350 910 3421 interpolata,
954 3368 1074 3406 nam
1118 3359 1493 3424 praeterquam
1529 3353 1670 3424 quod
1707 3353 2057 3424 frigidissima

85 3438 246 3493 sunt,
299 3450 400 3488 non
451 3444 576 3491 sunt
626 3436 755 3492 hacc
813 3456 958 3493 inore
1008 3439 1210 3494 Graeco
1251 3439 1476 3496 formata
1534 3459 1704 3513 neque
1756 3448 1876 3512 apte
1917 3460 2056 3497 com·

86 3520 269 3589 posim
353 3521 475 3577 l'ost
528 3542 689 3594 pauca
728 3532 759 3595 ξ
812 3532 893 3582 14.
952 3529 1007 3590 ἣν
1049 3529 1158 3592 ε’,αοὶ
1201 3530 1479 3591 πείσθητε,
1523 3547 1623 3583 non
1682 3537 1763 3583 cst
1805 3529 1935 3583 milii
1984 3531 2052 3587 lc·

84 3606 223 3661 viter
278 3608 340 3662 «lc
393 3612 581 3666 mendo
634 3623 939 3686 suspectum
1003 3617 1239 3677 πείσθητε
1295 3625 1346 3671 ct
1402 3619 1605 3677 πίθησθε
1664 3618 2054 3673 restituendum
