2436 4068
1284 186 1391 235 658

362 332 805 402 ἐναναςρέφεται,
847 329 1185 395 ἐνδιατρίβει,
1235 334 1412 391 recte,
1468 329 1570 382 nisi
1611 327 1751 399 quod
1797 330 1875 383 rei
1926 333 2228 387 immundae
2266 351 2327 389 ac

362 423 526 494 turpis
559 421 829 475 notionem
873 417 1127 470 continet.
1189 414 1300 468 Non
1333 414 1490 470 aliter
1522 415 1866 488 accipiendus
1900 425 1981 472 est
2011 419 2162 474 loeus
2193 421 2326 476 Isaei

361 513 418 565 in
454 509 600 564 Orat.
634 507 696 559 V.
738 509 826 560 44.
879 504 987 559 οὐδὲ
1020 504 1093 558 τοὶ
1129 504 1449 568 ἀναθήματα
1482 536 1559 545 -
1590 505 1661 566 εἰς
1696 508 1787 567 τὴν
1824 504 1973 559 πόλιν
2013 507 2292 574 κεκόμικας
2314 552 2329 574 ,

358 598 487 652 ἀλλ’
527 597 578 649 ἐν
617 600 722 656 τοῖς
760 593 1083 661 λιθουργείοις
1123 591 1198 645 ἔτι
1237 592 1693 655 καλινδεῒται,
1737 592 1829 646 ubi
1871 595 2181 650 κυλινδεῖται
2223 596 2331 651 edi·

358 694 468 740 tur.
547 681 747 738 Eodem
788 680 944 735 modo
995 680 1261 751 accipitur
1301 680 1352 733 ἐν
1402 681 1569 750 οὲγορᾷ
1610 682 1940 746 κυλίνδεται,
1982 691 2034 737 et
2075 685 2330 739 καλινδεῖ-

355 774 471 827 σθαι
513 772 564 824 ἐν
602 771 808 839 ἀγορᾷ,
849 775 903 823 et
937 768 1077 840 apud
1111 766 1479 822 Aristotelem:
1523 771 1633 836 περὶ
1676 773 1766 832 τὴν
1800 771 1996 838 αγορὰν
2037 773 2332 836 κυλιέσθαι,

355 858 497 932 quod
530 875 636 912 non
684 865 765 911 est
798 858 855 911 in
901 859 1016 928 foro
1055 856 1282 919 versa-ri,
1327 855 1483 927 (quae
1517 855 1894 911 honestissima
1933 874 2018 911 res
2054 857 2194 931 est),
2235 858 2328 913 sed

2410 947 2419 974 t

355 949 613 1003 dicuntur
671 944 726 998 id
779 943 952 998 facere
1003 943 1074 998 τα
1130 944 1523 1011 περιτρίμματα
1581 953 1674 1008 τῆς
1726 947 1959 1013 ἀγορᾶς,
2012 946 2036 1000 o‘
2084 947 2327 1013 ἀγοραῖος

353 1035 542 1105 ὄχλος,
584 1034 826 1088 homines
875 1032 1031 1087 otiosi
1066 1036 1119 1085 et
1160 1031 1297 1084 male
1337 1030 1547 1096 feriati,
1588 1050 1756 1104 quum
1798 1034 1850 1086 in
1890 1032 2002 1087 soro
2043 1041 2331 1088 conterunt

355 1142 417 1180 ac
458 1122 691 1196 perdunt
733 1121 894 1176 diem.
953 1120 1222 1174 Dicuntur
1260 1118 1392 1172 haec
1430 1121 1609 1174 omnia
1646 1138 1768 1175 cum
1804 1127 2078 1176 contemtu
2117 1129 2210 1177 aut
2249 1139 2328 1178 re-

352 1212 707 1286 prehensione
754 1215 850 1265 aut
901 1207 1306 1278 indignatione,
1346 1214 1406 1261 ut
1448 1209 1594 1262 ἀλύω
1638 1215 1691 1262 et
1728 1209 1990 1278 ῥέμβομαι
2033 1218 2085 1265 et
2126 1211 2326 1279 φθείρο-

351 1322 450 1369 μαι
507 1317 632 1355 cum
696 1297 1005 1369 compositis
1054 1295 1372 1367 quibusdam
1444 1297 1865 1366 περιφθείρομαι,
1923 1301 2323 1365 αποφθαρῆναι,

349 1390 771 1458 προσφθαρῆναι,
825 1385 1066 1456 aliisque.
1147 1383 1234 1439 Sic
1276 1391 1329 1439 et
1374 1386 1670 1448 καλίνδησις
1712 1393 1764 1441 et
1820 1387 2182 1452 ἐγκαλίνδησις
2234 1404 2326 1459 po·

349 1483 558 1532 nuntur
597 1476 651 1529 in
686 1491 744 1528 re
782 1474 964 1544 turpi,
1003 1475 1325 1538 καλινδήσεις
1367 1474 1418 1527 ἐν
1465 1475 1726 1539 γυναίοις,
1781 1477 1830 1528 ἐν
1873 1475 2112 1543 πόρναις,
2153 1482 2324 1530 caete-

347 1567 532 1636 risque
578 1561 985 1618 eiusdemmodi.

423 1653 504 1707 Ex
544 1650 630 1705 his
682 1651 852 1721 igitur
890 1649 1207 1705 Lexicorum
1259 1648 1591 1704 emendanda
1650 1650 1789 1704 ratio
1838 1659 1947 1705 est:
2008 1651 2324 1718 ἐγκυλῒσαι,

346 1748 406 1796 ut
438 1739 538 1795 hoc
571 1745 697 1794 utar
721 1780 733 1802 ‚
777 1737 918 1810 apud
955 1737 1327 1792 Pherecratem
1364 1736 1576 1791 Stobaei
1621 1736 1801 1792 Floril.
1838 1737 2016 1794 CXVI.
2062 1743 2149 1795 12.

643 1921 855 1977 πολλοῖς
896 1915 1121 1980 ἐμαυτὸν
1161 1915 1186 1967 ε’
1199 1920 1540 1980 γκυλῖσαι
1583 1912 1927 1981 πράγμασιν,

343 2005 409 2062 ad
442 2003 723 2072 ἐγκυλίνδω
765 2009 844 2058 est
878 2002 1215 2058 referendum
1236 2044 1251 2067 ,
1284 2010 1336 2056 et
1369 2002 1553 2057 eodem
1595 2002 1752 2056 modo
1785 2003 2085 2059 εἰσεκύλισα
2116 2004 2171 2058 in
2201 2005 2317 2060 Ari-

339 2094 513 2167 stoph.
557 2090 874 2162 Thesmoph.
911 2094 1044 2146 651.

641 2182 712 2241 εἰς
751 2175 812 2234 οἷ’
852 2179 1077 2244 ἐμαυτὸν
1117 2179 1512 2234 εἰσεκύλισα
1554 2179 1890 2247 πράγματα,

338 2268 431 2325 uhi
472 2269 753 2324 Ravennas
793 2267 1107 2329 εἶσεκύλησα
1163 2266 1410 2330 exhibet,
1465 2272 1519 2320 et
1557 2267 1836 2328 ἐσκυλίσας
1888 2266 2018 2324 ibid.
2072 2285 2147 2322 vS.
2188 2271 2314 2324 767.

335 2356 615 2413 referenda
670 2362 797 2411 sunt
848 2354 914 2409 ad
970 2354 1195 2408 sormam
1244 2355 1556 2409 εἰσκυλίνδω.
1649 2354 1738 2409 Sic
1796 2354 1957 2408 etiam
2014 2353 2312 2420 ἐξεκυλίσθη

335 2445 476 2518 apud
518 2446 845 2509 Homerum,
894 2444 1246 2506 ἐκκυλισθήσει
1289 2442 1343 2495 in
1385 2441 1635 2515 Aeschyli
1676 2441 2031 2507 Prometheo,
2083 2445 2154 2504 εἷς
2195 2445 2312 2513 ἔρω-

335 2556 434 2596 τας
482 2534 877 2593 ἐκκυλισθέντας
927 2531 1068 2603 apud
1123 2530 1365 2602 Xenoph.
1428 2530 1642 2585 Memor.
1680 2531 1722 2585 I.
1766 2548 1819 2584 11.
1863 2533 1954 2584 22.
2011 2538 2063 2584 et
2119 2533 2210 2586 ἐὰν
2258 2534 2310 2589 δὲ

335 2623 606 2691 ε’κκυλισθῇ
660 2622 716 2674 ἐκ
767 2626 865 2674 τῶν
907 2619 1122 2674 δικτύων
1181 2620 1233 2672 in
1289 2618 1655 2690 Xenophontis
1711 2618 2083 2692 Cyneg.V.111
2135 2623 2199 2685 8,
2255 2629 2310 2677 et

335 2709 597 2783 quidquid
635 2708 941 2763 huiusmodi
991 2707 1132 2776 apud
1173 2707 1395 2761 Veteres
1431 2707 1669 2761 occurrit
1711 2707 1776 2761 ad
1817 2706 2041 2761 formam
2080 2710 2310 2764 ἐκκυλίν·

332 2800 398 2855 δω
441 2797 780 2853 referendum
814 2803 930 2861 est,
977 2812 1114 2866 quae
1158 2795 1328 2848 forma
1370 2794 1510 2866 apud
1561 2794 1871 2866 Sophoclem
1910 2802 1961 2849 et
2002 2795 2308 2868 Aristopha-

333 2903 454 2942 nem
498 2893 690 2940 exstat.
772 2885 860 2939 Sic
901 2884 1575 2948 κατακεκυλισμένοι
1618 2885 1722 2938 απὸ
1761 2889 1857 2937 τῶν
1898 2880 2066 2938 ι’ππων
2116 2886 2169 2938 in
2207 2886 2305 2959 Cy-

331 2992 448 3046 rop.
486 2974 546 3027 V.
590 2990 662 3027 111.
708 2977 756 3026 1.
810 2978 861 3026 et
899 2973 972 3037 μὴ
1022 2974 1494 3041 κατακυλισθῇ
1545 2972 1887 3038 δειμαίνοντες
1930 2971 2069 3043 apud
2112 2972 2304 3027 Herod.

330 3063 394 3118 V.
435 3066 521 3117 16.
565 3061 630 3116 ad
666 3061 1023 3115 κατακυλίνδω
1054 3061 1363 3131 pertinent,
1407 3077 1508 3113 non
1551 3058 1615 3112 ad
1657 3060 1992 3124 κατακυλίω,
2033 3077 2168 3131 quae
2203 3059 2305 3114 sor-

329 3167 418 3206 ma
457 3148 789 3222 temporibus
845 3147 1059 3201 demum
1117 3147 1471 3201 Macedonicis
1527 3148 1580 3200 in
1636 3164 1735 3200 usu
1795 3163 1909 3201 esse
1965 3149 2156 3218 coepit.
2238 3149 2303 3203 In

327 3237 701 3309 Aristophanis
754 3235 916 3289 Ranis
969 3252 1046 3288 vs·
1086 3238 1210 3289 556.
1269 3235 1551 3289 Ravennas
1602 3235 1834 3295 servavit
1871 3237 2301 3302 μετακυλίνδειν,

327 3342 457 3381 casu
515 3325 776 3388 fortasse,
812 3322 911 3377 -sed
962 3321 1092 3376 haec
1146 3339 1271 3376 vera
1325 3322 1482 3377 lectio
1526 3328 1640 3385 est,
1704 3339 1809 3376 non
1860 3325 2295 3389 μετακυλινδεῑν,

326 3413 467 3485 quod
507 3413 703 3468 editur.
783 3411 843 3465 In
885 3409 1253 3481 Aristophanis
1312 3411 1446 3464 Pace
1491 3427 1568 3464 vs.
1608 3414 1658 3464 7.
1717 3427 1842 3465 vera
1882 3410 2040 3464 lectio
2091 3432 2299 3479 περικυ-

323 3502 478 3564 λίσας
518 3508 622 3556 τοῖν
661 3500 863 3562 ποδοῖν,
908 3515 1042 3570 quae
1081 3498 1137 3551 in
1177 3497 1330 3551 libris
1365 3497 1651 3569 depravata
1688 3504 1769 3552 est
1810 3498 1862 3552 in
1903 3500 2294 3567 περικυκλίσας,

322 3589 387 3644 ad
424 3590 747 3658 περικυλίνδω
803 3586 1079 3643 referenda
1129 3592 1245 3649 est,
1289 3602 1424 3656 qnae
1465 3585 1633 3640 forma
1680 3585 1945 3642 reddenda
1997 3587 2200 3643 Platoni
2238 3588 2290 3642 in

2422 645 2436 663 1!

2422 666 2423 669 ,
2433 665 2436 672 .

2408 676 2436 733 fi!

2399 719 2417 728 a<

2416 753 2418 761 J

2401 2229 2436 2529 ἐ

2400 2646 2410 2662 Δ
2423 2651 2436 2660 ..ι

2426 2661 2436 2735 ἔ

2400 2734 2407 2756 ‘³
2430 2741 2436 2771 τ
