2436 4068
1008 198 1108 248 411

88 362 213 400 cum
260 344 407 398 locus
455 342 507 394 in
548 340 752 413 Equitt.
795 357 870 394 vs,
907 345 1033 396 416.
1078 340 1271 403 Bekis„
1332 340 1422 396 ubi
1470 340 1749 398 Ravennae
1792 349 1844 397 et
1899 343 2060 400 Vene·

90 441 178 488 tus
214 431 350 485 hanc
388 429 669 483 lectionem
710 435 954 484 servant:

391 516 661 581 ἐξηπάτων
700 517 805 583 γὰρ
843 517 961 576 τοὺς
999 516 1278 583 μαγείρους
1318 517 1488 582 λέγων
1522 519 1739 572 τοιαυτί.

87 606 363 662 Claudicat
402 613 655 660 metrum.
735 604 923 675 Itaque
975 604 1268 659 Graeculus
1324 606 1505 660 nescio
1555 606 1679 677 quis
1731 608 1790 661 τὸ
1845 610 2063 676 κεχηνὸς
2143 668 2145 671 f

86 700 176 752 τοῦ
214 696 396 763 ῥυθμοῦ
445 693 649 747 sarcire
702 693 877 763 coepit
928 690 1180 762 deditque
1230 691 1294 747 de
1347 709 1444 747 suo
1495 693 1769 760 ἐπιλέγων.
1850 694 1892 750 Ο
1934 695 2062 752 inse·

73 784 243 839 licem
285 781 673 837 coniectorem!
716 778 852 834 nihil
891 785 970 834 est
1010 779 1075 834 ab
1128 779 1218 835 illo
1256 779 1371 837 loco
1418 780 1646 836 alienius
1691 799 1853 853 quam
1893 786 2065 840 ἐπιλέ-

83 894 223 938 γων,
279 871 383 924 nisi
437 869 574 924 forte
614 869 737 940 quis
771 866 1081 938 opinabitur
1134 875 1318 924 utrum
1365 867 1534 933 λέγων
1575 886 1642 923 an
1682 871 1939 937 ἐπιλέγων
1979 873 2064 927 di-

82 968 240 1016 catur
277 958 501 1031 perinde
538 974 670 1012 esse.
755 956 952 1011 Tamen
1008 956 1265 1021 ἐπιλέγων
1317 955 1484 1009 invito
1541 964 1726 1026 poetae
1766 959 2062 1016 obtrudunt

18 1066 22 1075 ’
82 1049 330 1104 Editores
364 1062 565 1100 omnes,
647 1045 728 1099 Tu
763 1061 976 1100 mecum
1019 1060 1272 1100 numeros
1309 1049 1363 1099 et
1413 1046 1737 1100 sententiam
1792 1049 1869 1101 sic
1922 1050 2062 1103 sarci

15 1165 20 1171 ·
82 1143 143 1193 nt
181 1152 434 1208 reponas:

309 1222 581 1287 ἐξηπάτων
621 1223 725 1288 γὰρ
764 1222 882 1283 τοὺς
920 1221 1200 1288 μαγείρους
1241 1220 1304 1276 ἂν
1344 1220 1513 1286 λέγων
1552 1223 1772 1278 τοιαυτί.

156 1312 356 1367 Eodem
400 1309 554 1364 modo
586 1309 760 1364 tribus
800 1309 922 1365 aliis
962 1309 1091 1363 locis
1141 1307 1204 1363 ἄν
1247 1310 1320 1364 ita
1360 1310 1595 1381 positum
1648 1311 1880 1382 perierat
1918 1314 2059 1384 apud

80 1400 491 1471 Aristophanem
514 1439 528 1461 ,
569 1405 627 1451 ut
660 1398 930 1453 Porsonus
950 1396 1337 1453 demonstravit
1369 1397 1436 1451 ad
1460 1396 1778 1453 Phoenissae
1814 1417 1891 1455 vs.
1917 1406 2025 1456 412
2049 1445 2063 1467 ,

82 1490 177 1562 qui
215 1488 349 1543 duos
388 1487 530 1541 locos
569 1487 684 1558 ipse
735 1493 882 1541 certa
934 1484 1304 1541 emendatione
1349 1488 1404 1540 in
1458 1487 1728 1558 integrum
1786 1491 2062 1555 restituit,

82 1578 315 1634 alterum
354 1578 407 1631 in
448 1575 648 1630 Avibus
676 1578 805 1630 505.

155 1667 352 1736 χώπόθ’
391 1666 416 1719 ὅ
453 1664 646 1728 κόκκυξ
682 1664 814 1719 εἴποι
855 1662 1039 1726 κόκκυ,
1077 1662 1188 1717 τότ’
1228 1663 1292 1717 ἂν
1331 1666 1374 1718 οἱ
1416 1664 1637 1724 Φοίνικες
1679 1662 1912 1725 ἅπαντες

158 1757 277 1815 τοὺς
316 1755 500 1821 πυροὺς
540 1751 605 1807 ἂν
644 1753 732 1807 καὶ
771 1752 870 1812 τὰς
910 1750 1082 1818 κριθὰς
1123 1752 1174 1804 ἐν
1215 1757 1319 1812 τοῖς
1359 1751 1547 1814 πεδίοις
1586 1753 1821 1821 ἐθέριζον,

82 1842 175 1898 ubi
229 1842 510 1896 Ravennas
558 1841 668 1895 τότ’
720 1842 763 1894 οἱ
819 1840 1081 1907 φοίνικες,
1140 1839 1339 1894 caeteri
1397 1838 1517 1894 τότε
1558 1841 1616 1905 γ’
1658 1844 1701 1895 οἱ
1757 1844 1981 1910 φοίνικες
2033 1861 2063 1898 e

79 1930 221 1986 rutili
277 1930 608 1985 correctione
666 1926 937 1983 exhibent.
1038 1926 1188 1983 Alter
1254 1927 1403 1982 locus
1471 1928 1672 2000 legitur
1742 1931 1794 1983 in
1864 1932 2063 1988 vicinia

0 2093 1 2098 Ἰ
81 2036 158 2073 vs.
192 2021 319 2072 520.

152 2108 291 2171 ὤμνυ
329 2111 379 2161 τ’
417 2106 576 2167 οὖδεις
616 2105 726 2159 τότ’
757 2103 822 2159 ἂν
854 2105 1118 2171 ἀνθρώπων
1150 2105 1286 2167 θεὸν,
1325 2106 1452 2158 ἀλλ’
1487 2103 1677 2172 ὄρνιθας
1717 2104 1984 2170 ἅπαντες,

0 2226 3 2235 ·
77 2194 171 2250 uhi
208 2195 264 2248 in
301 2194 455 2249 libris
490 2200 571 2249 est
610 2193 720 2247 τότ’
756 2192 1041 2259 ἀνθρώπων.
1123 2191 1339 2247 Tertius
1367 2191 1516 2247 locus
1549 2201 1631 2248 est
1674 2195 1727 2248 in
1770 2195 1904 2250 Pace
1931 2198 2058 2250 626.

0 2287 30 2334 t
83 2282 174 2338 ubi
212 2281 431 2337 Codices
468 2281 606 2337 hanc
647 2283 883 2352 ineptam
925 2279 1208 2335 lectionem
1249 2286 1489 2334 servant:

305 2371 442 2426 οὐδὲν
479 2372 655 2426 αἰτίων
692 2371 878 2437 ἀνδρῶν
919 2389 985 2434 γε
1025 2370 1124 2429 τοὶς
1164 2366 1356 2436 κράδας
1395 2370 1682 2433 κατήσθιον.

0 2443 29 2517 ἓ,
79 2457 359 2514 Ravennae
393 2458 539 2514 solus
579 2459 810 2513 servavit
850 2474 1072 2512 manum
1107 2464 1326 2529 poetae:

27 2564 36 2595 i

28 2604 38 2679 1

0 2570 45 2856 ἓν
79 2721 253 2780 locum
293 2727 347 2779 in
383 2723 585 2781 Avibus
638 2742 714 2780 vs.
755 2727 936 2779 1286:

12 3095 24 3119 ὖ

303 2548 441 2603 οὐδὲν
481 2547 656 2602 αἰτίων
696 2569 761 2602 αν
798 2547 982 2613 ἀνδρῶν
1022 2566 1121 2606 τας
1162 2544 1355 2613 κράδας
1395 2546 1682 2609 κατήσθιον.

156 2636 417 2691 Praemisi
458 2635 636 2699 haec,
698 2654 804 2708 quo
860 2634 1189 2690 evidentiore
1245 2634 1579 2691 correctione
1639 2636 1751 2707 ipse
1809 2652 2056 2693 sanarem

382 2819 574 2882 πρῶτον
612 2814 707 2878 μὲν
747 2814 891 2874 εὐθὺς
931 2810 1127 2872 πάντες
1168 2810 1227 2875 ἐξ
1265 2814 1410 2874 εὐνῆς
1451 2809 1570 2876 οίμα

381 2901 604 2956 ἐπέτονθ’
644 2900 824 2967 ἕωθεν,
866 2899 1031 2968 ὥσπερ
1074 2902 1257 2965 ἡμεῖς,
1298 2899 1383 2954 ἐπι
1422 2899 1606 2966 νομόν,

382 2989 593 3045 κᾶπειτ’
633 2990 696 3045 ἂν
735 2988 854 3056 ἅμα
893 2995 1122 3057 κατῆραν
1161 2989 1213 3049 ἐς
1253 2989 1324 3043 τοὶ
1362 2989 1596 3055 βιβλία,

381 3077 476 3133 εἶτ’
515 3079 820 3144 ἀπενέμοντ’
860 3078 1082 3133 ἐνταῦθα
1122 3077 1193 3131 τὰ
1233 3078 1583 3146 ψηφίσματα.

157 3166 316 3222 Poeta
370 3169 692 3240 scripserat:
745 3164 864 3232 ἅμα
922 3173 1211 3235 κατῇρον
1268 3172 1322 3220 et
1362 3163 1457 3220 εἶτ’
1511 3165 1586 3220 ἂν
1639 3166 1936 3232 ἐνέμοντ’
1979 3169 2055 3221 ἐν-

15 3239 35 3251 ”
80 3256 281 3320 savoa,
333 3257 473 3329 quod
530 3257 574 3310 si
617 3256 738 3327 quis
793 3271 894 3309 non
938 3271 1000 3309 ex
1052 3254 1167 3326 ipso
1206 3254 1320 3309 loco
1360 3270 1545 3310 verum
1588 3261 1640 3309 et
1693 3256 2055 3310 necessarium

79 3356 198 3397 esse
237 3346 490 3416 perspicit
529 3345 575 3399 ei
601 3386 614 3406 ‚
654 3342 849 3407 credo,
889 3359 1167 3398 assensum
1225 3342 1563 3414 extorquebit
1624 3342 1831 3399 Veteris
1871 3343 2053 3398 Critici

24 3463 27 3466 -
81 3427 147 3482 ad
190 3428 240 3482 h.
277 3430 311 3484 Ι.
352 3434 654 3496 annotatio,
706 3448 841 3503 quae
897 3448 1039 3486 nunc
1093 3447 1255 3487 sensu
1309 3447 1472 3487 vacua
1528 3439 1580 3487 et
1630 3449 1658 3486 a
1707 3430 1850 3485 nulio
1905 3430 2055 3486 intel-

83 3514 217 3570 lecta
257 3517 476 3582 volitat,
513 3520 602 3575 sed
647 3520 790 3574 nuno
831 3521 1041 3591 nogotio
1076 3527 1128 3576 et
1173 3521 1283 3592 ipsa
1320 3520 1533 3575 restitui
1578 3526 1745 3590 potest
1786 3527 1838 3574 ct
1876 3537 2053 3576 veram

85 3612 268 3674 pot-tac
330 3606 603 3663 tectionem
669 3610 970 3665 restituero.
1065 3609 1263 3679 Nempe
1319 3609 1383 3663 ad
1448 3607 1601 3663 verba
1662 3605 1772 3662 εἶτ’
1835 3610 2054 3665 eim-sve&
