2436 4068
1314 236 1419 287 502

385 378 741 438 scholiastes:
791 387 967 439 ’ταῦτα
1010 382 1061 434 δὲ
1120 377 1403 434 νοθεύεσθαί
1447 383 1610 446 φασιν
1666 380 2023 445 ὑποβληθέντα
2078 381 2196 447 πρὸς
2258 403 2348 436 σα-

383 469 602 538 φήνειαν
634 475 730 527 τῶν
766 469 1048 538 εἰρημένων.
1126 466 1350 520 Mirifica
1382 465 1513 519 haec
1553 472 1635 519 est
1668 468 1926 534 σαφήνεια
1946 510 1960 531 ,
2003 485 2139 539 quae
2171 472 2351 525 omnia

385 555 641 627 impedita
689 564 742 612 et
790 556 1004 611 turbida
1056 554 1303 609 reddidit.
1398 553 1596 624 Nempe
1647 553 1855 624 ellipsin
1911 553 2075 622 ὥσπερ
2133 558 2350 624 εἱσορῶσ’

382 644 476 708 ἐμέ
517 644 771 716 explendo
810 645 1055 703 volebant
1098 642 1417 713 σαφηνίζειν.
1500 641 1568 695 Ut
1605 642 1783 695 omnia
1841 640 1985 695 clara
2021 644 2140 699 luce
2180 645 2350 716 splen-

381 729 542 785 deant
603 730 719 786 dele
768 731 901 788 duos
965 732 1202 787 senarios
1253 746 1311 784 re
1366 737 1419 784 et
1469 730 1709 783 oratione
1760 729 2126 799 putidissimos
2184 739 2238 787 et
2285 733 2352 790 de

381 817 636 890 Sophocle
687 821 887 892 optime
935 821 1162 875 meritus
1214 818 1337 873 eris,
1415 817 1599 871 Mirari
1648 816 1836 870 subeat
1888 834 2002 872 esse
2051 820 2351 876 istiusmodi

378 906 696 962 emblemata
734 915 845 963 tam
905 915 1151 973 vetusta,
1214 923 1335 963 nam
1378 906 1567 966 νοθείας
1604 906 1837 975 suspicio
1894 905 1958 959 ab
1995 907 2352 964 Alexandrino

378 993 556 1065 aliquo
598 996 794 1051 Critico
832 1003 978 1052 mota
1011 1004 1123 1061 est,
1161 1003 1214 1051 et
1250 997 1366 1050 eius
1406 994 1484 1048 rei
1522 992 1747 1046 obscura
1786 993 2045 1064 quaedam
2093 999 2351 1051 memoria

378 1097 474 1152 per
512 1082 801 1156 Didymum
858 1092 1067 1140 servata
1116 1084 1181 1139 ad
1223 1100 1318 1137 nos
1372 1081 1721 1153 permanavit.
1803 1082 2114 1138 Poteramus
2169 1092 2346 1139 tamen

375 1168 575 1241 absque
627 1171 717 1225 illo
757 1173 955 1228 auxilio
1003 1172 1193 1227 suisset
1242 1178 1351 1224 tam
1410 1168 1616 1223 foedam
1675 1166 1917 1224 fraudem
1970 1171 2070 1242 ipsi
2112 1173 2347 1231 animad-

377 1264 585 1312 vertere
622 1265 675 1313 et
709 1263 927 1316 sentire.
1008 1260 1225 1315 Duobus
1264 1258 1382 1313 aliis
1435 1257 1564 1311 locis
1599 1255 1738 1327 apud
1781 1256 2089 1329 Sophoclem
2140 1261 2347 1332 antiqui

374 1343 561 1400 Critici
601 1346 770 1403 facem
809 1348 1152 1420 praeferunt,
1203 1347 1270 1402 ad
1321 1362 1482 1417 quam
1523 1345 1698 1399 lucem
1745 1353 1952 1401 veteres
1994 1348 2344 1418 impostorum

373 1431 610 1489 fallacias
668 1434 1066 1508 deprehendere
1121 1444 1175 1491 et
1222 1435 1538 1490 convincere
1587 1433 1874 1506 possimus,
1964 1435 2023 1489 In
2087 1437 2348 1507 Antigone

365 1521 568 1593 legitur
606 1539 683 1578 νε.
727 1528 819 1582 44.

522 1619 672 1665 ΙΣΜ.
752 1611 782 1676 ἦ
820 1612 925 1680 γὰρ
965 1619 1090 1674 νοεῖς
1131 1611 1344 1667 θάπτειν
1381 1612 1477 1678 σφ’
1517 1609 1793 1678 ἀπόρρητον
1834 1610 2020 1673 πόλεις

521 1705 691 1755 ΑΝΤ.
751 1700 837 1756 τὸν
876 1704 1001 1766 γοῦν
1041 1701 1163 1766 ἐμὸν
1202 1700 1288 1753 καὶ
1330 1700 1416 1752 τὸν
1457 1697 1573 1762 σόν,
1613 1698 1670 1762 ἢν
1709 1699 1773 1752 σὺ
1812 1699 1884 1763 μὴ
1926 1698 2100 1767 θέλῃς,

758 1787 1005 1858 ἀδελφόν.
1044 1791 1099 1843 οὐ
1138 1788 1242 1854 γὰρ
1282 1788 1340 1850 δὴ
1380 1786 1609 1854 προδοῦσ’
1643 1787 1930 1851 ἁλώσομαι.

370 1873 726 1930 Scholiastes:
782 1877 1006 1943 Δίδυμος
1047 1877 1099 1932 δέ
1138 1882 1297 1945 φησιν
1341 1875 1436 1928 ὑπὸ
1483 1880 1580 1928 τῶν
1629 1875 2064 1940 §cromnam-:5221
2103 1875 2188 1929 τὸν
2228 1875 2342 1940 ἑξῆς

366 1963 516 2030 ςίχον
559 1962 657 2037 (vS.
696 1968 808 2033 46.)
850 1966 1178 2022 νενοθεῦσθαι.
1256 1963 1573 2018 Rectissime
1616 1961 1704 2016 ille
1751 1961 1917 2026 vidit,
1957 1964 2202 2034 quisquis
2235 1972 2341 2019 est:

360 2049 544 2105 hausit
595 2068 654 2106 ea
695 2053 958 2126 Didymus
1006 2071 1069 2108 ex
1116 2052 1352 2129 antiquis
1395 2049 1916 2114 Alexandrinorum,
1971 2051 2342 2123 Aristophanis

361 2145 416 2192 et
465 2140 801 2206 Aristarchi,
857 2140 1289 2203 coinmentariiS,
1330 2155 1395 2193 ex
1446 2138 1641 2210 quibus
1689 2138 1893 2192 utinam
1945 2137 2099 2210 plura
2152 2157 2339 2212 super-

358 2234 554 2282 essent.

437 2314 583 2382 Quae
622 2332 766 2370 nunc
807 2323 1098 2386 supersunt
1147 2331 1397 2386 magnam
1439 2319 1646 2385 partem
1703 2330 1806 2368 non
1858 2313 2142 2368 admodum
2195 2318 2334 2370 anti-

362 2419 467 2474 qua
507 2415 636 2458 sunt
674 2411 727 2458 et
781 2410 1028 2458 auctores
1079 2402 1276 2457 habent
1329 2403 1529 2473 ingenii
1570 2401 1888 2470 obtusioriS,
1944 2403 2036 2473 qui
2077 2402 2339 2475 quidquid

359 2491 414 2544 in
470 2491 622 2545 libris
673 2498 754 2547 est
806 2499 859 2546 et
908 2491 1134 2563 probant
1184 2498 1236 2546 et
1283 2493 1708 2562 interpretantur
1747 2497 1800 2544 et
1859 2488 2198 2545 admirantur
2259 2492 2333 2564 (in

360 2595 465 2651 quo
500 2596 694 2651 genere
731 2580 806 2634 nil
837 2580 1120 2634 volentibus
1154 2579 1439 2652 arduum),
1485 2595 1582 2633 nec
1622 2584 1814 2632 curant
1847 2576 2003 2631 fidem
2045 2577 2334 2633 lectionum

358 2668 644 2723 aestimare
684 2674 736 2723 et
777 2668 977 2722 nullam
1037 2668 1462 2740 interpolationis
1514 2667 1872 2738 suspicionem
1928 2673 2125 2719 temere
2166 2665 2336 2737 negli‘

357 2771 501 2827 gere.
579 2756 936 2828 Antiquorum
991 2756 1120 2811 haec
1175 2773 1305 2810 cura
1345 2755 1480 2819 suit,
1537 2756 1591 2808 in
1648 2754 1842 2825 quibus
1894 2752 2164 2806 iudicandi
2220 2762 2334 2808 erat

357 2842 593 2898 sollertia
627 2851 680 2898 et
719 2861 843 2899 vera
876 2862 905 2899 a
942 2843 1089 2898 salsis
1129 2843 1440 2898 secernendi
1474 2842 1732 2897 studium.
1812 2842 2026 2911 Insigne
2059 2848 2136 2894 est
2171 2840 2334 2896 huius

356 2931 436 2986 rei
477 2929 857 2987 documentum
906 2933 958 2986 in
1010 2932 1122 2995 loeo
1163 2931 1445 3003 Oedipodis
1484 2930 1694 2985 Colonei
1750 2946 1827 2984 vs,
1870 2932 2181 2983 257-257.
2241 2928 2331 2982 ubi

354 3018 547 3088 viginti
590 3035 776 3074 versus
816 3028 940 3076 sunt
995 3022 1167 3092 spurii
1206 3027 1259 3074 et
1299 3019 1522 3073 insitioii
1547 3061 1559 3082 ,
1604 3017 1735 3071 nihil
1776 3016 2064 3071 reserentes
2103 3016 2330 3087 splendi-

357 3105 485 3160 dum
540 3106 670 3160 illud
719 3108 1068 3179 Sophocleum
1122 3108 1429 3179 eloquium,
1473 3105 1564 3160 sed
1616 3105 1935 3172 χαμαίζηλα
1988 3112 2113 3158 sunt
2153 3106 2330 3159 omnia

355 3202 410 3249 et
447 3202 554 3256 τοῖς
593 3201 838 3262 τυχοῦσιν
878 3197 1087 3262 ὀνόμασι
1142 3203 1396 3266 concepta
1435 3201 1488 3248 et
1539 3193 1898 3247 oeconomiam
1947 3191 2154 3245 fabulae
2203 3210 2326 3246 con-

353 3282 592 3338 turbant.
677 3283 969 3338 Senserunt
1018 3285 1117 3338 hoc
1158 3283 1317 3354 probe
1370 3282 1626 3339 VetereS.
1684 3297 1746 3333 ex
1789 3297 2015 3350 quorum
2059 3297 2326 3334 commen-

352 3371 506 3424 tariis
547 3369 676 3425 haec
724 3373 902 3425 tenuis
943 3374 1020 3426 rei
1065 3374 1255 3426 notitia
1295 3372 1472 3424 nescio
1514 3366 1773 3439 quomodo
1811 3367 1876 3420 ad
1919 3385 2013 3421 nos
2051 3385 2324 3439 permana-

352 3459 462 3512 vit:
521 3459 577 3512 τὸ
635 3466 726 3520 τῆς
767 3460 1065 3524 Ἀντιγόνης
1127 3459 1386 3526 πρόσωπον
1427 3457 1512 3509 καὶ
1547 3458 1635 3508 τοῦ
1696 3460 1847 3522 χοροῦ
1904 3457 1960 3509 τὸ
2015 3456 2322 3524 τετραςιχον

351 3548 665 3602 demuma.
724 3575 794 3587 —-
847 3555 1083 3615 Κρεῑττον
1139 3550 1278 3615 γαρ,
1336 3546 1536 3614 φασίν,
1596 3542 1771 3602 εὐθέως
1838 3545 1907 3610 τῷ
1969 3545 2318 3611 ammonam&

345 3637 638 3706 χρήσασθαι
679 3637 763 3689 τὸν
805 3637 1044 3691 Οἰδίπουν
1084 3638 1200 3701 πρὸς
1244 3635 1446 3693 αὐτούς.
1527 3631 1719 3695 Miror,
1764 3631 2015 3702 inquam,
2061 3631 2317 3701 quomodo
