2436 4068
1034 186 1150 246 247'

109 350 419 418 provatum:
461 339 619 393 cuius
659 338 735 392 rei
777 337 1077 410 exemplum
1120 345 1201 393 est
1241 340 1294 392 in
1336 340 1536 396 Avilms
1573 346 1731 397 1503.

406 427 588 496 οἴμωζε
628 426 1031 502 μεγαλέηοῦτω
1071 429 1168 494 μὲν
1206 429 1656 498 ἐκκεκαλύψομαι.

108 521 199 575 ubi
234 517 388 573 l'acile
421 515 555 570 mihi
592 516 808 571 dabitur
841 516 1213 584 ἐκκαλύψομαι
1254 533 1370 572 εεεε
1404 517 1820 573 restituendum.

178 605 355 661 Redeo
393 605 461 660 ad
504 603 840 666 HeraclidaS,
886 620 1023 674 quae
1062 602 1242 657 fabula
1284 604 1341 657 in
1381 622 1543 676 quam
1595 606 1900 679 depravatis
1939 609 2089 666 codi-

14 710 17 715 ·
101 694 253 751 cibus
312 692 380 747 ad
433 709 530 746 nos
569 693 874 763 pervenerit
923 690 1245 745 documento
1298 699 1381 746 est
1425 710 1500 747 vs,
1538 698 1666 750 490.
1720 696 1813 750 ubi
1859 700 2087 755 κελεύειν

100 781 291 849 μητρός
346 780 549 852 legitur
593 796 688 851 pro
739 779 870 849 Κόρῃ
923 777 1230 846 Δημητρός,
1290 796 1427 850 quae
1466 782 1663 838 eximia
1720 792 1802 840 est
1847 786 2089 843 Piersoni

30 924 36 938 ,
98 869 436 931 emendatio,
476 885 582 940 qua
630 883 787 922 nemo
833 873 1013 922 tamen
1063 868 1268 932 utitur,
1309 869 1435 938 quia
1469 886 1625 924 nemo
1656 875 1912 946 perspicit
1959 893 2088 948 quo-

98 957 255 1014 modo
296 957 388 1012 illa
427 958 698 1028 scriptura
737 971 802 1010 ex
838 954 938 1010 hac
967 955 1117 1010 nasci
1152 957 1409 1026 potuerit.
1490 957 1796 1015 Ridiculum
1846 970 1928 1017 est
1959 981 2088 1020 sane

99 1053 717 1104 ΚΟΡΗΙΔΗΜΗΤΡΟΣ
769 1051 822 1099 et
872 1051 1541 1099 ΚΕΛΕΤΕΙΝΜΗΤΡΟΣ
1599 1047 1743 1102 inter
1777 1066 1832 1104 Se
1869 1068 2087 1124 compa-

98 1150 220 1192 rare
258 1141 313 1190 et
345 1133 542 1189 ductus
596 1133 904 1188 litterarum
959 1131 1197 1204 aliquam
1238 1133 1381 1187 inter
1431 1149 1489 1187 se
1529 1132 1845 1191 affinitatem
1894 1139 2090 1196 habere

92 1221 393 1280 incredulis
434 1237 673 1276 narrare.
753 1221 814 1275 In
859 1221 1083 1292 antiquo
1122 1220 1259 1276 libro
1301 1229 1582 1293 supererat
1620 1231 1665 1277 K
1710 1226 1737 1251 ¹*
1770 1225 1796 1250 ⁴
1834 1228 1856 1251 ⁴
1899 1229 1922 1250 *
1954 1237 2088 1283 MH-

97 1321 323 1368 TPOZ:
378 1317 625 1383 repertus
663 1318 747 1365 est
796 1315 1104 1374 corrector,
1146 1311 1239 1381 qui
1280 1310 1598 1387 vocabulum
1650 1311 1784 1367 bene
1821 1314 2086 1372 Graecum

45 1464 49 1468 ,
97 1401 323 1458 κελεύειν
381 1399 448 1454 de
498 1416 596 1453 suo
650 1397 958 1471 suppleret,
1007 1399 1159 1469 isque
1201 1398 1358 1453 homo
1396 1399 1463 1453 ad
1511 1399 1656 1455 hunc
1705 1401 1846 1457 diem
1903 1421 2089 1460 omnes

94 1489 442 1553 ludificatur,
481 1488 575 1560 qui
616 1487 816 1559 optime
855 1494 1162 1541 monentem
1203 1487 1519 1542 Piersonum
1555 1506 1661 1543 non
1700 1491 1950 1549 audiunt.

171 1576 479 1650 Demophon
526 1593 694 1648 quum
735 1575 960 1630 dixisset
996 1592 1053 1630 se
1090 1576 1291 1630 civium
1342 1593 1565 1632 suorum
1611 1579 1871 1636 invidiam
1923 1581 2086 1636 resor-

100 1666 307 1723 midare
345 1683 422 1720 vS.
464 1668 593 1720 422.
635 1664 767 1719 haec
811 1662 995 1719 addit:

41 1758 45 1763 ’
397 1755 452 1808 οὖ
492 1754 600 1821 γὰρ
643 1753 894 1821 τυραννίδ’
929 1750 1060 1806 ὥστε
1094 1752 1378 1821 βαρβάρων
1413 1753 1539 1822 ἔχω.

399 1844 527 1897 αλλ’
565 1842 624 1905 ἣν
661 1842 841 1896 δίκαια
878 1840 970 1907 δρῶ
1012 1840 1189 1895 δίκαια
1230 1842 1507 1908 πείσομαι,

19 1942 31 1990 ι
98 1930 192 1986 sed
231 1932 285 1984 in
322 1930 407 1985 his
439 1929 786 1984 librariorum
822 1929 953 1983 vitio
999 1929 1193 2000 ineptit
1232 1935 1285 1983 et
1328 1929 1464 1983 nihil
1513 1928 1681 1994 dicit,
1725 1933 1866 2003 quod
1920 1951 2089 1990 unus-

98 2020 328 2091 quisqne
380 2019 564 2072 statim
621 2015 886 2088 intelliget
938 2018 1029 2088 qui
1092 2016 1223 2088 quid
1273 2018 1346 2072 sit
1399 2018 1575 2073 δίκαια
1625 2019 1871 2087 πείσομαι
1926 2024 2089 2094 probe

23 2105 26 2126 ⁸
98 2107 447 2179 perspexerit.
508 2105 646 2173 Quid
683 2112 765 2160 εει
803 2106 945 2159 enim
982 2104 1129 2159 aliud
1159 2122 1323 2176 quam
1352 2107 1467 2160 iure
1495 2109 1607 2161 sive
1640 2109 1822 2163 merito
1857 2111 2087 2181 plectar,

22 2226 28 2266 4
98 2211 206 2266 quo
263 2210 427 2249 sensu
479 2192 726 2247 columba
780 2193 923 2264 apud
983 2193 1286 2249 Phaedrum
1328 2194 1368 2248 I.
1427 2199 1517 2250 51.
1572 2197 1756 2251 merito
1805 2199 2090 2270 plectimur

97 2282 235 2336 dixit
284 2282 454 2336 iustas
502 2298 558 2336 se
597 2297 793 2352 poenas
827 2281 976 2337 luere
1012 2282 1290 2337 confitens·
1371 2282 1583 2338 Urbana
1626 2286 1798 2340 ironia
1840 2286 2089 2344 Socrates

95 2372 150 2424 in
191 2369 425 2424 Platonis
453 2368 670 2442 Apolog.
716 2387 768 2441 p.
791 2372 883 2425 42.
924 2370 1101 2426 δίκαια
1141 2372 1396 2432 πεπονθὼς
1437 2373 1539 2438 ἐγὼ
1574 2372 1757 2440 ἔσομαι
1792 2376 1886 2445 ὑφ’
1918 2378 2088 2443 ὑμῶν,

96 2457 190 2515 sed
226 2459 494 2530 imprimis
527 2459 741 2530 egregie
781 2458 887 2513 huc
931 2457 1060 2514 facit
1101 2458 1453 2531 Theophrasti
1500 2460 1680 2527 locus,
1720 2464 1813 2534 qui
1858 2465 1910 2518 in
1952 2466 2090 2522 Cha-

96 2553 230 2602 ract.
286 2563 401 2619 cap.
439 2546 626 2601 XXVI.
682 2547 893 2618 imperii
947 2547 1218 2620 popularis
1270 2565 1477 2603 osorem
1531 2550 1840 2607 describens
1879 2554 2089 2611 inducit

99 2633 368 2689 hominem
421 2636 496 2692 ita
536 2633 841 2689 dicentem:
895 2638 981 2691 τὸν
1024 2636 1204 2699 Θησέα
1242 2642 1435 2703 πρῶτον
1487 2643 1585 2692 τῶν
1625 2646 1796 2695 κακῶν
1831 2651 1898 2712 τῇ
1937 2644 2088 2702 πόλει

97 2722 370 2790 γεγονέναι
410 2723 590 2778 αἴτιον.
645 2728 823 2778 τοῦτον
859 2724 966 2792 γὰρ
1002 2726 1060 2779 ἐκ
1098 2725 1292 2780 δώδεκα
1332 2726 1529 2780 πόλεων
1573 2730 1965 2796 καταγαγόντα
2001 2736 2088 2790 τὸν

96 2810 253 2878 δῆμον
291 2816 450 2867 λῦσαι
500 2812 591 2873 τὴν
641 2811 941 2877 βασιλείαν.
994 2812 1081 2867 καὶ
1126 2812 1187 2867 31
1200 2833 1359 2868 καια
1408 2816 1686 2870 παθεῖν·
1740 2825 1934 2886 πρῶτον
1980 2823 2088 2891 γὰρ

97 2902 254 2955 αὐτὸν
285 2901 570 2955 ἀπολέσθαι
612 2901 700 2954 ὑπ’
739 2902 944 2966 αὐτῶν,
986 2917 1122 2972 quae
1173 2901 1331 2957 verba
1370 2904 1570 2975 optime
1608 2904 1738 2977 quid
1777 2907 2087 2981 Demophon

94 2986 407 3044 reformidet
454 2987 744 3043 ostendunt
791 2995 844 3044 et
896 2988 1057 3044 simul
1113 2989 1442 3062 patefaciunt
1506 3009 1667 3064 quam
1726 2994 1957 3052 absurda
2016 3000 2088 3054 sit

98 3073 201 3132 loci
251 3076 532 3149 Euripidei
582 3078 871 3149 scriptura.
950 3077 1064 3132 Non
1114 3079 1258 3135 enim
1311 3082 1354 3134 οἱ
1409 3081 1584 3137 δίκαια
1639 3083 1847 3151 δρῶντες
1899 3086 1991 3141 sed
2043 3090 2088 3142 οἱ

96 3165 388 3225 ἀδικοῦντες
436 3164 542 3220 dici
601 3173 826 3238 possunt
873 3165 1048 3221 δίκαια
1088 3165 1349 3236 πάσχειν,
1401 3169 1477 3223 ita
1517 3176 1577 3224 ut
1624 3174 1891 3229 sententia
1930 3175 2084 3247 plane

99 3254 431 3309 contrarium
472 3254 703 3326 postulet
737 3270 900 3327 quam
940 3254 1079 3326 quod
1111 3272 1256 3311 nunc
1305 3255 1554 3322 dicatur,
1602 3275 1817 3332 nempe:

401 3344 527 3396 ἀλλ’
567 3345 720 3410 ἤνπερ
759 3343 917 3398 ἄδικα
957 3345 1047 3412 δρῶ
1087 3344 1264 3399 δίκαια
1305 3346 1569 3412 πείσομαι.

25 3488 26 3492 η
101 3428 240 3500 quod
281 3437 335 3485 et
372 3447 494 3485 vere
533 3430 739 3486 dictum
780 3438 863 3487 est
902 3439 957 3487 et
995 3449 1143 3487 more
1183 3433 1472 3505 Euripideo
1505 3443 1716 3507 argute.

4 3567 9 3571 .
176 3515 289 3572 Non
342 3517 531 3574 leviter
582 3526 664 3574 est
706 3519 840 3576 mihi
880 3521 946 3577 de
1002 3520 1193 3578 mendo
1232 3530 1542 3595 suspectum
1584 3525 1724 3595 quod
1778 3526 1977 3597 legitur
2030 3530 2081 3584 in

15 3639 17 3642 -
103 3604 396 3661 Heraclidis
437 3622 514 3660 vs.
556 3611 680 3663 1556.
