2436 4068
1269 195 1375 246 624

341 337 551 408 Theage
603 355 653 409 p,
698 342 820 393 125.
863 337 922 390 E.
975 338 1026 389 in
1083 336 1290 391 verbis:
1354 338 1563 400 παλαι,
1618 338 1652 392 ὦ
1697 340 1965 408 Σώκρατες
1995 385 2006 407 ,
2067 345 2318 406 σκώπτεις

349 426 456 497 [καὶ
501 426 726 497 παίζεις]
775 425 896 491 πρός
941 446 1043 489 με,
1086 424 1176 478 ubi
1211 424 1472 478 emblema
1519 434 1761 482 tenemus
1796 429 2162 486 manifestum.

417 515 474 567 In
536 517 691 582 §29.
749 511 833 565 ὅτε
891 514 985 576 μὲν
1041 513 1280 572 πλούσιος
1340 512 1408 576 ἧν
1464 515 1656 580 πρῶτον
1704 516 1797 580 μὲν
1853 519 2152 585 ἐφοβούμην
2215 523 2321 574 κτὲ.

340 599 692 655 Restituenda
734 599 1072 670 Xenophonti
1113 617 1324 670 quoque
1365 608 1444 654 est
1487 600 1657 655 forma
1711 604 1887 658 Attica
1938 603 2004 671 ἦ,
2056 625 2214 677 quam
2258 608 2319 660 li-

339 688 504 741 brarii
563 704 626 740 ex
680 688 982 740 Atticorum
1038 689 1257 757 scriptis
1312 705 1476 759 paene
1528 688 2167 747 -sunditus-deleverunt.
2261 694 2320 748 In

341 775 577 829 Platonis
619 775 747 845 Rep.
783 775 822 828 Ι.
867 778 992 828 528.
1037 775 1090 828 C.
1145 777 1187 830 εἰ
1224 777 1320 840 μὲν
1359 776 1463 843 γαρ
1506 778 1607 841 ἐγὼ
1649 777 1723 831 ἔτι
1773 780 1824 832 ἐν
1875 780 2087 846 δυνάμει
2130 779 2185 843 ἧν
2234 787 2322 836 τοῦ

340 863 516 932 ῥαδίως
560 862 857 929 πορεύεο-θαι
900 863 1020 930 πρὸς
1061 864 1118 917 τὸ
1161 861 1263 920 ἄςυ
1310 864 1364 915 in
1406 863 1561 917 libris
1603 867 1819 935 optimis
1855 874 1970 931 est,
2011 868 2100 922 sed
2142 886 2323 923 veram

342 957 396 1004 et
452 951 732 1021 antiquam
785 950 1071 1005 lectionem
1114 950 1145 1015 ἦ
1204 952 1437 1006 servavit
1487 951 1818 1023 Porphyrius
1861 955 1915 1007 in
1971 953 2197 1009 Scholiis
2259 955 2324 1010 ad

341 1036 532 1110 Odyss.
589 1048 652 1092 Θ.
697 1042 820 1093 186.
882 1038 971 1092 ubi
1028 1038 1180 1093 docet
1233 1037 1307 1093 ὅτι
1347 1041 1389 1093 οἱ
1443 1041 1654 1107 οὲρχαῖοι
1713 1041 2155 1109 μονογραμματον
2196 1046 2324 1098 αὐτὸ

341 1126 674 1194 προεφέροντο
732 1126 808 1200 (τὸ
870 1122 958 1200 ἦ),
1018 1125 1110 1180 sed
1166 1126 1287 1181 vide
1357 1127 1485 1198 quid
1541 1128 1942 1198 designaverint
2002 1132 2207 1185 scribae
2267 1132 2322 1185 in

316 1214 592 1283 ‘omnihus
626 1214 881 1285 exemplis
923 1214 988 1267 ab
1030 1231 1090 1268 eo
1127 1214 1322 1267 allatiS.
1405 1215 1698 1270 Levissime
1735 1222 1788 1270 et
1829 1216 1893 1271 de
1935 1218 2101 1272 nihilo
2144 1219 2324 1273 [ictam

341 1318 460 1356 esse
513 1301 806 1355 Hermanni
861 1303 1181 1356 sententiam
1244 1300 1331 1366 »ἦν
1368 1319 1466 1372 pro
1520 1304 1858 1376 imperfecto,
1913 1303 1943 1369 ἦ
1986 1324 2084 1378 pro
2137 1307 2327 1360 aoristo

311 1390 688 1458 'hahendum”
731 1391 817 1442 vix
859 1407 992 1460 opus
1030 1398 1111 1444 est
1157 1391 1352 1445 dicere.
1674 1372 1683 1389 ⁵

432 1477 546 1532 Non
603 1478 784 1530 minus
844 1477 1174 1533 tralaticium
1228 1485 1280 1533 et
1329 1485 1646 1550 perpetuum
1703 1481 1956 1536 mendum
2019 1482 2074 1535 in
2128 1483 2326 1537 vicinia

344 1567 711 1636 conspicitur:
752 1565 1087 1630 ἀποδημῆσαι
1129 1569 1180 1623 δὲ
1228 1566 1522 1632 οὐδαμοῦ
1565 1567 1698 1631 ἐξῆν.
1781 1569 2056 1624 Graeculis
2094 1571 2329 1626 solemne

342 1661 458 1710 erat
500 1660 595 1708 ποῦ
638 1653 816 1707 dicere
853 1671 947 1724 pro
987 1662 1106 1718 ποῖ,
1148 1662 1207 1710 ut
1250 1657 1303 1709 in
1365 1660 1459 1710 ποῦ
1501 1655 1662 1719 bin-513
1707 1674 1838 1727 quos
1892 1660 2122 1730 castigat
2160 1659 2325 1732 Phry·

342 1741 538 1795 nichus
578 1759 631 1813 p.
674 1746 762 1796 43.
814 1742 1014 1797 Eodem
1056 1749 1211 1815 pacto
1248 1745 1546 1797 sexcenties
1585 1764 1682 1798 που
1722 1762 1819 1816 pro
1856 1767 1937 1801 ποι
1980 1754 2032 1801 et
2068 1745 2190 1801 ὅπου
2234 1765 2330 1819 pro

345 1827 455 1884 ὅποι
499 1830 866 1893 substituunt,
906 1837 958 1885 et
990 1829 1172 1885 ἄλλοθι
1217 1848 1311 1902 pro
1348 1832 1546 1885 ἀλλόσε
1591 1833 1801 1903 aliaque
1843 1833 2152 1888 huiusmodi
2189 1851 2329 1889 com-

346 1918 610 1982 mittunt,
652 1934 788 1988 quae
826 1919 1006 1972 omnia
1058 1920 1173 1972 sine
1226 1936 1374 1973 mora
1427 1919 1577 1973 nobis
1618 1921 1684 1974 ad
1727 1927 1933 1975 certum
1973 1939 2128 1975 usum
2177 1922 2329 1977 Vete-
2392 1908 2425 2001 ij}

347 2022 469 2059 rum
515 2006 831 2076 corrigenda
875 2013 1029 2061 sunt:
1073 2007 1126 2059 in
1170 2004 1256 2060 his
1296 2014 1375 2060 est
1419 2009 1638 2073 οὐδαμοῖ
1672 2026 1913 2079 quoque,
1957 2011 2096 2081 quod
2144 2011 2234 2064 isti
2273 2013 2328 2064 in

347 2096 574 2159 οὐδαμοῦ
617 2093 911 2164 depravant
949 2094 1169 2158 sedulo,
1211 2112 1306 2147 nos
1349 2096 1720 2150 revocabimus
1765 2098 2087 2169 ubicumque
2121 2106 2329 2154 senten·

349 2184 426 2236 tia
462 2184 532 2243 εἷς
572 2182 748 2236 οὐδένα
787 2182 941 2236 τόπον
982 2182 1247 2253 requirit,
1289 2191 1349 2236 ut
1388 2184 1438 2236 in
1484 2183 1583 2238 hoe
1628 2184 1994 2255 Xenophontis
2036 2186 2167 2240 loco.
2219 2237 2226 2243 ,

424 2270 641 2324 Ionibus
676 2276 802 2323 sunt
839 2270 1191 2342 relinquenda
1227 2268 1329 2335 ὅθι,
1371 2271 1512 2332 πόθι,
1553 2273 1824 2338 οὐδαμόθι,
1867 2274 2062 2343 quibus
2103 2274 2331 2328 abutun·
2377 2276 2382 2280 ’
2421 2279 2423 2347 ᾖ

347 2362 440 2411 tur
481 2374 884 2428 nonnumquam
932 2359 1234 2412 Atticorum
1293 2359 1398 2412 seri
1443 2359 1774 2424 imitatoreS‚
1812 2360 1976 2414 Attici
2026 2363 2125 2433 ipsi
2176 2380 2327 2416 num-

348 2462 512 2515 quam
567 2447 653 2499 ‘usi
699 2452 842 2500 sunt.
936 2445 1311 2500 Ludificantur
1362 2447 1504 2500 enim
1567 2464 1662 2500 nos
1717 2447 1923 2500 scribae
1978 2449 2031 2501 in
2094 2450 2330 2506 Platonis

351 2533 563 2604 Theage
603 2551 653 2605 p.
695 2537 820 2589 125.
867 2534 931 2590 A.
995 2533 1127 2602 ἔχων
1163 2531 1256 2588 ὅθι
1299 2533 1520 2601 πέμψας
1562 2535 1716 2588 αὐτὸν
1757 2535 2058 2603 δημιουργὸν
2092 2536 2155 2591 ἂν
2197 2540 2329 2594 ἕποι’·

350 2643 481 2683 κσας
519 2630 611 2685 τῆς
641 2623 830 2689 σοφίας
871 2619 926 2687 ἧς
981 2623 1253 2687 ἐπιθυμεῖ,
1296 2622 1385 2675 ubi
1426 2620 1475 2676 οἷ
1509 2623 1874 2694 reponendum
1922 2640 2036 2678 esse
2077 2634 2333 2696 apparet,

353 2717 406 2764 et
459 2710 512 2763 in
564 2710 845 2764 Phaedone
901 2728 952 2781 p.
992 2715 1112 2765 108.
1156 2711 1211 2763 B.
1271 2711 1589 2779 ἀφικομένην
1647 2712 1698 2764 δὲ
1748 2708 1970 2778 δ’θιπερ
2028 2715 2083 2766 αἱ
2123 2713 2330 2782 ἄλλαι,

352 2797 444 2851 ubi
478 2799 590 2868 ipse
637 2797 784 2852 Plato
826 2796 1017 2866 οἷπερ
1067 2800 1123 2852 αἱ
1173 2797 1340 2852 ἄλλαι
1382 2800 1703 2870 scripserat,
1757 2799 1907 2853 scioli
1949 2802 2326 2859 attractionem

351 2903 458 2940 non
515 2887 647 2939 satis
701 2889 975 2958 capientes
1033 2886 1220 2940 turbas
1276 2886 1575 2950 dederunt,
1638 2893 1699 2940 ut
1746 2888 1957 2958 saepius
2006 2888 2059 2941 in
2117 2889 2328 2963 talibus,

353 2974 465 3028 Non
502 2974 848 3029 mediocriter
886 2975 1158 3029 adiuveris
1199 2975 1608 3046 Aristophanem
1666 2975 1719 3027 in
1760 2975 1960 3029 Avibus
2001 2992 2078 3030 vs,
2119 2982 2239 3034 108.
2284 2981 2329 3034 si

353 3079 449 3133 pro
491 3062 688 3116 elumhi
732 3063 974 3117 senario:

659 3151 870 3204 ποδαπὼ
911 3151 968 3204 τὸ
1009 3151 1182 3216 γένοςς
1227 3183 1296 3194 --
1335 3149 1439 3204 ὅθεν
1481 3153 1536 3205 αἱ
1577 3151 1787 3219 τριήρεις
1829 3154 1884 3204 αἱ
1920 3154 2100 3207 καλαί.

350 3239 399 3293 ei
440 3237 662 3292 reddere
703 3237 962 3291 volueris:

658 3326 869 3380 ποδαπὼ
911 3327 981 3386 δ’;
1020 3356 1095 3365 -—
1134 3323 1396 3393 ὅθενπερ
1438 3329 1493 3380 αἱ
1533 3327 1742 3392 τριήρεις
1784 3328 1839 3379 αἱ
1879 3327 2060 3381 καλαί.

432 3416 599 3485 Turpi
641 3431 824 3468 errore
861 3413 1040 3484 lapsus
1079 3419 1158 3466 est
1209 3415 1230 3466 ὁ
1269 3415 1668 3475 Ἀνταττικιςής
1717 3413 1768 3465 in
1819 3415 2045 3468 Bekkeri
2094 3416 2327 3470 Anecdo-
2396 3419 2404 3486 ξ’

358 3504 455 3566 tis,
497 3519 661 3573 quum
706 3518 769 3555 ex
823 3519 935 3572 cap.
970 3501 1059 3554 IV.
1105 3505 1192 3554 51.
1249 3503 1415 3555 οὐκέτι
1458 3502 1508 3555 δὲ
1563 3503 2025 3567 οέπειλούμαι,
2069 3505 2195 3557 ἀλλ’
2235 3505 2324 3567 ἤδη

2403 1125 2430 1413 'gnev-ffl-Qssm
2406 1064 2431 1117 εἴ
2406 1005 2431 1039 a.
2399 911 2433 990 «Π,;(“
2404 834 2416 895 ,⁶7-
2411 799 2414 802 ,
2411 667 2436 767 'wag-A
2402 616 2425 622 A*

2410 1607 2423 1619 '¹
2407 1583 2419 1601 ''‘
2412 1565 2427 1575 s
2404 1421 2433 1559 ’,Ἔτ’-Ψ*

351 3594 550 3652 ἀπειλῶ
586 3589 766 3652 ἄλλοις
809 3589 1111 3660 colligeret,
1147 3591 1467 3656 απειλοῦμαι
1507 3597 1650 3644 recte
1689 3607 1782 3661 pro
1813 3593 2010 3645 ἀπειλῶ
2037 3591 2141 3644 dici
2179 3608 2328 3662 posse
