2436 4068
1334 282 1404 332 86

336 423 663 495 praecedunt
705 423 880 477 locum
924 422 1198 478 Menandri
1240 431 1291 477 et
1331 439 1467 494 quae
1502 429 1805 494 sequuntur
1844 426 2019 478 sanari
2066 441 2166 478 non
2215 439 2330 495 pos-

337 518 499 576 sunt,
541 519 593 565 et
636 512 771 566 levia
821 517 948 564 sunt
1003 527 1140 581 quae
1182 510 1639 583 Wyttenhachius
1680 510 1992 564 hariolatur.
2074 511 2334 567 Emenda-

337 601 412 653 tio
449 599 587 654 felix
635 607 686 653 et
728 605 876 653 certa
932 597 1152 653 Gesneri
1211 601 1267 653 αἱ
1307 605 1405 653 τῶν
1455 597 1746 667 ζωγράφων
1800 615 1896 670 pro
1947 601 2003 653 αἱ
2053 603 2151 654 τῶν
2201 601 2333 668 ζώων

334 688 515 758 φρένες
550 686 755 742 foedam
798 684 1058 739 librorum
1096 686 1456 758 corruptelam
1500 687 1717 758 arguit:
1768 686 1961 741 deinde
1999 703 2094 758 pro
2130 690 2184 742 οὐ
2227 688 2332 756 γὰρ

336 776 450 844 ἔχει
492 775 649 842 κρίσιν
685 774 742 827 τὸ
777 773 1000 839 βλέπειν
1041 774 1157 846 lege
1193 777 1248 829 οὐ
1288 776 1394 842 γὰρ
1427 774 1540 843 ἔχει
1578 774 1734 842 κρίσιν
1775 774 1886 836 ἴσην
1927 776 1984 828 τὸ
2025 775 2244 840 βλέπειν
2280 781 2334 830 et

336 866 391 918 in
433 863 538 916 fine
578 878 670 931 pro
711 861 958 928 εὐςοχίοις
999 863 1074 919 ἐςὶ
1118 867 1289 931 κοοιροῦ
1331 866 1401 932 τῷ
1451 865 1631 918 ποιθεῖν
1673 864 1942 928 ἐμοίπως
1985 862 2330 925 συνάπτοντος

335 953 386 1006 ἐν
439 953 585 1019 ἀκμῇ
640 950 697 1002 τὸ
758 956 917 1003 ποιεῖν
964 949 1198 1019 πεφυκός
1254 949 1480 1005 emenda
1531 950 1751 1018 εὐςοχίοι
1803 950 1878 1007 ἐςὶ
1923 983 1995 991 -
2032 952 2102 1018 τῷ
2151 953 2333 1006 παθεῖν

335 1039 558 1106 ἑτοίμῳ
609 1035 970 1098 συνάπτοντος.
1051 1038 1293 1110 Denique
1335 1037 1462 1093 hinc
1500 1038 1774 1094 emendari
1816 1038 2012 1109 poterit
2055 1038 2332 1093 Menandri

331 1125 632 1181 versiculus
674 1125 728 1178 in
769 1124 950 1179 Floril.
988 1125 1167 1181 CXXI.
1211 1131 1261 1180 5.

634 1215 699 1274 ὡς
742 1214 831 1277 ἡδὺ
873 1215 935 1268 τὸ
972 1214 1062 1282 ζῆν
1100 1216 1143 1269 εἰ
1182 1216 1297 1280 μεθ’
1338 1213 1401 1269 ὧν
1437 1216 1587 1281 κρίνει
1628 1236 1707 1275 τις
1747 1212 1828 1268 ἄν.

332 1302 663 1357 Meinekius:
721 1302 948 1373 »scripsi
997 1303 1132 1371 κρίνῃ
1171 1319 1269 1374 pro
1319 1301 1463 1356 edito
1514 1303 1725 1370 κρίνει.”
1766 1305 1918 1374 quasi
1971 1319 2065 1373 pro
2115 1307 2228 1371 μεθ’
2266 1301 2330 1357 ὧν

331 1390 396 1446 ἄν
427 1412 505 1451 τις
549 1390 683 1459 κρίνῃ
719 1389 798 1443 sic
833 1388 938 1443 dici
973 1397 1185 1461 posset,
1227 1398 1280 1445 et
1315 1389 1445 1461 quid
1479 1397 1559 1445 est
1595 1391 1774 1458 κρίνειν
1811 1391 1864 1443 in
1906 1408 1964 1446 ea
2008 1409 2065 1447 re
2096 1401 2147 1448 et
2189 1393 2329 1465 quod

332 1496 529 1534 novum
570 1493 740 1549 genus
780 1476 1026 1548 ellipseos
1062 1478 1167 1531 erit
1207 1477 1765 1534 comminiscendum?
1821 1479 2005 1551 Nugae
2034 1480 2132 1536 hae
2170 1488 2326 1547 sunt,

332 1566 528 1639 quibus
570 1582 664 1620 nos
710 1563 836 1619 olim
893 1564 1093 1619 sciolus
1134 1564 1462 1621 ludificatur.
1545 1566 1862 1638 Supererat:
1902 1571 1967 1630 ὡς
2008 1570 2098 1633 ἡδὺ
2139 1572 2197 1625 τὸ
2238 1570 2327 1638 ζῆν

336 1656 361 1676 *
402 1655 428 1681 ¹*
463 1654 484 1679 '⁴
505 1697 519 1717 ‚
560 1670 698 1725 quae
732 1652 1028 1708 Graeculus
1060 1653 1343 1724 supplevit.
1424 1654 1630 1710 Bonum
1661 1654 1863 1711 factum
1895 1657 2034 1728 quod
2071 1659 2183 1729 ipsa
2222 1659 2324 1714 Me-

331 1742 522 1799 nandri
565 1741 727 1796 verba
760 1739 978 1796 aliunde
1018 1741 1169 1796 nobis
1205 1743 1592 1801 innotuerunt:

632 1832 697 1891 ὡς
738 1829 828 1893 ἡδὺ
871 1830 929 1883 τὸ
970 1830 1060 1897 ζῆν
1101 1828 1164 1884 ἄν
1205 1851 1285 1891 τις
1324 1832 1388 1892 ὥς
1428 1831 1509 1886 δεῖ
1543 1831 1631 1899 ζῆν
1671 1831 1828 1902 μοὶθη.

329 1936 466 1993 quae
503 1919 700 1972 iterum
739 1917 918 1988 inepte
951 1916 1242 1989 depravata
1282 1925 1408 1973 sunt
1450 1919 1503 1972 in
1543 1919 1731 1974 Gnom.
1773 1919 1995 1975 Monost.
2034 1926 2158 1979 756.

633 2008 697 2067 ὡς
736 2005 856 2068 ἡδὺς
891 2006 914 2059 ὅ
945 2006 1057 2071 βίος
1093 2006 1156 2060 ἄν
1191 2028 1270 2068 τις
1311 2008 1468 2062 αὐτὸν
1501 2009 1575 2073 μη
1614 2007 1771 2078 μάθῃ.

332 2093 655 2153 Insanabilia
691 2093 820 2148 haec
857 2095 1034 2147 omnia
1066 2093 1294 2150 fuissent
1330 2095 1433 2148 nisi
1469 2094 1685 2150 aliunde
1714 2097 1935 2167 antiqua
1966 2097 2123 2153 lectio
2158 2115 2325 2155 emer-

330 2186 490 2240 sisset
529 2189 582 2236 et
622 2180 756 2235 nihil
808 2188 888 2235 est
930 2180 1199 2236 infelicius
1239 2181 1376 2246 illis,
1417 2183 1511 2253 qui
1546 2182 1778 2238 absurda
1818 2186 2081 2240 seriorum
2117 2187 2324 2259 supple-

330 2278 511 2329 menta
561 2275 858 2339 utcumque
904 2269 1250 2340 interpretari
1304 2271 1570 2325 nituntur.
1653 2270 1830 2338 Quum
1882 2273 2107 2328 Babrius
2155 2276 2323 2347 scrip-

329 2361 487 2416 sisset
527 2356 631 2412 fab.
662 2360 763 2419 81,
805 2359 855 2410 8.

632 2444 830 2506 Χοοίτην
867 2446 910 2499 δ’
951 2444 1145 2510 ἔμελλε
1185 2447 1276 2508 τὴν
1315 2446 1442 2512 ἐμὴν
1482 2446 1872 2516 καταισχύνειν.

329 2543 383 2593 et
415 2541 652 2591 extrema
692 2532 1011 2604 periissent,
1051 2534 1231 2605 priora
1262 2534 1352 2588 vix
1393 2542 1711 2606 apparerent
1753 2535 1949 2589 sciolus
1985 2536 2164 2591 dedit:

631 2622 794 2684 κοικην
830 2622 882 2675 δὲ
921 2621 1146 2687 μελέτην
1184 2624 1268 2677 ἐπ’
1307 2623 1401 2688 ἐμὲ
1436 2629 1528 2686 τῆς
1563 2624 1672 2677 ὁδοῦ
1714 2623 1898 2691 τρίβει.

327 2714 353 2768 1
385 2727 530 2765 nunc
564 2715 617 2764 et
652 2708 784 2764 haec
817 2709 1190 2780 interpretare.
1271 2710 1331 2765 In
1369 2709 1620 2783 Aeschyli
1653 2712 2051 2783 Agamemnone
2092 2729 2166 2766 vs,
2193 2717 2318 2769 501.

322 2800 523 2857 editur:

630 2885 825 2955 φρουροὶ
863 2884 1018 2940 πλέον
1050 2887 1270 2940 axionem
1307 2892 1403 2940 τῶν
1443 2887 1727 2954 εἰρημένων.

327 2992 495 3051 quum
535 2990 662 3029 vera
698 2973 857 3028 lectio
895 2974 988 3027 sit:

628 3063 823 3131 φρουροὶ
860 3061 1278 3129 προσοιιθρίζουσοο
1319 3061 1586 3129 πόμπιμον
1621 3063 1836 3133 φλόγοι,

329 3169 490 3226 quam
527 3150 771 3204 sollerter
803 3148 1113 3206 Dindorfius
1146 3166 1211 3204 ex
1245 3149 1512 3223 Hesychio
1552 3152 1695 3205 eruit
1725 3152 1779 3205 in
1811 3151 1975 3223 praes.
2018 3151 2085 3205 ad
2125 3152 2314 3207 Aesch.

325 3259 377 3318 p.
412 3239 526 3295 Vll.
606 3237 668 3291 In
703 3235 978 3307 Euripidis
1018 3236 1215 3292 Helena
1250 3241 1377 3292 469.

349 3324 351 3328 ⁴
629 3328 726 3379 ποῦ
767 3325 878 3386 δῆτ’
918 3323 981 3378 ἂν
1021 3327 1137 3390 εἴης
1180 3325 1387 3393 πότερον
1428 3327 1573 3387 ἐκτὸς
1616 3326 1644 3390 ἢ
1682 3330 1722 3380 ’ν
1763 3327 1967 3391 δόμοιςς

510 3424 567 3469 Β.
624 3415 713 3468 οὐκ
750 3409 899 3466 ἔνδον.

324 3520 430 3560 non
470 3502 602 3557 haec
634 3505 716 3555 est
748 3515 942 3554 manus
980 3507 1197 3571 poetae,
1236 3500 1324 3556 sed

628 3586 770 3649 οὗτος
803 3588 856 3642 δὲ
891 3587 1098 3656 πότερον
1139 3589 1270 3644 ἔνδον
1306 3581 1380 3647 {¹5⁹
1421 3589 1449 3653 ἢ
1483 3587 1719 3652 ’ξ’ὠπιοςς

329 3695 487 3751 quain
513 3677 752 3749 ‘quisque
786 3675 940 3733 facile
976 3693 1039 3732 ex
1080 3677 1449 3750 Aristophanis
1481 3675 1802 3757 Thesmoph.
1838 3680 1963 3733 881.
2008 3679 2312 3752 exscalpere
