2436 4068
1296 197 1364 247 56

645 340 855 408 μάλιςα
891 340 1100 402 τούτους
1144 342 1476 408 καταφανεῖς
1513 344 1683 392 ποιεῖ.

346 429 529 486 eadem
571 446 730 502 opera
764 428 1085 483 sententiam
1119 433 1174 481 et
1213 432 1446 480 metrum
1485 426 1741 480 restitues
1780 426 1827 480 si
1865 429 2234 500 rescripseris:

1175 511 1270 571 ὤςε
1309 515 1427 575 τοὺς
1467 512 1799 582 ἀρνουμένους

645 603 856 670 μάλιςα
892 601 1104 668 μάλιςα
1135 605 1286 659 τοῦτο
1318 606 1650 671 καταφανεῖς
1687 607 1836 656 ποιεῖ.

343 691 580 748 Alexidis
619 691 768 747 locus
812 688 953 762 apud
992 688 1188 746 Athen.
1222 689 1362 745 XIII.
1399 693 1526 744 565.
1570 690 1631 744 A.
1674 689 1883 744 duobus
1928 689 2200 746 vocabulis
2238 707 2331 746 au·

344 778 553 851 gendus
589 796 707 835 esse
746 777 977 834 videtur.
1055 777 1171 832 Non
1211 779 1357 832 enim
1397 776 1636 831 dixerat:

646 866 712 922 ἂν
749 864 1220 932 πιττοκοπούμενόν
1259 867 1354 920 τιν’
1393 867 1422 930 ἢ
1462 863 1762 932 ξυρούμενον

647 961 764 1026 ὁρᾷς
803 955 996 1011 τούτων
1035 953 1149 1023 ἔχει
1184 975 1236 1010 τι
1273 953 1478 1021 θάτερον
1511 954 1621 1008 κτὲ.

342 1041 439 1099 sed
469 1046 611 1114 ὁρᾷς,
649 1044 782 1099 δυοῖν
814 1043 1006 1099 τούτων
1039 1042 1183 1111 ἔχειν
1218 1042 1301 1096 δεῖ
1335 1040 1573 1109 θάτερον;
1616 1044 1671 1094 in
1712 1039 1997 1095 (lodicibus
2027 1049 2246 1097 EXEIN
2281 1049 2336 1100 et

341 1138 586 1188 EXEITI
617 1133 702 1187 vix
733 1130 996 1202 distingui
1039 1137 1262 1203 possunt
1297 1136 1351 1184 et
1377 1129 1577 1201 passim
1605 1135 1659 1184 N
1690 1135 1744 1183 et
1773 1136 1850 1183 T1
1881 1134 2007 1182 sunt
2042 1131 2335 1201 permixta,

340 1219 452 1275 vid.
474 1219 935 1275 PorsoniAdvers.
974 1236 1026 1290 p.
1050 1222 1139 1273 95.
1202 1217 1340 1273 Hinc
1379 1216 1553 1272 obiter
1592 1215 1818 1272 emenda
1851 1216 2043 1290 Lysiae
2066 1217 2334 1289 fragmen·

341 1313 463 1364 tum
500 1312 589 1363 54.
649 1309 692 1363 εἶ
744 1308 841 1375 μὲν
879 1307 1070 1363 δίκαιον
1104 1306 1289 1371 ἔλεγεν
1326 1306 1355 1370 ἢ
1403 1305 1639 1374 μέτριον,
1688 1304 1798 1360 imo
1840 1321 1966 1360 vero
2006 1305 2164 1372 ἔλεγέ
2213 1328 2266 1363 τι
2301 1308 2332 1372 ἢ

343 1395 564 1464 μέτριον.

415 1483 697 1539 Menandri
742 1482 1108 1556 fragmentum
1166 1481 1310 1555 apud
1357 1480 1614 1537 Clement.
1660 1479 1946 1536 Alexandr.
2007 1481 2234 1554 Paedag.
2289 1483 2331 1538 1.

337 1589 390 1645 p.
417 1576 542 1629 104.

646 1661 835 1726 τούμὸν
874 1658 1145 1727 θυγάτριον
1185 1657 1324 1713 πάνυ
1362 1658 1469 1725 γάρ
1509 1658 1586 1715 ε’ςι
1623 1665 1690 1726 τῇ
1729 1658 1888 1727 Φύσει

765 1748 791 1774 *
818 1749 839 1774 ⁴
880 1746 1241 1818 φιλάνθρωπον
1280 1746 1339 1802 τὸ
1366 1744 1634 1814 παιδάριον
1667 1745 1895 1815 σφόδρα.

341 1838 423 1894 sic
472 1836 685 1911 supple:
732 1842 894 1907 πρᾷον
939 1834 1301 1905 Φιλάνθρωπόν
1351 1855 1412 1890 τε
1460 1832 1727 1901 παιδάριον
1774 1833 1996 1903 σφόδρα.
2075 1833 2223 1902 Quae
2260 1836 2334 1925 sjt

340 1926 431 1981 illa
462 1926 692 1997 πρᾳότης
733 1925 789 1979 in
823 1941 884 1979 re
925 1924 1186 1980 amatoria
1218 1923 1351 1978 satis
1390 1922 1737 1993 perspicuum
1775 1928 1858 1976 est
1892 1928 1945 1980 et
1984 1921 2137 1978 lenae
2170 1923 2333 1979 verba

337 2031 454 2071 csse
475 2013 743 2069 videntur.
786 2012 990 2086 Scytha
1008 2011 1340 2080 βαρβαρίζων
1358 2009 1501 2082 apud
1522 2009 1792 2081 Aristoph.
1818 2008 2138 2083 Thesmoph.
2165 2014 2328 2071 1210.

642 2099 678 2156 ὦ
718 2101 909 2171 γρᾴδι’,
946 2103 1011 2162 ὦς
1051 2098 1285 2168 καρίεντό
1314 2119 1390 2153 σοι
1422 2099 1482 2154 τὸ
1514 2098 1796 2166 τυγάτριον

641 2191 728 2244 κού
765 2189 991 2254 δύσκολ’,
1028 2188 1179 2243 άλλᾶ
1222 2193 1371 2262 πρᾷο.

414 2277 476 2331 In
508 2275 777 2331 Stratonis
803 2276 920 2332 loco
956 2276 1099 2348 apud
1127 2274 1322 2332 Athen.
1355 2274 1446 2331 lX.
1486 2277 1613 2330 582.
1646 2273 1707 2329 F.
1741 2272 1933 2329 lacuna
1971 2281 2053 2330 est
2093 2291 2197 2329 non
2232 2274 2331 2330 dif-

339 2363 552 2421 ficulter
580 2382 609 2421 e
643 2365 836 2419 vicinis
867 2362 1181 2436 supplenda.
1259 2361 1435 2418 Codex
1470 2361 1603 2417 haec
1642 2361 1840 2417 habet:

636 2460 788 2519 μῆλα
827 2451 1080 2520 θυσιάζεις
1114 2447 1245 2519 άρα;
1283 2481 1358 2491 -
1394 2449 1478 2516 μὰ
1512 2451 1596 2506 Δί’
1627 2451 1729 2516 ἐγὼ
1761 2451 1858 2515 μὲν
1897 2448 1987 2514 οὔ,

638 2540 893 2609 οὐδέτερον
928 2543 1120 2604 αὐτῶν,
1159 2538 1442 2607 προβάτιον
1481 2539 1544 2593 δ’.
1584 2570 1661 2580 -
1698 2540 1909 2603 οὐκοῦν,
1947 2537 2052 2608 ἔφη
2079 2580 2092 2602 ,

639 2630 712 2683 τὰ.
751 2637 904 2696 μῆλα
942 2628 1170 2697 πρόβατ’
1210 2630 1265 2682 οὐ
1302 2625 1543 2692 μανθάνω

637 2716 830 2772 τούτων
865 2717 1007 2773 οὐδὲν
1042 2717 1152 2772 οὐδὲ
1187 2715 1478 2782 βούλομαι.

336 2803 601 2878 Equidem
635 2805 714 2860 sic
753 2804 1004 2876 legerim:
1207 2861 1220 2870 ,
1588 2800 1801 2864 οὔκουν,
1843 2801 1980 2871 ἔφη,

486 2893 559 2948 τά
597 2901 749 2959 μῆλα
788 2893 1065 2962 πρόβατα;
1106 2927 1177 2939 --
1216 2900 1369 2959 μῆλα
1403 2890 1663 2959 πρόβατ’;
1705 2892 1760 2946 οὐ
1793 2889 2036 2957 μανθάνω

488 2980 660 3047 ἔγωγε
700 2981 892 3037 τούτων
926 2983 1063 3038 οὐδὲν
1094 2982 1204 3037 οὐδὲ
1236 2981 1530 3048 βούλομαι.

335 3074 390 3125 et
422 3076 542 3142 post
580 3086 779 3140 pauca:
1619 3064 1715 3126 ὥςε
1752 3087 1822 3132 με

552 3201 558 3207 .
636 3163 735 3212 τῶν
767 3164 858 3213 τοῦ
893 3162 1100 3222 Φιλητᾶς
1137 3155 1491 3222 λαμβάνοντα
1526 3156 1754 3221 βιβλίων

638 3252 847 3301 σκοπεῖν
883 3245 1052 3303 ἕκαςα
1083 3247 1139 3300 σι’
1169 3246 1387 3302 δύναται
1421 3250 1519 3299 τῶν
1559 3242 1826 3313 ῥημάτων.

338 3334 703 3390 necessarium
738 3341 847 3398 est,
889 3335 933 3387 si
975 3333 1105 3404 quid
1140 3333 1292 3388 video
1313 3374 1327 3394 ,
1365 3330 1549 3390 ἔκαε-ον
1584 3330 1898 3389 rescribere.

412 3421 705 3477 Infeliciter
757 3421 1045 3476 admodum
1094 3421 1284 3476 lacuna
1336 3419 1579 3491 suppleta
1630 3426 1712 3475 est
1769 3419 1822 3471 in
1871 3417 1985 3473 loco
2030 3418 2319 3475 Nicostrati

334 3509 525 3566 Athen.
568 3511 660 3565 111.
707 3514 830 3565 118.
872 3510 932 3565 Ε.

631 3600 758 3653 ἀλλ’
796 3597 1053 3667 ἐπριάμην
1094 3602 1215 3665 παρ’
1252 3596 1425 3664 άνδρὸς
1449 3636 1462 3658 ,
1503 3592 1538 3649 ὦ
1574 3601 1645 3658 γῆ
1687 3595 1772 3649 καὶ
1816 3596 1944 3657 θεοί,
