2436 4068
1066 270 1136 321 99

166 416 442 476 Menandri
481 404 877 479 testimonium,
918 430 1025 486 quo
1061 413 1239 468 utitur
1279 411 1575 469 Scholiasta
1611 411 1874 484 Apollonii
1912 414 2081 470 Rhod.

93 511 159 566 11.
200 511 335 571 121,
382 505 597 577 egregie
646 503 778 558 facit
820 502 887 557 ad
927 501 1294 573 Xenophontis
1344 501 1523 557 locum
1574 501 1744 556 veteri
1783 500 1978 557 mendo
2018 501 2085 555 li-

91 594 417 653 berandum:
455 594 514 648 τὸ
549 593 729 658 ὁμοῦ,
770 590 975 662 inquit,
1018 589 1106 643 καὶ
1129 589 1214 643 ἐπὶ
1249 594 1340 646 τοῦ
1374 589 1589 656 ἐγγύς
1623 591 1667 644 οἱ
1701 591 1958 652 Ἀθηναῖοι
1979 591 2084 645 εἶώ·

93 687 207 740 Omen
243 683 484 751 χρῆσθαι.
561 679 885 747 Μένανδρος·
1687 664 1692 669 ’

394 770 519 835 ὁμοῦ
557 769 611 822 δὲ
650 768 721 835 τῷ
755 766 948 832 τίκτειν
988 763 1288 831 παρεγένεθ’
1326 768 1356 829 ἧ
1396 765 1532 835 κόρη.

90 857 273 916 eodem
313 872 477 911 sensu
511 852 802 910 Menander
849 851 1061 907 dixerat
1091 851 1197 908 ἔςιν
1236 853 1280 917 δ’
1320 854 1446 919 ὄμοῦ
1481 855 1540 909 τὸ
1578 859 1768 921 χρῆμα
1807 854 1865 908 in
1906 852 2081 909 Schol.

90 944 359 1017 Aristoph.
404 942 620 998 Thesm.
667 944 777 996 572
818 946 872 996 et
912 938 1059 1012 apud
1097 939 1412 1012 Harpocrat.
1455 959 1503 995 v.
1544 943 1688 1007 ὁμοῦ.
1767 942 2085 1010 Μένανδρος.

92 1037 183 1100 ἤδη
226 1033 333 1102 γάρ
379 1028 470 1089 ε’ςι
501 1032 573 1099 τῷ
619 1030 815 1085 τίκτειν
861 1030 1015 1095 ὁμοῦ,
1067 1026 1160 1083 uhi
1201 1027 1426 1099 legerim
1466 1030 1557 1093 ἤδη
1598 1028 1704 1096 γάρ
1741 1031 1848 1087 ἒςιν
1890 1030 1975 1095 ἥδε
2014 1032 2087 1098 τῷ

91 1126 283 1180 τίκτειν
319 1122 471 1187 §min
510 1126 571 1174 ut
601 1117 868 1173 Numnam
896 1117 1021 1179 illa,
1065 1133 1279 1188 quaeso,
1315 1116 1583 1190 parturit?
1625 1117 1680 1170 in
1711 1116 1967 1189 Adelphis
1995 1117 2088 1172 ΙΙΙ.

94 1218 149 1269 4.
183 1214 272 1267 42.
325 1209 463 1264 Hinc
503 1208 700 1262 sumsit
739 1207 890 1261 Dion.
934 1203 1103 1259 Halic.
1142 1203 1181 1258 Ι.
1224 1209 1312 1259 78.
1353 1204 1442 1259 καὶ
1476 1204 1583 1272 γὰρ
1615 1205 1739 1271 ὁμοῦ
1781 1226 1830 1259 τι
1872 1207 1943 1273 τῷ
1984 1207 2092 1260 τίκ-

92 1321 198 1358 τειν
231 1300 325 1361 τὴν
364 1297 510 1364 κόρην
545 1292 692 1350 εἶναι.
772 1292 941 1349 Multa
979 1291 1045 1347 de
1082 1293 1208 1358 ὁμοῦ
1259 1293 1530 1365 congessit
1581 1291 1772 1347 doctus
1823 1293 2092 1364 interpres

92 1387 327 1444 Platonis
359 1384 428 1440 ad
461 1383 731 1439 Phaedon.
754 1400 804 1455 p.
830 1385 919 1438 72.
980 1381 1054 1445 A,
1085 1387 1140 1436 et
1173 1380 1332 1436 multi
1369 1380 1462 1435 alii
1495 1380 1848 1436 Grammatici
1882 1386 2091 1435 veteres

91 1476 157 1533 de
194 1475 381 1532 eadem
420 1489 479 1528 re
518 1476 878 1535 annotarunt,
918 1485 1104 1524 omnes
1151 1475 1335 1524 tamen
1383 1468 1598 1524 exiliter
1636 1475 1691 1524 et
1743 1484 1902 1523 nemo
1958 1468 2090 1522 satis

93 1563 379 1636 diligenter
417 1561 720 1633 composuit
752 1558 962 1622 omnia,
1002 1574 1141 1630 quae
1180 1557 1324 1612 inter
1356 1573 1413 1612 se
1449 1563 1572 1630 apta
1607 1563 1661 1612 et
1696 1573 1833 1612 nexa
1874 1562 2002 1610 sunt
2037 1561 2090 1610 et
2147 1612 2149 1615 ,

67 1654 172 1709 ·sic
202 1652 405 1724 optime
445 1648 828 1719 intelliguntur
861 1646 909 1700 si
943 1662 1005 1701 ea
1039 1646 1288 1718 cognatio
1328 1652 1565 1718 apparet.
1647 1646 1850 1704 Docent
1882 1650 2091 1699 veteres

4 1769 14 1777 ·
93 1739 340 1812 magistri
373 1739 499 1805 ὁμοῦ
533 1737 659 1809 poni
695 1751 792 1808 pro
830 1735 1032 1801 ἐγγύς,
1075 1750 1173 1806 pro
1207 1735 1259 1787 ἐν
1297 1736 1501 1803 ταύτῷ,
1546 1751 1662 1790 esse
1693 1732 1957 1802 χρονικόν,
1998 1731 2088 1787 ha-

90 1828 217 1884 here
253 1828 469 1894 δύναμιν
500 1824 846 1887 συλλεκτικήν
876 1829 937 1878 εῖν
963 1828 1241 1895 apponunt
1274 1821 1343 1876 ad
1383 1821 1597 1893 singula
1630 1821 1773 1876 locos
1811 1821 2086 1876 Veterum.

89 1915 292 1974 Deinde
324 1915 481 1982 ὁμόσε
516 1931 622 1986 quo
649 1927 813 1967 sensu
846 1910 1061 1965 dicatur
1101 1909 1295 1965 docent
1332 1909 1450 1975 alii,
1490 1909 1582 1965 alii
1617 1909 1747 1982 quid
1782 1911 1853 1964 sit
1888 1910 2085 1976 ὁμόθεν.

88 2006 354 2077 Coniungi
391 2003 524 2059 haec
562 2001 739 2055 omnia
781 1998 976 2055 debent
1016 2004 1070 2054 et
1116 1998 1364 2070 componi
1405 2004 1466 2053 ut
1507 2015 1638 2053 usus
1678 2003 1731 2053 et
1772 1999 1909 2052 ratio
1949 1999 2086 2053 anti-

88 2110 226 2166 quae
258 2092 475 2164 linguae
514 2094 768 2145 accurate
806 2088 1056 2159 cognosci
1092 2088 1275 2159 possit.
1358 2085 1520 2158 Origo
1550 2087 1794 2141 omnium
1832 2093 1914 2141 est
1950 2087 2085 2158 pris-

87 2197 214 2236 cum
260 2179 413 2246 όμός,
453 2177 649 2250 quodo‘
690 2174 848 2236 αὐτός
889 2174 1253 2246 significabat,
1294 2181 1354 2230 ut
1395 2174 1522 2228 olim
1563 2174 1698 2242 οὶμός
1742 2174 2083 2246 significabat
2125 2228 2131 2230 ,

86 2266 190 2335 εἷς,
230 2267 372 2323 unde
404 2263 478 2328 εἷς
507 2266 574 2332 γε’
606 2285 686 2326 τις
721 2262 880 2318 habet
918 2262 1234 2326 adverbium
1272 2263 1631 2330 ἁμωσγέπως,
1667 2262 1721 2317 id
1758 2271 1840 2318 est
1880 2263 1938 2327 ἐξ
1977 2263 2082 2325 ἑνός

87 2358 154 2425 γέ
190 2377 281 2414 του
319 2355 507 2423 τρόπον
546 2359 642 2408 aut
687 2352 761 2407 ἐνί
798 2351 866 2418 γε’
906 2373 979 2421 τῳ
1017 2351 1213 2421 τρόπῳ,
1264 2367 1402 2423 quae
1442 2357 1496 2405 et
1538 2351 1652 2423 ipsa
1694 2352 1750 2405 in
1793 2368 1896 2406 usu
1936 2359 2082 2406 sunt.

88 2445 253 2513 ὀμός
300 2443 459 2517 prob
510 2441 669 2503 αὐτός
721 2457 879 2513 saepe
925 2439 1127 2512 legitur
1179 2439 1322 2512 apud
1376 2439 1696 2494 Homerum:
1752 2441 1873 2506 ὁμὸς
1923 2439 2085 2509 θρόος,

90 2535 187 2601 δμῆ
218 2530 373 2597 αἶσα,
412 2533 512 2599 ὁμὴ
540 2531 695 2597 τιμή,
735 2530 835 2596 5μῆ
870 2527 977 2591 ὁδός
989 2569 1004 2593 ,
1043 2528 1167 2586 όςέα
1202 2530 1314 2582 νῶϊν
1349 2529 1450 2594 ὁμὴ
1478 2528 1616 2595 σορὸς
1645 2529 2084 2598 ἀμφικαλύπτοι,

89 2621 199 2679 lovi
244 2627 299 2676 et
346 2619 593 2692 Neptuno
643 2624 760 2673 erat
806 2618 928 2684 όμὸν
977 2617 1123 2683 γένος
1177 2616 1328 2671 Iliad.
1370 2616 1431 2671 N.
1478 2620 1603 2672 554.
1648 2616 1702 2670 id
1755 2623 1837 2672 est
1889 2620 2085 2690 fratres

89 2718 263 2775 οναιιι,
300 2709 452 2764 ἄλλα
486 2708 615 2769 Ζεὺς
650 2705 886 2775 πρότερος
919 2704 1147 2771 γεγόνει.
1207 2706 1343 2760 Hinc
1378 2704 1574 2760 fratres
1613 2704 1932 2760 dicebantur
1965 2706 2084 2771 ὃμό·

89 2799 168 2855 θεν
202 2798 502 2865 γεγονέναι,
540 2795 717 2862 ὁμόθεν
757 2792 912 2859 εἶναι,
954 2793 1096 2866 quod
1143 2793 1299 2866 plane
1348 2793 1490 2849 idem
1541 2800 1622 2848 est
1677 2799 1838 2865 atque
1887 2794 1944 2848 ἐκ
1983 2799 2081 2849 τῶν

91 2888 256 2943 αὐτῶν
297 2885 600 2952 γεγονέναι,
637 2888 691 2938 et
724 2882 943 2936 omnino
977 2882 1151 2948 ὁμόθεν
1193 2881 1329 2936 nihil
1362 2881 1509 2936 aliud
1544 2887 1625 2936 est
1664 2898 1825 2953 quam
1861 2883 1919 2937 ἐκ
1954 2885 2081 2938 ταύ-

89 2978 179 3031 τοῦ
217 2976 329 3030 sive
366 2974 545 3040 γένους
586 2972 698 3027 sive
731 2971 918 3026 τόπονε
961 2969 1146 3024 eodem
1190 2969 1345 3024 modo
1384 2970 1540 3036 ὁμόσε
1578 2970 1776 3042 ubique
1812 2971 2082 3043 significat

89 3063 161 3125 ek
192 3063 382 3119 ταύτόν
422 3068 477 3117 et
513 3060 668 3127 ὁμόσε
698 3065 913 3128 χωρεῖν,
952 3058 1109 3123 ἰέναι,
1150 3047 1414 3126 βαδίζειν,
1454 3059 1785 3127 πορεύεο-θαι,
1826 3061 1955 3124 θεῖν,
1987 3060 2082 3129 φέ-

88 3153 282 3222 ρεσθαι,
325 3151 582 3213 ἐλαύνειν,
623 3139 752 3212 alia,
794 3147 1131 3219 significant,
1172 3149 1243 3208 εἰς
1279 3148 1364 3202 τὸν
1400 3149 1555 3203 αὐτὸν
1591 3148 1745 3203 τόπον
1780 3149 1876 3203 τινὶ
1919 3149 2081 3203 ἐλθεῖν

90 3244 145 3295 et
175 3239 252 3294 sic
285 3255 612 3301 concurrere,
652 3235 922 3308 eonqredi,
962 3235 1268 3308 confliqere,
1309 3254 1496 3291 manus
1530 3255 1822 3300 conserere,
1863 3235 2077 3291 similia.

92 3324 276 3399 Itaque
325 3325 454 3399 quid
508 3326 585 3379 sit
627 3326 751 3390 ὁμοῦ
802 3330 1049 3396 apertum
1105 3332 1215 3388 est,
1269 3342 1460 3398 nempe
1509 3327 1559 3379 ἐν
1606 3327 1809 3392 ταύτῷ,
1857 3331 1914 3378 ut
1954 3325 2079 3388 ὁμοῦ

93 3414 400 3483 διατρίβειν,
440 3415 564 3479 ὁμοῦ
614 3410 773 3476 εἶναι,
815 3413 940 3478 ὁμοῦ
987 3412 1291 3478 γίγνεσθαι,
1336 3430 1472 3485 quae
1511 3431 1613 3467 non
1652 3412 1956 3483 significare
1990 3411 2081 3474 ἐγ-

92 3503 189 3567 γύς
229 3501 519 3558 ostendunt
559 3500 658 3555 loci
673 3543 687 3565 ,
728 3499 902 3571 qualis
943 3507 1023 3555 est
1073 3501 1236 3556 Arist.
1289 3501 1609 3572 Thesmoph.
1654 3505 1784 3554 570:
1834 3499 1963 3562 γυνή
1999 3518 2078 3558 τις

94 3592 211 3656 ἡμῖν
258 3589 267 3666 Ι
313 3592 701 3645 Ἐσπουδαῖιυῖα
742 3591 1040 3660 προςρέχει,
1083 3591 1196 3657 πρὶν
1231 3588 1311 3645 οὖν
1345 3591 1468 3654 ὁμοῦ
1511 3589 1746 3654 γενέσθαι
1792 3586 1802 3659 Ι
1849 3588 2077 3649 Σιγοῖτει

93 3685 171 3734 est
212 3680 354 3734 enirn
406 3681 530 3743 ὁμοῦ
583 3679 821 3744 γενέσθαι
869 3680 970 3734 τινί
1012 3679 1063 3733 in
1109 3695 1232 3733 eum
1275 3677 1481 3741 locuni,
1524 3676 1612 3730 ubi
1655 3675 1776 3744 quis
1812 3680 1927 3740 est,
1965 3690 2085 3745 per·

1691 3769 1710 3797 s)
1738 3764 1750 3779 ·
