2436 4068
1072 217 1136 266 91

138 345 492 436 'pervulgato
544 359 929 416 Graeculorum
982 376 1163 415 errore
1215 359 1416 430 legitur
1474 359 1528 413 in
1583 359 1859 416 Menandri
1916 364 2091 420 verbis

101 449 240 521 apud
282 448 426 503 Stob.
473 449 526 501 in
569 447 748 502 Floril.
781 449 890 503 XV.
936 454 986 503 5.

403 534 466 589 ἂν
503 537 598 601 μὲν
634 536 875 601 πλέωμεν
911 538 1104 602 ἡμερῶν
1145 557 1241 591 που
1279 533 1539 604 τεττάρων

401 623 734 689 σκεπτόμεθα
774 626 1061 688 τάναγκαῖ’
1102 624 1292 687 {mk-5²14·
1334 624 1526 692 ἡμέρας
1550 666 1564 688 ,

104 710 196 779 qui
238 710 527 764 credebant
562 730 659 765 που
702 727 799 781 pro
841 731 958 773 ποι,
1002 717 1064 765 ut
1103 709 1226 766 ὅπου
1267 729 1363 783 pro
1395 709 1536 776 ὅποι,
1577 711 1777 782 optime
1809 711 2002 768 hahere
2043 722 2097 769 et

101 798 300 868 passim
356 799 514 852 istam
574 796 824 868 loquendi
879 797 1179 853 socordiam
1234 799 1288 852 in
1331 806 1572 854 veterum
1629 799 1832 871 scripta
1884 801 2094 856 invexe-

98 891 243 939 runt.
323 885 488 940 Recte
520 883 799 939 admonuit
841 885 1184 960 Phrynichus
1225 889 1384 956 p.45.
1424 886 1548 941 Loh.
1584 891 1681 941 ποῦ
1723 886 1882 953 ἄπεις
1925 889 2095 956 οὲμάρ·

95 994 261 1038 max.
301 973 397 1027 sed
438 990 595 1028 nemo
631 972 902 1028 audiebat.
970 973 1109 1028 Hinc
1148 972 1339 1026 vitiata
1379 980 1460 1027 est
1513 974 1879 1045 Xenophontis
1922 978 2093 1031 oratio

96 1061 150 1113 in
191 1060 482 1134 Cyropaed.
514 1059 600 1114 Vl.
631 1066 677 1114 1.
710 1064 801 1116 42.
842 1062 1102 1127 ἐμβαλεῖν
1146 1081 1242 1116 που
1277 1068 1370 1129 τῆς
1411 1060 1610 1115 ἐκείνων
1643 1064 1818 1129 χώρας
1851 1080 1946 1134 pro
1980 1086 2092 1129 ποι,

95 1147 237 1202 unde
279 1149 332 1201 in
374 1148 576 1204 Hellen.
610 1148 690 1212 V,
738 1154 792 1212 l,
836 1152 886 1203 2.
927 1149 1046 1220 lege
1084 1154 1183 1203 τῶν
1224 1150 1388 1213 νήσων
1427 1168 1510 1203 ποι
1548 1165 1644 1220 pro
1677 1149 1761 1204 ἐπὶ
1798 1156 1896 1205 τῶν
1931 1154 2091 1215 νήσων

90 1255 191 1290 ποι.
274 1235 536 1291 Similiter
577 1236 631 1290 in
673 1237 905 1292 Anabasi
939 1236 1039 1301 VI,
1081 1241 1142 1300 5,
1184 1238 1272 1291 25.
1315 1235 1526 1305 ἔφασαν
1574 1235 1845 1305 οἴχεσθαι,
1885 1235 2009 1293 ὅπου
2046 1242 2090 1293 δ’

89 1326 177 1378 οὐκ
213 1323 395 1378 εἰδέναι
432 1341 527 1395 pro
566 1322 676 1378 ὅποι
700 1366 714 1389 ,
757 1332 809 1380 et
852 1326 906 1379 in
947 1325 1236 1380 Hellenicis
1265 1323 1350 1387 II,
1393 1327 1458 1389 4,
1503 1328 1590 1379 15.
1639 1329 1725 1379 νῦν
1780 1328 2089 1394 παραγεγέ-

89 1432 261 1472 νηνται
302 1408 361 1465 οὗ
397 1414 546 1478 ἡμεῖς
586 1412 668 1467 de>
711 1412 984 1481 ηὐχόμεθα
1024 1430 1122 1486 pro
1160 1409 1240 1476 οἷ,
1281 1419 1335 1467 et
1376 1412 1431 1466 in
1471 1412 1908 1469 Memorabilibus
1939 1415 1992 1479 I,
2029 1419 2088 1478 6,

89 1502 140 1553 6.
179 1498 465 1567 βαδίζοντα
503 1500 628 1555 ὅπου
667 1500 731 1555 ἂν
778 1502 1054 1568 βούλωμαι
1103 1517 1201 1574 pro
1239 1497 1388 1563 ὅποι,
1441 1499 1583 1571 quod
1632 1517 1738 1556 non
1781 1505 1964 1557 minus
2004 1511 2088 1558 est

86 1586 340 1640 vitiosum
377 1604 440 1642 ac
480 1588 527 1642 si
566 1590 689 1661 quis
723 1590 913 1644 Latine
950 1589 1111 1645 vellet
1150 1588 1358 1644 dicere:
1402 1588 1714 1662 Crepusculo
1752 1590 1952 1644 solutus
1992 1591 2086 1647 ubi
2148 1614 2150 1616 >

87 1674 255 1727 visum
297 1683 372 1728 est
411 1693 600 1747 ocyor,
636 1685 695 1733 et
735 1679 934 1750 passim
973 1676 1116 1733 idem
1151 1677 1348 1732 vitium
1387 1677 1641 1731 recurrit.
1696 1679 1767 1733 At
1806 1677 1941 1737 nihil
1979 1679 2084 1735 Me-

85 1761 290 1816 nandro
344 1763 581 1835 proderit
634 1766 681 1820 si
733 1787 816 1821 ποι
871 1766 1213 1838 reposueris,
1268 1772 1323 1820 et
1382 1766 1576 1833 ἡμερῶν
1628 1765 1890 1834 τεττάρων
1943 1767 2084 1824 male

82 1866 402 1923 suspensum
445 1870 551 1925 quo
589 1852 858 1909 reseratur
897 1852 1033 1908 nihil
1074 1853 1305 1908 habebit.
1385 1854 1637 1924 Corrige:

383 1939 446 1995 ἂν
486 1942 581 2007 μὲν
614 1943 856 2008 πλέωμεν
898 1944 1091 2008 ἡμερῶν
1131 1946 1326 1996 πλοῦν
1366 1940 1644 2009 τεττάρων.

80 2016 279 2088 ΠΛΟῨ
322 2033 530 2104 peperit
559 2034 782 2098 vitium,
819 2041 873 2089 et
910 2032 1210 2089 sexcenties
1249 2031 1491 2089 litterula
1527 2036 1652 2089 usic
1691 2036 1887 2108 periit:
1928 2035 2076 2092 dein-

77 2119 142 2174 de
181 2129 455 2176 corrector
481 2142 579 2176 που
611 2121 788 2186 dedit,
822 2121 1131 2176 vocabulum
1172 2120 1297 2174 bene
1353 2120 1624 2177 Graecum.
1707 2124 1880 2192 Quam
1929 2133 2076 2181 recte

77 2207 292 2262 dicatur
330 2214 484 2263 πλεῖν
523 2209 716 2277 ἡμέρων
750 2209 1010 2277 τεττάρων
1050 2212 1214 2264 πλοῦν
1249 2209 1520 2265 neminem
1561 2227 1679 2267 esse
1713 2212 1948 2268 arbitror
1981 2215 2076 2286 qui

77 2297 298 2352 nesciat.
1330 2360 1332 2362 ‚

149 2384 447 2455 Attigimus
485 2386 593 2441 iam
630 2385 758 2441 alibi
793 2385 1073 2441 Menandri
1114 2385 1275 2442 verba
1309 2384 1452 2459 apud
1487 2384 1680 2442 Athen.
1713 2386 1800 2442 VI.
1844 2391 1972 2444 270.
2009 2389 2068 2444 D.

70 2473 114 2527 εἶ
154 2473 207 2527 δὲ
239 2473 544 2542 λουσάμενοι
582 2474 806 2542 λογάρια
841 2476 1144 2542 δειπνοῦμεν

29 2556 37 2563 ’
371 2564 562 2630 μικρὰς
601 2564 776 2629 τίθημι
814 2563 1093 2630 συμβολὰς
1134 2563 1464 2631 ἀκροώμενος.

69 2650 211 2704 κατα
250 2651 336 2705 τὸν
376 2652 699 2720 Μένανδρον,
754 2658 808 2706 et
847 2651 1182 2706 ostendimus
1220 2667 1286 2706 ex
1340 2650 1554 2706 Polluce
1584 2650 1673 2706 VI.
1715 2655 1804 2707 12.
1857 2654 2068 2723 μακράς

67 2738 238 2804 τίθημι
290 2741 399 2794 κτὲ.
454 2756 572 2794 esse
618 2738 1032 2794 emendandum.
1123 2739 1379 2794 Recurrit
1429 2738 1616 2794 eadem
1675 2739 1874 2795 locutio
1925 2743 2069 2814 apud

69 2822 378 2881 Hacbonem
418 2827 612 2882 Athen.
645 2827 789 2883 x111.
821 2831 949 2883 580.
983 2828 1049 2883 D.
1082 2827 1292 2895 μακράς
1327 2827 1380 2882 δὲ
1416 2826 1663 2896 πράττειν
1696 2828 1769 2891 εἰς
1801 2829 1874 2883 τοὶ
1905 2830 2068 2885 λοιποὶ

68 2914 364 2980 συμβολάς.

142 3001 316 3057 Foeda
357 3003 662 3075 corruptela
696 3002 976 3060 abscondit
1018 3003 1344 3059 sententiam
1385 3001 1664 3059 Menandri
1705 3005 1761 3059 in
1798 3003 1884 3060 his
1923 3005 2065 3079 apud

68 3086 210 3145 Stob.
251 3090 431 3146 Floril.
469 3091 558 3146 lv,
603 3094 691 3146 29.

364 3181 498 3235 ἐπαν
539 3181 590 3233 ἐν
628 3181 847 3245 άγαθοῖς
886 3179 1207 3246 εὐνοούμενός
1247 3201 1326 3241 τις
1362 3179 1425 3234 ὤν

367 3268 494 3337 ζητῇ
534 3289 584 3323 τι
624 3275 851 3336 κρεῖττον
886 3267 949 3324 ὧν
990 3268 1103 3337 ἔχει
1141 3268 1289 3336 ζητεῖ
1319 3267 1482 3323 κακά.

68 3355 223 3409 nauci
264 3372 368 3410 non
410 3363 491 3411 est
523 3357 842 3423 εὐνοούμενος
879 3363 934 3412 et
973 3373 1040 3411 ne
1074 3355 1339 3412 Graecum
1382 3355 1618 3428 quidem.
1700 3355 2055 3412 Scribendum

67 3457 256 3498 censeo
294 3446 345 3498 ἐν
386 3447 603 3510 άγαθοῖς
643 3446 1064 3512 ὁμολογουμένοις
1108 3466 1187 3506 τις
1227 3446 1319 3510 ὤν,
1373 3443 1828 3515 quemadmodum
1875 3445 2054 3499 Timo-

66 3528 172 3584 clcs
203 3530 338 3587 dixit
368 3533 560 3588 Athen.
595 3535 706 3590 V11.
750 3539 875 3591 300.
912 3534 972 3589 Α.
1015 3533 1306 3606 Aegyptios
1346 3532 1561 3587 ridens:

370 3618 490 3676 ὅπου
531 3622 635 3689 γαρ
678 3626 747 3685 εἷς
786 3625 902 3686 τοὺς
944 3621 1376 3689 ὁμολογουμένους
1418 3621 1553 3680 θεούς

1684 3715 1703 3744 a
1731 3709 1743 3724 .
