2436 4068
1292 183 1394 233 '708

374 334 598 397 Ξενοφῶν
639 329 687 382 ἕν
729 328 979 382 Λακώνων
1033 324 1268 394 πολιτεία
1327 325 1882 391 αὐτοσχεδιαςής,
1938 329 1994 380 τὸ
2034 329 2138 396 γὰρ
2176 330 2227 382 ἐν
2267 341 2330 400 τῇ

371 418 537 472 Νυκτὶ
576 422 755 484 μακρᾷ
796 413 1071 474 Πλάτωνος
1112 412 1702 480 αὐτοσχεδίασμα
1755 418 1989 480 φαῦλον,
2030 416 2146 470 sine
2185 418 2334 471 dubi-

373 507 572 558 tatione
611 502 764 556 affert
805 500 943 572 quod
982 501 1178 570 legitur
1216 501 1353 554 Xlll.
1389 505 1439 553 5.
1500 502 1718 564 ἡγήσαιο
1758 499 1821 554 ἂν
1855 502 1972 562 τοὺς
2011 504 2104 568 μὲν
2143 503 2336 566 ἄλλους

371 590 907 659 αὐτοσχεδιαςας
942 586 1069 643 εἶναι
1099 594 1196 642 τῶν
1230 594 1569 655 ςρατιωτικῶν
1605 590 1711 642 κτὲ.
1754 588 1814 641 In
1845 590 2178 645 Plutareheis
2199 609 2338 646 eom·

371 679 613 750 pluscula
668 695 731 731 ex
785 675 967 730 eodem
1029 675 1163 728 libro
1223 682 1401 728 sumta
1454 676 1649 729 omisso
1707 676 2071 747 Xenophontis
2125 681 2341 734 nomine

373 768 657 836 teguntur,
698 766 853 818 cuius
892 765 969 818 rei
1005 780 1174 817 unum
1195 763 1492 834 exemplum
1519 780 1809 834 apponam,
1852 765 1942 818 sed
1984 765 2338 822 luculentum.

371 854 432 908 In
470 854 730 908 Instilult's
768 851 1036 906 Laconicis
1075 858 1126 904 et
1167 850 1268 904 alia
1312 851 1566 921 leguntur
1612 869 1640 905 e
1682 851 2030 923 Xenophonte
2072 853 2341 925 descripta
2411 860 2429 866 ”

371 949 423 996 et
464 941 594 996 haee
653 959 704 1013 p.
745 944 871 994 257.
913 940 974 995 D.
1034 946 1159 1000 παῖς
1210 940 1259 994 δὲ
1316 939 1415 992 ὑπό
1465 959 1596 999 τινος
1639 941 1905 1001 κολασθεὶς
1965 943 2007 994 εἰ
2057 942 2126 1008 τῷ
2181 941 2340 1009 πατρὶ

369 1029 678 1095 ἐξήγγειλεν
725 1030 939 1096 αἰσχρὸν
982 1025 1036 1089 ἦν
1076 1030 1145 1096 ’τῷ
1186 1028 1342 1094 πατρὶ
1383 1028 1456 1092 μὴ
1498 1036 1842 1094 προσεντεῖναι
1897 1030 2198 1083 ακούσαντα
2237 1030 2339 1084 ποί·

365 1132 445 1173 λιν
485 1119 697 1184 ἑτέρας·
747 1118 976 1174 ε’πίςευον
1023 1116 1128 1181 γὰρ
1180 1117 1352 1175 αὐτοῖς
1413 1117 1469 1168 ἐκ
1523 1122 1615 1178 τῆς
1657 1117 1872 1183 πατρίου
1919 1119 2140 1182 οὶγωγῆς.
2176 1119 2335 1183 μηδὲν

369 1206 453 1281 (ἂν
495 1204 819 1277 addendum)
874 1206 1089 1271 αἰσχρὸν
1144 1202 1398 1270 προςαξαι
1438 1210 1543 1264 τοῖς
1598 1204 1807 1264 τέκνοις.
1889 1205 2145 1276 Compara
2205 1205 2336 1261 haee

366 1311 490 1348 cum
548 1293 945 1364 Xenophonteis
986 1292 1072 1345 VI.
1118 1295 1170 1346 2.
1265 1291 1510 1345 Incertus
1564 1290 1748 1345 rhetor
1806 1292 2180 1362 pererudituS,
2241 1295 2334 1365 qui
2404 1307 2412 1323 ·'

363 1382 590 1452 Longini
631 1381 844 1434 nomine
886 1377 1302 1443 circumfertur,
1356 1379 1408 1432 in
1452 1378 1627 1432 libello
1667 1379 1778 1446 περὶ
1822 1377 1979 1448 ὕψους
2019 1381 2108 1435 lv.
2151 1385 2201 1434 4.
2259 1384 2336 1435 in·
2404 1402 2419 1430 x

365 1471 569 1539 signem
643 1468 816 1522 locum
889 1467 1251 1538 Xenophontis
1312 1468 1369 1521 ἐκ
1428 1474 1519 1530 τῆς
1579 1468 1995 1532 Λακεδαιμονίων
2069 1471 2335 1531 πολιτείας
2404 1456 2414 1517 Ῐ

366 1557 476 1629 (111.
533 1555 606 1629 6.)
667 1555 857 1616 affert,
922 1571 1080 1626 quem
1135 1571 1164 1608 a
1224 1555 1439 1609 Timaeo
1496 1555 1795 1609 imitatione
1849 1572 2159 1626 expressum
2217 1574 2333 1612 esse
2406 1574 2408 1578 ·

362 1645 688 1716 suspicatur.
774 1643 898 1697 Plus
933 1644 1094 1697 etiam
1138 1642 1213 1695 illi
1257 1642 1456 1696 homini
1499 1642 1731 1704 tribueS‚
1777 1644 1822 1697 si
1860 1645 2171 1698 memineris
2206 1663 2327 1700 eum

360 1731 796 1803 Xenophonteam
855 1732 1149 1786 orationem
1214 1732 1451 1802 impense
1512 1730 1768 1784 admirari
1826 1739 1879 1785 et
1938 1731 2002 1786 de
2063 1732 2330 1788 industria

361 1820 619 1891 quaedam
683 1819 746 1874 de
800 1818 1146 1891 Xenophonte
1196 1820 1504 1889 scripsisse,
1564 1826 1620 1872 ut
1671 1820 1782 1890 ipse
1826 1825 2053 1873 testatur
2094 1820 2232 1876 VIII.
2279 1827 2329 1879 1.

359 1908 545 1979 Itaque
586 1926 751 1979 quum
793 1907 1000 1961 Codicis
1041 1907 1124 1960 sui
1166 1907 1425 1970 lectione,
1468 1914 1524 1959 ut
1569 1923 1728 1978 supra
1769 1907 2131 1971 ostendimuS‚
2175 1909 2332 1965 dece-

359 2004 483 2068 ptus
540 1998 657 2069 (τῶν
698 1999 747 2050 ἐν
798 2005 903 2056 τοῖς
962 1997 1349 2064 ὀφθαλμοῖς
1407 1995 1659 2061 παρθένων
1711 2012 1802 2066 pro
1854 1997 1904 2049 ἐν
1950 2003 2055 2057 τοῖς
2126 1997 2330 2052 θαλοέ..

357 2083 515 2157 μοις)
573 2084 972 2155 Xenophontem
1027 2085 1263 2154 graviter
1315 2084 1556 2153 increpet
1598 2082 1661 2136 ob
1701 2099 1790 2146 ea,
1851 2100 1986 2154 quae
2042 2085 2092 2136 in
2154 2085 2329 2139 libello

357 2174 420 2226 de
460 2191 565 2244 rep.
607 2172 1134 2228 Lacedaemoniorum
1165 2172 1501 2242 scripsisset,
1543 2179 1764 2242 apparet
1802 2188 1925 2225 eum
1976 2173 2196 2227 minime
2230 2173 2325 2228 du-

358 2261 590 2325 bitasse,
632 2262 758 2331 quin
800 2262 844 2314 is
892 2259 1026 2314 liber
1059 2260 1123 2313 ab
1163 2260 1276 2330 ipso
1318 2258 1663 2329 Xenophonte
1706 2259 1940 2329 scriptus
1994 2258 2157 2314 suerit
2204 2269 2255 2315 et
2295 2278 2325 2316 a

359 2350 576 2403 Timaeo
617 2349 804 2403 lectus.

372 2475 376 2481 -
435 2439 737 2492 Demetrius
790 2437 1040 2506 MagneS‚
1102 2441 1158 2488 ut
1199 2434 1462 2499 vidinmS,
1520 2435 1682 2487 etiam
1730 2434 1985 2488 Dinarchi
2032 2438 2324 2492 orationem

358 2528 500 2581 κατα
545 2526 891 2589 Δημοσθένους
932 2525 1168 2595 spuriam
1208 2530 1259 2576 et
1301 2523 1625 2593 suppositam
1667 2539 1781 2576 esse
1828 2529 2126 2589 statuerat,
2167 2525 2327 2597 idque

361 2625 466 2670 tam
529 2615 856 2669 confidenter
909 2619 968 2667 ut
1026 2612 1227 2666 diceret
1275 2613 1515 2674 εὐήθεις
1570 2607 1742 2665 εἶναι
1795 2613 1911 2672 τοὺς
1959 2613 2323 2680 ὑπολαβόντας

2426 1107 2436 1175 ⁴2.»oe
2426 1077 2433 1086 π
2425 1037 2429 1048 ⁴

2418 1298 2419 1301 Α
2423 1176 2436 1270 sae--ae

358 2705 442 2758 τὸν
491 2703 644 2768 λόγον
697 2703 782 2756 τὸν
823 2702 966 2756 κατα
1019 2701 1367 2766 Δημοσθένους
1408 2700 1586 2753 ’τούτου
1647 2699 1753 2771 (τοῦ
1812 2700 2120 2775 Δεινάρχου)
2179 2702 2324 2759 εἶναι.
2434 2771 2436 2774 ¹

361 2793 578 2864 Dionys,
627 2790 794 2844 Halia.
840 2791 987 2842 Tum.
1031 2789 1090 2840 V.
1147 2806 1194 2858 p.
1233 2792 1360 2841 652.
1442 2789 1548 2840 Hoc
1595 2805 1803 2858 quoque
1860 2789 2118 2844 iudicium
2174 2809 2328 2846 nemo

359 2896 616 2949 umquam
661 2879 887 2932 curavit.
967 2877 1256 2949 Dionysius
1299 2875 1463 2929 Halic.
1508 2892 1830 2928 enumerans
1883 2878 1998 2937 τοὺς
2040 2879 2327 2947 Δεινάρχου

357 2968 543 3032 λόγους
586 2967 848 3031 δημοσίους
883 2966 1118 3030 γνησίους
1160 2964 1298 3018 hane
1331 2981 1539 3036 quoque
1577 2972 1816 3018 recenset
1859 2983 1975 3036 pag.
2011 2971 2140 3022 654.
2183 2971 2326 3023 κατα
2406 2972 2413 3035 j

360 3055 708 3120 Δημοσθένους
749 3055 859 3120 περὶ
902 3060 998 3107 τῶν
1049 3055 1404 3119 Ἅρπαλείων,
1447 3059 1499 3106 et
1538 3053 1755 3122 apponit
1797 3054 1967 3123 prima
2007 3055 2165 3108 verba
2229 3063 2322 3111 »Ὁ

359 3144 480 3209 μὲν
520 3141 933 3205 δημαγωγὸς
991 3142 1206 3206 ὑμῖν,”
1288 3140 1430 3194 Idem
1492 3157 1605 3210 pag.
1637 3144 1762 3193 659.
1807 3140 1895 3193 itta
1942 3142 2182 3196 oratione
2224 3145 2326 3196 uti-

361 3240 452 3285 tur
487 3229 551 3284 ad
593 3227 1067 3283 demonstrandum
1124 3228 1497 3282 Demosthenis
1551 3229 1842 3280 orationem
1896 3245 2010 3281 esse
2058 3246 2193 3299 quae
2241 3231 2327 3284 Di-

361 3318 547 3373 narchi
590 3316 750 3386 vulgo
805 3322 1101 3385 putaretur.
1183 3315 1392 3383 Διφίλῳ
1447 3316 1780 3380 δημηγορικὸς
1840 3316 2066 3370 αἰτοῦντι
2119 3319 2322 3385 δωρεάς.

365 3407 524 3460 »Δία
562 3407 632 3459 τὸ
673 3407 757 3469 μη
798 3404 1021 3473 ῥοίδιον
1073 3399 1299 3455 εἶναι.”
1339 3405 1513 3455 τοῦτον
1569 3403 1800 3463 ἐπείσθην
1840 3404 1935 3456 ὑπὸ
1975 3408 2323 3468 Δημοσθένους

362 3494 663 3562 γεγράφθαι
719 3492 908 3557 λόγον,
969 3488 1045 3544 ὅτι
1098 3491 1195 3550 τας
1238 3490 1421 3557 δωρεὰς
1477 3490 1704 3558 ἔγραψεν
1760 3491 1914 3545 αἰτῶν
1971 3494 2326 3558 Δημοσθένης,

361 3587 424 3644 ὠς
468 3583 750 3648 Δείναρχος
793 3583 840 3634 ἐν
882 3581 950 3647 τῷ
990 3579 1130 3634 κατὰ
1181 3578 1528 3644 Δημοσθένους
1582 3578 1721 3646 λόγῳ
1775 3580 2068 3642 δεδήλωκεν.
2161 3582 2328 3636 Locus
