2436 4068
1082 259 1148 309 61

110 401 200 456 ubi
251 415 437 455 verum
489 406 603 454 est:
667 402 723 463 ἣν
765 402 817 455 δὲ
859 402 1004 469 ζῶντ’
1042 402 1154 472 ἄγῃ
1193 423 1271 465 τις
1313 401 1581 469 τέτταρα,
1641 417 1763 455 nam
1825 421 1891 467 γε
1945 399 2100 471 plane

105 488 398 545 absurdum
446 494 529 542 est
569 495 620 542 et
662 490 718 552 ἥν
759 510 838 550 τις
878 488 989 557 ἄγῃ
1031 507 1133 544 non
1175 489 1368 560 ἀγάγῃ
1408 490 1460 542 in
1507 488 1590 543 his
1630 495 1777 544 certa
1817 495 1870 543 et
1910 504 2097 541 conce-

105 585 193 649 pta
234 576 395 631 verba
435 583 578 630 sunt.
659 575 799 630 Num
851 577 972 647 quis
1025 594 1357 649 concoquere
1406 597 1472 643 ys
1533 583 1705 649 potest
1767 577 1820 630 in
1869 575 2095 648 Lysistr.

104 683 180 720 vs.
216 669 346 721 845.

1159 753 1245 806 καὶ
1283 754 1384 818 μὴν
1426 755 1527 818 ἐγώ

405 839 827 905 συνηπεροπεύσω
869 838 1241 906 παραμένουσα
1283 845 1338 904 γ’
1380 842 1561 895 ἐνθαδί.

103 926 385 997 legendum
409 927 670 982 arbitror:
710 927 1134 994 συνηπεροπεύσω
1175 947 1251 981 σοι
1292 930 1650 994 παραμένουσ’-
1681 929 1882 990 ἐνθαδί,
1924 927 2095 981 autin

106 1031 260 1068 versu
302 1019 428 1070 865.

408 1106 473 1163 ὡς
514 1103 755 1167 οὐδεμίαν
795 1102 903 1171 ἔχω
945 1124 1010 1168 γε
1053 1106 1122 1172 τῷ
1164 1104 1263 1172 βίῳ
1301 1103 1494 1171 χάριν,

405 1189 465 1254 ἐξ
501 1189 655 1259 οὗπερ
696 1189 828 1253 αὕτη
869 1190 1068 1255 ’ξῆλθεν
1109 1193 1166 1245 ἐκ
1206 1199 1299 1255 τῆς
1340 1192 1520 1252 οἰκίας.

104 1277 242 1350 quod
287 1284 395 1331 tarn
446 1279 704 1333 absonum
757 1286 839 1334 est
880 1296 941 1334 ac
983 1281 1026 1334 si
1070 1280 1191 1351 quis
1235 1287 1452 1351 rogatus
1493 1277 1623 1350 quid
1663 1299 1729 1344 γε
1773 1277 1844 1331 ibi
1889 1284 2096 1332 notaret

104 1365 449 1438 responderet
490 1371 579 1422 οὐκ
619 1365 734 1422 οἶδα
763 1387 847 1433 γε.
928 1367 971 1422 Ε
1015 1368 1208 1422 vicinis
1249 1386 1325 1422 vs.
1350 1371 1460 1422 868
1500 1373 1604 1427 τοῖς
1646 1367 1698 1421 δὲ
1739 1366 1914 1426 σιτίοις
1950 1364 1959 1438 Ι
1992 1365 2098 1433 χα-

101 1473 172 1521 ριν
210 1456 452 1520 οὐδεμίαν
491 1453 586 1510 οἷδ’
624 1456 797 1510 ἐσθίων
838 1454 1121 1510 elicueris:
1171 1456 1411 1521 οὐδεμίαν
1458 1450 1631 1523 ἐγῷδα
1671 1455 1742 1521 τῷ
1782 1454 1880 1521 βίῳ
1920 1452 2095 1522 χάριν.

104 1541 166 1597 ln
215 1542 598 1615 Thesmophor.
650 1561 726 1597 vs,
761 1547 871 1598 55ss
920 1545 1090 1598 miror
1140 1550 1413 1599 retentum
1462 1559 1578 1598 esse
1627 1544 1776 1607 ἡμεῖς
1825 1542 1990 1596 αὐταί
2032 1563 2098 1608 γε
2148 1614 2150 1616 ‚

102 1630 189 1685 καὶ
230 1635 304 1685 τα
343 1630 1106 1700 δουλάρια-ἀποψιλώσομεν
1149 1649 1244 1704 pro
1284 1633 1447 1687 αὐταί
1486 1652 1546 1686 τε
1587 1631 1694 1685 καί.
1777 1630 1979 1703 Duplex
2023 1631 2097 1683 vi·

104 1719 240 1774 tium
283 1726 365 1774 est
406 1720 460 1773 in
506 1718 791 1774 EcclesiaZ.
837 1737 912 1774 vs.
947 1723 1072 1776 569.

403 1810 532 1862 ἀλλ’
570 1810 826 1877 ἀποφανῶ
868 1810 1002 1863 τοῦθ’
1042 1807 1139 1866 ὥτε
1179 1810 1237 1863 σέ
1276 1809 1342 1873 γέ
1383 1827 1468 1874 μοι
1508 1813 1783 1874 μαρτυρεῖν

404 1896 491 1950 καὶ
532 1901 709 1950 τοῦτον
750 1899 905 1951 αὑτὸν
944 1898 1102 1962 μηδὲν
1143 1899 1405 1951 ἀντειπεῖν
1447 1895 1578 1961 ἐμοί.

102 1990 326 2054 apparet
366 1984 722 2055 Praxagoram
773 1984 871 2039 hoc
930 1985 1109 2039 dicere
1158 1984 1382 2039 debere:
1438 1983 1535 2041 ἰός-ε
1575 1983 1633 2036 σέ
1674 1983 1732 2037 τέ
1771 2003 1858 2048 μοι
1899 2003 2095 2049 μαρτυ-

102 2077 203 2136 ρεῖν
236 2070 326 2126 καὶ
359 2077 536 2126 τοῦτον
576 2074 732 2127 αὐτὸν
766 2074 923 2139 μηδὲν
960 2075 1223 2127 ἀντειπεῖν
1258 2071 1352 2126 ἔτι.
1433 2072 1692 2142 Compara
1729 2070 2094 2125 Nicostratum

104 2158 297 2214 Athen.
334 2160 472 2214 xlv,
514 2163 641 2214 664.
683 2161 769 2214 B.'

327 2246 414 2304 ὅς’
452 2247 621 2312 οἴομαι
658 2249 669 2322 Ι
699 2248 820 2314 μηδ’
860 2251 1018 2303 αὑτὸν
1060 2251 1180 2315 ἡμῖν
1222 2253 1398 2303 τοῦτον
1439 2250 1669 2315 ἀντερεῖν
1711 2245 1807 2301 ἔτι.

100 2332 235 2389 lbid.
294 2352 368 2389 vs,
408 2339 535 2390 648.
589 2336 788 2404 οἰμώζοι
829 2340 886 2401 γ’
926 2335 991 2390 ἂν
1032 2337 1120 2391 καὶ
1163 2337 1344 2392 κωκύοι
1401 2352 1592 2391 sanum
1643 2335 1749 2389 erit
1802 2334 1847 2389 Si
1895 2334 2094 2402 οἰμώζοι

100 2421 199 2477 τᾶν
240 2424 553 2478 correxeris
635 2423 901 2479 Vitiosum
945 2440 1062 2479 esse
1099 2432 1322 2496 apparet
1362 2423 1490 2478 ibid.
1535 2441 1611 2477 VS.
1648 2426 1783 2477 45&

325 2513 379 2567 τί
418 2514 530 2575 δῆτ’
563 2510 761 2576 ἔδοξενς
803 2522 859 2566 Β.
901 2511 1191 2580 ἐπιτρέπειν
1238 2535 1305 2579 γε
1346 2513 1437 2575 τὴν
1479 2511 1628 2567 πόλιν

324 2601 566 2661 ταύταις.

99 2703 203 2743 non
243 2689 421 2760 potuit
472 2689 616 2743 enim
652 2709 718 2754 ys
761 2688 1020 2744 insulsius
1060 2705 1222 2761 quam
1261 2690 1339 2744 sic
1381 2689 1577 2753 inseri,
1635 2686 1727 2743 sed
1769 2686 1972 2742 frustra
2005 2687 2097 2742 ad-

97 2773 204 2831 huc
244 2776 300 2830 in
350 2777 481 2831 vitio
530 2776 814 2832 manifesto
866 2784 1069 2833 certam
1127 2778 1516 2833 correctionem
1568 2792 1787 2848 quaero,
1868 2775 1948 2831 Ad
1990 2776 2095 2832 Me·

98 2862 363 2918 nandrum
407 2881 552 2919 nunc
593 2874 868 2931 revertor,
910 2867 963 2922 in
1007 2866 1164 2921 cuius
1199 2866 1343 2931 loce,
1384 2882 1544 2937 quem
1579 2865 1803 2919 tertium
1845 2865 2092 2937 apposui-

53 2967 254 3016 -muS,
312 2950 468 3007 facile
522 2956 798 3026 negotium
856 2962 938 3010 est
990 2971 1171 3009 veram
1228 2954 1510 3009 lectionem
1572 2968 1798 3016 eruere,
1859 2953 1904 3007 si
1960 2952 2091 3008 haec

96 3041 490 3113 comparaveris
531 3043 906 3115 Aristophanis
939 3042 1082 3115 apud
1125 3041 1269 3097 Stob.
1311 3043 1365 3096 in
1408 3042 1590 3097 Floril.
1625 3041 1854 3096 LXVIII.
1903 3045 1990 3096 17.

397 3130 499 3183 ἰδού
522 3171 537 3194 ,
576 3131 753 3197 δίδωμι
793 3132 932 3196 τήνδ’
972 3133 1074 3197 ἐγὼ
1116 3130 1348 3196 γυναῖκα
1386 3150 1500 3193 σοι,

97 3214 238 3271 unde
276 3215 459 3271 elicias
499 3220 694 3274 παίδων
727 3221 811 3274 ἐπ’
850 3220 1014 3289 ἀρότῳ
1052 3219 1272 3285 γνησίων
1308 3218 1318 3293 Ι
1351 3220 1533 3286 δίδωμί
1570 3239 1645 3274 σοι
1677 3221 1770 3285 ’γὼ
1800 3217 1892 3280 τὴν
1922 3218 2082 3283 ε’μαυ·

95 3310 183 3360 τοῦ
224 3305 503 3371 θυγατέρα.
583 3307 642 3361 ln
686 3308 861 3379 primo
899 3307 1014 3363 loco
1051 3308 1158 3374 τρὶς
1199 3306 1399 3372 ἐξέπιον
1438 3307 1597 3374 μεςόν
1633 3329 1699 3374 γε
1742 3306 2087 3377 transpositio

93 3391 377 3447 verborum
439 3395 645 3465 peperit
699 3395 891 3450 vitium
953 3402 1007 3451 et
1062 3395 1248 3451 eadem
1307 3398 1533 3468 repetita
1588 3395 1814 3451 sanabit.
1907 3394 2085 3459 Quum

7 3550 9 3556 ¹
98 3481 257 3535 Poeta
289 3479 524 3536 dedisset
557 3484 665 3549 τρὶς
705 3486 863 3549 μετὸν
898 3483 1113 3548 ἐξέπιον.
1155 3495 1211 3539 Β.
1251 3482 1590 3551 Ἀλεξάνδρου
1630 3484 1786 3538 πλέον
1822 3480 1831 3555 Ι
1863 3486 1952 3535 τοῦ
1985 3483 2089 3547 βα-

15 3559 29 3591 “’
98 3567 278 3628 σιλέως
318 3568 593 3633 πέπωκας,
635 3571 856 3637 accidit,
909 3580 967 3628 ut
1011 3573 1265 3627 vocabula
1309 3578 1815 3643 transponerentur,
1861 3567 1912 3622 id
1949 3569 2089 3640 quod

102 3656 399 3711 sexcenties
451 3659 502 3711 in
559 3658 710 3714 libris
767 3661 896 3717 solet
960 3662 1090 3716 lieri.
1181 3660 1494 3732 Exemplum
1558 3667 1663 3712 tam
1725 3656 1972 3711 idoneum
2029 3658 2095 3712 ad
