2436 4068
1040 198 1144 249 235

101 339 458 414 contractum)
498 340 654 410 φθῖο,
693 343 846 411 φθῖτο
870 385 884 404 ,
928 343 1086 399 cuius
1129 343 1236 401 duo
1277 349 1426 400 certa
1470 345 1711 419 exempla
1753 348 1804 403 in
1849 347 2082 423 Odyssea

102 437 329 486 aetatem
370 427 647 484 tulerunt:
690 451 739 485 κ.
776 435 867 486 50.

624 519 768 573 κατὰ
807 520 962 584 θυμὸν
999 521 1251 587 ἀμύμονα
1287 521 1581 592 μερμήριξα

398 608 452 667 ἠὲ
491 607 659 660 πεσὼν
698 608 757 660 ε’κ
798 609 908 670 νηὸς
947 608 1253 677 ἀποφθίμην
1294 610 1362 664 ε’νὶ
1403 611 1571 680 πόντῳ

396 695 426 757 ἢ
466 693 631 748 οἰκέων
667 693 854 756 τλαίην
893 695 981 749 καὶ
1022 693 1097 750 ἔτι
1138 696 1303 765 ζωοῖσι
1343 700 1572 765 μετείην.

14 820 18 826 ·
95 781 325 838 alterum
357 787 441 836 est
481 794 533 835 λ.
572 785 699 837 550.

10 909 32 950 ,λ
316 868 499 931 πάσας
535 869 579 923 δ’
617 872 713 938 οὐκ,
746 868 811 924 ἂν
850 870 953 935 ἐγὼ
991 873 1284 939 μυθήσομαι
1324 875 1427 930 οὐδ’
1467 875 1685 941 ὀνομήνω

11 960 13 964 ’
317 957 434 1025 πρὶν
472 956 579 1025 γάρ
617 978 703 1012 κεν
743 958 832 1012 καὶ
870 957 962 1023 νὺξ
996 962 1141 1030 φθῖτ’
1180 959 1461 1030 ἄμβροτος.

7 965 44 1108 ἓ
93 1044 234 1118 quod
273 1044 458 1101 eodem
497 1043 656 1102 modo
705 1044 911 1102 dictum
963 1054 1047 1103 est
1080 1054 1242 1121 atque
1277 1050 1505 1106 ἐπιλίποι
1547 1052 1607 1116 μ’
1647 1049 1712 1105 ἂν
1749 1052 1777 1113 ἦ
1822 1050 1987 1118 ἡμέρα
2026 1055 2081 1106 et

91 1132 319 1197 similia,
370 1132 511 1205 quod
544 1133 880 1206 significabat
932 1136 1226 1209 magister,
1265 1138 1359 1210 qui
1399 1137 1527 1193 olim
1574 1136 1642 1194 ad
1678 1138 1832 1207 φθῖτο
1882 1136 2081 1193 adscri-

89 1222 223 1295 psit:
265 1223 514 1277 ἐπιλίποι.
594 1222 698 1290 Qui
737 1222 866 1278 olim
893 1225 1068 1292 φθεῖτ’
1103 1225 1408 1281 scribebant
1447 1224 1811 1298 sequebantur
1845 1232 2078 1281 veterem

92 1326 287 1375 usum,
338 1326 444 1382 quo
483 1310 658 1375 νείκη,
712 1313 905 1378 τειμή,
957 1313 1128 1380 κρείνω
1170 1314 1290 1368 sim.
1344 1330 1442 1387 pro
1478 1335 1494 1368 ι
1535 1313 1694 1386 longo
1740 1313 2079 1370 scribebatur

4 1421 34 1501 3⁸
88 1406 143 1456 el.
180 1398 259 1454 sic
289 1400 589 1469 φθείσεσθαι
627 1417 723 1472 pro
754 1401 1027 1469 φθίσεσθαι
1063 1409 1118 1457 et
1147 1400 1252 1457 alia
1283 1404 1553 1471 ἀρχαϊκῶς
1593 1402 1710 1458 sine
1744 1418 1927 1458 errore
1957 1418 2076 1457 exa-

7 1547 12 1550 ,
88 1494 308 1553 rantur,
348 1486 441 1543 sed
474 1488 727 1544 vitiosum
766 1497 848 1544 est
884 1492 1124 1559 φθεῖσθαι
1174 1507 1271 1562 pro
1307 1490 1561 1560 φθίσθαι,
1619 1490 1674 1545 in
1716 1506 1822 1563 quo
1861 1511 1876 1545 ι
1917 1490 2078 1546 breve

7 1587 32 1639 ·,
89 1582 172 1631 est
209 1582 271 1630 ut
306 1576 361 1630 in
399 1577 662 1645 φθίμενος.
742 1577 938 1634 Forma
982 1582 1296 1648 μεμνῄμην,
1352 1596 1490 1651 quae
1531 1580 1735 1635 intacta
1786 1578 1894 1634 iam
1934 1577 2077 1652 apud

30 1687 34 1692 ·
91 1663 382 1720 Homerum
437 1672 648 1721 servata
706 1674 789 1722 est
844 1666 996 1723 Iliad.
1039 1677 1117 1723 Ω.
1157 1671 1282 1723 745.

314 1754 426 1808 οὐδὲ
464 1754 519 1808 τί
554 1775 640 1820 μοι
679 1752 834 1817 εἶπας
874 1758 1081 1811 πυκινὸν
1120 1755 1271 1819 ἔπος,
1307 1752 1365 1810 οὗ
1404 1756 1463 1811 τέ
1498 1776 1583 1810 κεν
1617 1755 1721 1810 αἰεί

0 1836 12 1987 ί
313 1844 593 1909 μεμνῄμην
628 1843 819 1904 νύκτας
855 1866 914 1899 τε
951 1845 1040 1900 καὶ
1075 1845 1260 1911 ἤματα
1291 1843 1668 1912 δακρυχέουσα.

88 1928 263 1986 Semel
299 1937 352 1986 et
393 1931 591 1986 iterum
633 1931 687 1985 in
723 1931 960 1987 Platonis
992 1932 1225 2005 egregiis
1261 1929 1545 1986 Codicibus
1596 1947 1760 2005 prope
1799 1933 1914 1986 sine
1960 1930 2077 1987 labe

86 2022 288 2081 evasit,
341 2024 399 2073 ul
442 2017 494 2071 in
538 2017 761 2091 Repuhl.
792 2019 906 2075 Vll.
949 2024 1058 2075 518
1096 2022 1158 2075 A.
1207 2021 1250 2073 εἲ
1293 2024 1402 2074 νοῦν
1454 2040 1521 2085 γε
1566 2018 1677 2088 ἔχοι
1717 2041 1795 2081 τις
1849 2022 2075 2089 μεμνῇτ’

85 2107 185 2170 ἄν,
226 2105 317 2160 ubi
362 2104 504 2179 quod
545 2106 598 2160 in
639 2107 858 2179 optimis
910 2107 1064 2162 libris
1101 2116 1184 2163 est
1222 2108 1449 2174 μέμνητ’
1491 2105 1554 2161 ἄν
1607 2123 1772 2162 manu
1816 2106 1968 2163 ducit
2007 2108 2075 2163 ad

24 2231 25 2234 η
85 2193 449 2249 necessarium
488 2195 787 2266 optativum
841 2197 1069 2266 μεμνῇτ’
1109 2195 1207 2250 ἄνε
1268 2194 1412 2267 quod
1462 2195 1516 2250 in
1571 2195 1800 2251 caeteris
1842 2195 2075 2252 circum·

23 2314 27 2332 .
83 2283 213 2338 l'erri
247 2280 451 2338 videbis
482 2282 719 2349 μέμνοιτ’
758 2281 823 2337 ἄν
863 2293 919 2340 et
951 2289 1191 2351 μεμνοῖτ’
1229 2282 1295 2338 ἄν
1337 2282 1412 2338 nil
1448 2283 1555 2339 nisi
1594 2282 1866 2340 indoctam
1900 2301 2074 2340 corre-

29 2398 35 2410 ·
81 2377 291 2426 ctorum
336 2369 695 2426 temeritatem
733 2373 933 2444 arguit.
1014 2372 1238 2446 Saepius
1270 2381 1489 2442 κεκτῇτο
1523 2371 1838 2428 inviolatum
1878 2372 1946 2428 ad
1979 2389 2076 2428 nos

24 2461 37 2521 ⁸,
79 2458 323 2533 pervenit
361 2459 415 2514 in
457 2458 612 2514 libris
645 2458 712 2515 de
742 2460 1007 2532 Legibus:
1049 2478 1168 2533 pag.
1208 2465 1309 2516 751
1356 2460 1411 2515 C.
1451 2461 1611 2522 οὐδεὶς
1649 2463 1788 2517 οὐδὲν
1828 2463 1950 2517 ἑκὼν
1989 2484 2075 2517 κε-

80 2557 238 2617 κτῇτο
277 2546 342 2602 ἄν
377 2567 503 2602 ποτε
547 2546 661 2620 (ubi
700 2548 876 2604 scribe
910 2555 1122 2619 κεκτῇτ’
1152 2548 1248 2614 ἄν,
1289 2565 1523 2621 namque
1555 2550 1858 2605 necessaria
1897 2557 1979 2605 est
2019 2551 2076 2605 in

81 2635 277 2692 talibus
316 2634 502 2698 elisio,
544 2642 605 2690 ut
645 2636 699 2690 in
742 2636 934 2703 εἴποιμ’
976 2637 1069 2701 ἄν,
1123 2637 1458 2703 θαυμάσαιμ’
1497 2636 1595 2703 ἄν,
1631 2637 1807 2710 sim.):
1863 2641 1970 2693 742
2013 2638 2070 2692 B.

82 2723 121 2781 ἃ
155 2725 243 2781 καὶ
281 2722 439 2784 κακός
472 2745 551 2786 τις
590 2729 800 2794 κεκτῇτ’
845 2726 939 2791 ἄν,
981 2730 1090 2782 ’176
1133 2726 1188 2780 Β.
1230 2733 1355 2780 ποῖα
1395 2724 1460 2780 ἂν
1493 2747 1572 2787 τις
1624 2725 1935 2792 κεκτημένος
1977 2728 2072 2792 ἐμ-

82 2813 381 2881 μελεςοὶτην
420 2814 596 2867 οὐσίαν
650 2823 868 2883 κεκτῇτο
930 2822 982 2870 et
1024 2817 1126 2870 951
1174 2814 1234 2868 Ι).
1296 2812 1502 2868 πάντων
1542 2815 1835 2882 κυριώτατα
1887 2814 1951 2869 ἂν
1992 2835 2072 2869 κε-

81 2911 269 2971 κτῇτο,
322 2917 386 2955 ex
438 2899 635 2973 quibus
674 2900 805 2957 locis
853 2903 1227 2975 unusquisque
1283 2902 1468 2957 statim
1507 2903 1744 2974 corrigat
1796 2901 1974 2958 locum
2018 2903 2073 2957 in

81 2988 312 3063 Legibus
353 2989 469 3044 ΧΠ.
519 3006 638 3062 pag.
677 2993 784 3045 957
827 2991 882 3046 (3.
926 2992 955 3055 ἢ
995 2992 1170 3058 μάτην
1210 2991 1435 3057 τοῦνομα
1476 2993 1539 3059 νῷ
1573 2997 1819 3060 προσῆκον
1860 2990 2069 3054 κέκτητ’

80 3077 147 3134 ἂν
185 3080 209 3133 ὁ
248 3081 372 3138 θεῖος
415 3081 538 3145 ἡμῖν
576 3079 663 3132 καὶ
703 3079 970 3144 θαυμαςὸς
1011 3081 1187 3146 νόμοςε
1230 3087 1385 3137 velus
1431 3079 1577 3135 enim
1626 3080 1818 3134 vitium
1858 3079 2071 3142 κέκτητ’

80 3165 181 3231 h,
237 3165 378 3240 quod
417 3173 472 3221 et
524 3165 783 3223 Stobaeus
833 3169 1076 3239 agnoscit
1135 3168 1315 3224 Floril.
1357 3169 1536 3223 XLVI.
1586 3171 1724 3230 104,
1781 3166 1935 3223 cedat
1977 3168 2069 3223 ali-

81 3254 295 3327 quando
333 3272 490 3311 verae
530 3256 831 3327 scripturae
869 3261 1079 3325 κεκτῇτ’
1113 3256 1194 3311 ἄν.
1276 3256 1476 3312 Eodem
1516 3255 1758 3328 exemplo
1791 3255 2065 3311 emendari

28 3364 34 3374 ·
83 3350 291 3415 oportet
330 3342 695 3416 Xenophontis
735 3342 911 3399 locum
954 3345 1006 3399 in
1048 3344 1292 3416 Agesilao
1327 3346 1419 3401 IX.
1461 3351 1509 3401 7.
1549 3347 1592 3400 εἰ
1643 3346 1804 3414 φίλην
1847 3346 1936 3406 την
1977 3343 2066 3398 πό-

11 3450 35 3491 f
82 3445 164 3485 λιν
203 3431 313 3501 ἔχοι
359 3435 600 3494 πλείςους
634 3432 685 3486 δὲ
727 3434 911 3501 Φίλους
952 3435 1235 3497 κέκτηται,
1282 3433 1369 3488 ubi
1409 3451 1512 3488 non
1555 3440 1636 3488 est
1675 3434 1897 3499 κεκτῷτο
1939 3433 2064 3486 reti-

0 3563 13 3593 ,
84 3518 355 3582 nendum,
411 3536 571 3592 quam
632 3521 915 3577 barbaram
973 3521 1198 3577 sormam
1254 3521 1615 3577 Schneiderus
1676 3520 1912 3582 invexit,
1971 3518 2063 3573 sed

0 3610 3 3617 '
81 3605 475 3662 emendandum
528 3619 774 3674 κεκτῇτο,
831 3617 890 3665 ut
946 3611 998 3664 in
1050 3608 1350 3666 Heraclidis
1398 3611 1694 3677 κεκτῇμεθκ
1737 3625 1831 3679 pro
1881 3607 2064 3661 κεκτώ-

1683 3702 1723 3731 m

20 1104 34 1123 A
