2436 4068
1024 201 1130 252 465

89 349 181 405 ubi
224 347 360 403 male
395 354 713 419 spiewrunt
753 346 1000 400 Editores
1040 346 1173 413 ἄρα,
1214 343 1356 416 quod
1398 344 1451 397 in
1490 345 1756 399 Marciano
1789 345 1925 400 libro
1959 365 2071 402 sei·-

86 446 269 492 vatum
326 443 436 499 est,
492 442 544 489 et
586 434 913 488 Ravennatis
968 433 1177 488 Codicis
1230 430 1487 486 mendum
1537 432 1691 499 τᾶμα
1750 434 1804 486 in
1855 436 1897 487 θ’
1951 434 2070 502 ἅμα

86 525 333 580 refictum
377 529 711 594 receperunt.
793 522 1003 588 Quanto
1045 521 1239 575 melius
1277 522 1333 574 in
1373 519 1662 575 Ecclesiaz.
1714 538 1791 575 vs.
1833 526 1923 576 91.

539 610 594 663 τί
630 611 735 677 γὰρ
775 608 840 662 ἂν
878 617 1050 677 χεῖρον
1089 608 1352 677 ἀκροῴμην
1392 606 1495 676 ἄρα

389 697 673 762 ξαίνουσα;
715 698 896 762 γυμνὰ
937 697 979 750 δ’
1020 696 1101 754 ἐςί
1137 716 1223 761 μοι
1264 697 1336 750 τὰ.
1377 697 1578 751 παιδία.

84 785 428 841 admisissent
468 785 696 840 Dobraei
736 785 1123 840 correctionem
1163 781 1309 849 ἅμα
1347 783 1614 848 ξαίνουσα.
1695 784 1848 856 Apud
1895 786 2067 842 Xeno-

85 873 338 946 phontem
397 880 679 946 postquam
734 874 872 933 εἰδώς
919 878 1035 926 erat
1089 871 1440 925 obscuratum
1483 871 1677 942 aliquis
1727 872 1792 927 de
1846 891 1942 929 suo
1986 897 2068 942 yt-

82 964 321 1027 γνώσκων
366 961 589 1016 addidit.

31 1108 33 1110 ,
160 1052 419 1121 Apertum
481 1051 780 1104 sententiae
831 1050 1025 1103 vitium
1066 1049 1123 1103 in
1169 1047 1229 1100 V.
1276 1065 1342 1101 νι.
1389 1052 1478 1102 51.
1535 1045 1793 1102 librorum
1849 1067 2067 1125 corrup-

23 1155 26 1163 ·
83 1138 243 1194 telam
287 1139 468 1208 arguit
511 1138 563 1190 in
617 1137 825 1191 turbis:
868 1136 1028 1191 καλόν
1082 1156 1167 1201 μοι
1220 1135 1360 1190 δοκεῖ
1411 1131 1539 1188 εἶναι
1590 1135 1899 1204 σωζομένους
1952 1140 2069 1195 ἔνθα

22 1226 28 1230 ’
78 1226 379 1294 βουλόμεθα
417 1226 592 1291 μισθὸν
633 1231 725 1287 τῆς
778 1226 1029 1292 σωτηρίας
1079 1223 1394 1289 λαμβάνειν.
1477 1221 1690 1294 Optime
1747 1227 1947 1281 senties
1991 1229 2066 1282 vi·

80 1315 255 1378 tium,
297 1316 341 1368 si
394 1331 518 1368 cum
579 1314 677 1368 hac
727 1312 956 1368 lectione
1009 1311 1156 1365 illam
1211 1328 1528 1383 componeS‚
1582 1327 1718 1383 quae
1761 1313 1894 1367 mihi
1939 1332 2065 1372 vera

79 1419 195 1458 esse
235 1401 447 1456 videtur
485 1403 662 1468 μισθὸν
713 1410 777 1470 τῇ
825 1401 1049 1469 σωτηρία
1103 1399 1550 1467 προσλαμβάνειν.
1630 1399 1918 1472 Postquam
1974 1420 2065 1458 ne-

79 1490 251 1562 glecta
309 1490 718 1561 praepositionis
774 1489 910 1560 sigla
944 1488 1244 1555 λαμβάνειν
1284 1490 1547 1560 scriptum
1597 1494 1678 1542 est
1734 1489 1870 1543 nihil
1919 1491 2066 1548 aliud

78 1586 360 1652 supererat
406 1578 509 1631 nisi
549 1585 610 1632 ut
650 1579 827 1643 μισθὸν
866 1584 959 1640 τῆς
997 1578 1246 1644 σωτηρίας
1299 1576 1690 1646 refingeretur‚
1735 1594 2065 1652 quamquam

78 1684 140 1723 ea
196 1667 467 1738 scriptura
523 1681 743 1737 prorsus
783 1672 866 1719 est
919 1682 1079 1720 sensu
1138 1681 1324 1719 vacua.
1406 1663 1727 1720 Simillimus
1785 1666 1934 1722 locus
1984 1678 2065 1724 est

77 1753 193 1810 Vll.
235 1772 310 1809 111.
356 1759 443 1808 15.
496 1755 539 1808 εἰ
581 1755 632 1808 δὲ
670 1755 848 1819 μισθὸν
885 1756 1259 1822 προσλήψοιντο
1293 1751 1493 1821 εὕρημα
1539 1754 1697 1809 ἐδόκει
1733 1751 1880 1810 εἶναι.
1959 1766 2064 1812 Μι-

0 1862 2 1913 j
76 1845 190 1899 σόὀν
244 1841 672 1910 προσλαμβάνειν
722 1841 862 1914 apud
916 1842 1321 1914 Xenophontem
1372 1844 1674 1914 comparari
1729 1844 1938 1899 utiliter
1976 1862 2064 1919 po·

0 1935 5 1979 l
77 1938 182 1986 test
222 1947 344 1985 cum
390 1929 585 2001 Diphili
629 1930 742 1984 loco
780 1930 923 2002 apud
974 1929 1166 1985 Athen.
1210 1947 1259 2002 p.
1292 1933 1399 1983 292
1442 1930 1499 1983 B.

391 2020 453 2072 ἐῶ
491 2020 641 2085 βοᾶν.
686 2020 902 2084 πληγὰς
941 2019 1048 2087 γὰρ
1090 2018 1157 2073 ἔνι
1198 2018 1643 2087 προσλαμβάνειν.

24 2121 27 2128 “
73 2105 274 2163 Eadem
314 2123 471 2178 opera
518 2106 658 2161 alius
697 2106 846 2161 locus
884 2107 1172 2179 persimilis
1211 2105 1404 2161 mendo
1454 2105 1673 2161 liberari
1715 2111 1910 2179 poterit
1945 2111 2059 2168 VII.

0 2212 27 2258 ἶ4
73 2211 142 2251 vl.
185 2198 274 2250 50.
326 2196 370 2248 εἰ
410 2195 463 2249 δὲ
507 2195 566 2257 δὴ
612 2196 636 2248 ὅ
674 2195 1029 2263 συμπαρέχων
1065 2197 1186 2261 ὑμῖν
1237 2194 1436 2256 ταύτην
1489 2195 1583 2256 τὴν
1640 2197 1947 2265 ἀσφάλειαν
1982 2203 2059 2267 μὴ

0 2303 34 2354 ,j
72 2282 210 2338 πάνυ
250 2283 413 2338 πολὺν
455 2284 633 2348 μισθὸν
673 2284 970 2351 προσετέλει
1014 2291 1107 2347 τῆς
1162 2283 1470 2352 ἀσφαλείας
1518 2285 1668 2337 τοῦτο
1726 2286 1784 2349 δὴ
1826 2287 1884 2341 τὸ
1932 2290 2059 2357 σχέ-

0 2400 2 2402 -
71 2383 211 2427 τλιον
250 2371 504 2437 παθημα;
541 2372 737 2431 Μισθὸς
770 2379 864 2434 τῆς
904 2371 1213 2440 ασφαλείας
1255 2388 1358 2424 non
1406 2371 1587 2425 minus
1631 2372 1810 2445 inepte
1855 2374 2060 2432 dicitur

0 2447 2 2449 Ι
27 2474 233 2564 quam
272 2467 366 2523 τῆς
394 2460 646 2527 σωτηρίας
687 2459 884 2525 μισθός.
966 2459 1022 2515 Si
1062 2467 1128 2529 τῇ
1164 2459 1444 2529 οξσφαλειά
1484 2460 1748 2531 scriplum
1783 2469 1924 2517 esset
1962 2464 2056 2519 ali·

0 2532 201 2619 ιι·ιιί(1
239 2547 422 2602 minus
462 2555 598 2603 esset
642 2548 1003 2619 ineptiarum,
1058 2554 1115 2601 tu
1156 2563 1283 2601 vero
1333 2564 1579 2619 expungo
1617 2553 1710 2609 τῆς
1747 2550 2057 2620 ἀσφαλείας

32 2649 133 2690 ac
190 2635 365 2690 scribe
420 2637 584 2692 πολὺν
639 2638 816 2701 μισθὸν
872 2637 993 2703 πρὸς
1050 2634 1252 2699 ἐτέλει,
1314 2642 1373 2689 ut
1426 2636 1480 2688 in
1542 2635 1776 2690 Platonis
1834 2638 2053 2713 Apolog.

32 2721 121 2797 'p.
163 2726 235 2780 20
273 2725 333 2779 Α.
394 2725 512 2786 τοὺς
565 2724 699 2786 νέους
752 2725 977 2779 πείθουσι
1019 2723 1170 2792 σφίσι
1227 2722 1449 2787 ξυνεῖναι
1508 2725 1768 2791 χρήματα
1825 2727 2054 2791 διδόντας

65 2811 154 2866 καὶ
195 2811 351 2880 χάριν
405 2814 527 2881 πρὸς
567 2813 768 2867 εἰδέναι.
849 2812 962 2867 Non
1013 2819 1093 2867 est
1129 2811 1273 2866 enim
1310 2811 1574 2866 Graecum
1630 2813 1906 2881 π’ρόσοιδα,
1958 2818 2052 2873 sed

32 2914 164 2971 spro
202 2902 325 2967 πρὸς
375 2902 572 2962 τούτοις
616 2900 694 2955 vel
750 2900 955 2967 προσέτι
997 2901 1050 2953 in
1095 2899 1293 2954 talibus
1346 2901 1609 2955 usitatum
1666 2907 1748 2956 est
1798 2903 1920 2973 πρός
1962 2923 2053 2979 po-

68 3001 231 3053 nere,
271 2987 336 3043 de
372 3006 476 3061 qua
519 3005 575 3043 rc
615 2987 766 3060 plura
816 2987 1060 3043 dicemus
1099 2987 1165 3043 ad
1209 2987 1656 3054 Demosthenem,
1709 2992 1866 3046 cuius
1908 3010 2052 3051 nunc

66 3089 235 3131 unum
292 3083 502 3133 tantum
557 3076 732 3131 locum
786 3076 1032 3132 adscribo
1091 3094 1154 3131 ex
1196 3074 1342 3131 Orat.
1380 3077 1594 3133 XXVII.
1638 3081 1725 3133 68.
1787 3079 1874 3134 καὶ
1929 3085 2049 3151 πρὸς

68 3161 165 3219 ὑπὸ
201 3165 390 3220 τούτων
433 3165 806 3235 ὑβριζομένους.

156 3250 216 3307 In
269 3251 310 3326 S
349 3257 437 3307 32.
494 3271 655 3326 quam
717 3252 1000 3308 molestum
1061 3255 1132 3309 sit
1187 3255 1374 3309 πολλοί
1428 3255 1481 3308 in
1539 3254 1715 3310 verbis
1777 3257 1900 3321 ὁμοῦ
1954 3258 2050 3321 μὲν

63 3338 201 3400 ὄντες
247 3339 476 3415 [πολλοὶ]
520 3373 626 3407 -,
668 3342 1072 3403 διασπασθέντες
1114 3342 1166 3397 δέ
1202 3342 1509 3398 admonitus
1549 3344 1779 3397 senties:
1822 3344 1867 3397 si
1916 3344 2047 3416 quid

67 3433 209 3479 esset
247 3426 547 3484 addendum
591 3430 784 3493 πάντες
829 3431 1006 3503 potius
1046 3447 1205 3502 quam
1249 3432 1434 3485 πολλοί
1469 3430 1790 3486 adderetur:
1834 3430 1924 3486 sed
1967 3433 2046 3486 ni-

68 3512 139 3566 hil
182 3530 344 3584 opus:
391 3516 443 3570 in
481 3519 601 3582 ὂμοῦ
643 3522 780 3580 ὄντες
820 3528 947 3574 sunt
997 3521 1192 3574 omnia.

157 3602 215 3655 ln
271 3601 310 3674 S
350 3606 436 3658 36.
494 3622 594 3660 non
654 3615 734 3663 cst
786 3607 1149 3679 Xenophontis
1206 3625 1396 3663 manus
1465 3609 1900 3661 ἐδεδοίκεσαν
1951 3610 2041 3670 τὴν
