2436 4068
1288 183 1394 234 512

361 331 563 403 recepit
613 330 815 398 δένδρων
861 329 1203 383 παντοδαπῶν
1243 327 1600 392 σύμπλεων
1643 344 1739 398 pro
1776 328 2049 395 ἔμπλεων,
2100 339 2152 385 el
2195 332 2338 386 illam

363 421 612 474 vitiosam
663 418 988 487 scripturam
1040 414 1275 468 munivit
1328 414 1535 468 scilicet
1591 414 1929 486 Hippocratis
1984 418 2128 484 locO,
2182 428 2235 475 et
2278 421 2345 494 (si

361 508 528 563 Musis
601 501 796 576 placet)
861 502 1246 575 Theophylacti
1308 501 1660 567 Simocattae,
1733 511 1963 575 utroque
2039 506 2342 578 depravato.

364 595 564 650 Graeca
617 598 743 645 sunt
789 590 987 654 πλέως,
1043 590 1311 655 ἔμπλεως,
1354 589 1662 654 οὶνοέπλεως,
1701 590 1957 658 ἔκπλεως,
1998 596 2346 661 κατάπλεως,

362 683 618 741 διάπλεως
661 687 781 742 cet„
823 695 959 749 quae
1012 677 1334 749 respondent
1372 677 1550 731 verbis
1599 679 1908 746 πίμπλημι,
1959 683 2345 751 ἐμπίμπλημι,

361 770 745 835 οἷναπίμπλημι
796 774 898 821 cet.
998 764 1100 819 Sed
1148 781 1321 836 neque
1373 767 1761 832 συμπίμπλημι
1818 767 2080 824 Graecum
2130 779 2212 826 est
2250 790 2346 844 pro

364 861 679 924 συμπληρῶ,
719 871 891 925 neque
912 852 1041 908 adeo
1078 853 1392 920 σύμπλεως,
1434 854 1539 908 nisi
1575 853 1669 907 uhi
1704 856 2015 927 pervulgato
2040 859 2343 914 scribarum

362 962 543 999 errore
599 946 667 1010 ἐμ
718 974 777 982 --
842 943 896 995 in
955 963 1062 1008 συμ
1115 971 1190 983 --
1244 942 1406 1006 abiit,
1459 941 1599 1012 quod
1658 946 1956 998 sexcenties
2011 945 2127 1000 fieri
2194 947 2343 1003 solet.

360 1034 560 1105 Nempe
602 1031 917 1086 scribuntur
950 1030 1002 1082 in
1049 1029 1200 1083 libris
1241 1029 1532 1101 plerisque,
1574 1030 1769 1101 quibus
1806 1036 2040 1095 utimur,
2081 1035 2131 1088 ἐν
2167 1043 2220 1089 et
2253 1036 2346 1090 σύν

357 1129 468 1176 tam
494 1120 658 1175 simili
684 1119 884 1182 forma,
928 1124 984 1171 ut
1026 1117 1287 1187 distingui
1330 1125 1636 1188 nequeant,
1672 1119 1774 1172 nisi
1817 1119 1915 1173 hoc
1950 1137 2078 1192 agas
2115 1130 2169 1177 et
2210 1123 2342 1194 quid

358 1211 431 1263 sit
472 1209 732 1264 Graecum
776 1204 905 1277 quid
948 1222 1050 1258 non
1089 1206 1160 1258 sit
1201 1212 1348 1258 certo
1382 1207 1539 1260 scias.
1620 1206 1851 1261 Librarii
1893 1226 2067 1282 neque
2104 1210 2345 1266 solebant

359 1300 435 1352 ita
463 1297 639 1351 facere
676 1310 849 1365 neque
878 1300 1156 1364 poterant,
1197 1294 1378 1364 itaque
1411 1293 1832 1349 innumerabiles
1864 1295 1965 1350 loci
1995 1305 2153 1363 sunt,
2195 1317 2346 1370 prae-

362 1387 550 1441 sertim
593 1385 648 1437 in
690 1382 1032 1453 compositiS,
1073 1381 1163 1435 uhi
1205 1382 1256 1434 ἐν
1295 1413 1371 1421 —-
1410 1381 1533 1445 σύν,
1574 1383 1668 1447 ἐμ·
1707 1390 1759 1437 et
1794 1405 1924 1450 συμ-
1965 1387 2259 1442 oscitanter
2295 1395 2349 1442 et

360 1475 525 1529 stulte
565 1478 692 1526 sunt
734 1472 876 1524 inter
915 1486 972 1523 se
1007 1475 1334 1540 permutata.
1419 1469 1580 1541 Caput
1619 1471 1914 1537 obvolvere,
1955 1481 2013 1528 ut
2051 1474 2150 1530 hoc
2192 1483 2345 1542 utar,

365 1563 567 1617 dicitur
606 1559 800 1614 Atticis
840 1558 1270 1622 ἐγκαλύπτεσθαι
1312 1558 1597 1611 tritissimo
1637 1560 1876 1614 omnium
1921 1578 2056 1616 usu:
2099 1571 2227 1618 sunt
2265 1570 2348 1617 ta-

361 1669 485 1706 men
524 1650 625 1703 loci
668 1646 971 1718 complures
1031 1645 1124 1699 uhi
1175 1646 1655 1712 συγκαλύπτομαι,
1698 1665 2023 1721 quamquam
2067 1651 2351 1707 manifesto

360 1738 713 1800 mendosum,
764 1734 966 1788 nullius
1007 1750 1266 1804 umquam
1303 1735 1665 1804 suspicionem
1709 1738 1904 1802 movit,
1960 1745 2021 1792 ut
2056 1740 2110 1792 in
2153 1740 2343 1813 Cyrop.

363 1828 506 1883 VIII.
551 1843 639 1880 vu.
683 1827 752 1877 98
806 1822 1012 1883 πάντας
1062 1822 1432 1886 δεξιωσάμενος
1480 1826 2007 1894 συνεκαλύψατο
2051 1830 2138 1882 καὶ
2191 1827 2348 1891 οὕτως

363 1916 734 1977 ἐτελεύτησεν,
764 1928 889 1966 vera
926 1912 1228 1982 scriptura,
1271 1929 1336 1964 ne
1371 1911 1545 1965 dicam
1576 1929 1604 1966 e
1631 1916 1899 1968 constanti
1934 1917 2176 1971 omnium
2215 1935 2349 1983 uSU,

365 2006 485 2061 elici
527 2008 737 2075 poterat
779 2017 843 2054 ex
884 1999 1022 2053 VIII.
1063 2017 1150 2053 vn.
1192 2003 1262 2053 26
1293 1998 1417 2054 ὅταν
1459 2001 1502 2055 δ’
1543 2002 1646 2067 ἐγὼ
1686 2004 2208 2073 ἐγκαλύψωμαι.
2289 2005 2351 2061 ln

364 2090 741 2164 Aristophanis
784 2088 936 2142 Pluto
973 2105 1049 2141 vs.
1075 2092 1200 2142 707.

588 2178 732 2245 μετα
772 2180 927 2232 ταῦτ’
968 2178 1071 2242 ἐγὼ
1110 2179 1206 2242 μὲν
1246 2178 1390 2238 εὐθὺς
1431 2181 2062 2249 συνεκαλυψοέμην,

363 2284 689 2343 quamquam
735 2273 968 2321 metrum
1027 2267 1222 2319 misere
1274 2265 1484 2336 iugulat
1524 2274 1703 2321 tamen
1745 2269 2027 2341 plerosque
2064 2287 2247 2327 omnes
2288 2271 2350 2325 li-

365 2360 489 2415 bros
529 2363 744 2430 praeter
790 2355 922 2409 dnos
963 2356 1192 2426 optimos
1235 2354 1468 2409 obsidet:
1524 2372 1639 2410 rem
1678 2373 1778 2410 acu
1820 2360 2031 2429 tetigit,
2083 2366 2143 2412 ut
2184 2358 2348 2425 solet,

365 2447 644 2504 Dawesius
685 2445 740 2498 in
780 2443 999 2498 Miscell.
1044 2442 1175 2498 Grit.
1219 2460 1265 2513 p.
1291 2445 1398 2497 578
1441 2443 1616 2507 Kidd„
1672 2446 1761 2499 cui
1803 2454 2038 2510 temere,
2082 2455 2140 2501 ut
2180 2447 2347 2512 solet,

367 2536 678 2606 obloquitur
732 2530 1051 2587 D'Orvillius
1105 2530 1170 2584 ad
1207 2530 1407 2586 Charit.
1468 2549 1519 2603 p.
1561 2536 1687 2588 275.
1768 2535 1930 2590 Recte
1980 2536 2257 2591 Dawesius
2296 2538 2350 2591 in

369 2625 571 2680 Avibus
619 2639 692 2675 vs.
721 2624 863 2676 1496
903 2637 998 2692 pro
1034 2620 1112 2680 τίς
1155 2620 1177 2673 ὁ
1220 2621 1607 2687 συγκαλυμμός
1648 2624 1889 2693 reposuit
1928 2624 2007 2685 τίς
2047 2627 2350 2692 οὑγκαλυμ-

368 2714 493 2781 μός,
538 2728 710 2782 neque
734 2709 885 2763 facile
923 2708 1215 2780 poenitebit
1254 2726 1612 2780 quemquam,
1649 2712 1694 2763 si
1731 2712 1786 2764 in
1811 2712 2175 2783 Xenophontis
2198 2714 2350 2788 Sym-

367 2803 515 2875 posio
543 2802 586 2856 I.
624 2804 689 2853 14
725 2798 1028 2853 restituerit
1062 2796 1396 2863 παυσοὶμενος
1433 2803 1523 2852 τοῦ
1558 2799 1756 2853 δείπνου
1794 2801 2350 2870 ἐγκαλυψάμενος
2431 2823 2433 2826 ·

366 2890 634 2945 κατέκειτο
691 2903 787 2958 pro
829 2887 1045 2957 vulgata
1086 2886 1588 2955 συγκαλυψάμενος.
1673 2888 1881 2959 Duplex
1935 2890 2133 2943 erroris
2186 2906 2350 2945 causa

367 2987 475 3042 est,
517 2985 569 3032 et
600 2977 910 3046 sequiorutn
947 2991 1105 3038 uSUS‚
1139 2976 1231 3045 qui
1260 2975 1482 3029 verbum
1516 2977 1966 3043 συγκαλύπτομαι
2003 2995 2158 3049 saepe
2196 2996 2349 3033 usur-

365 3067 596 3140 pabant,
647 3071 699 3118 et
741 3080 876 3133 quae
919 3063 1098 3116 oculos
1140 3062 1562 3119 describentium
1604 3063 1817 3119 fallebat
1855 3067 2156 3137 scripturae
2201 3068 2348 3122 simi-

363 3154 563 3218 litudo,
606 3169 767 3224 quam
807 3151 938 3204 mihi
982 3152 1234 3222 inspicito
1274 3152 1468 3223 aliquis
1509 3153 1650 3224 apud
1685 3154 1924 3207 Bastium
1959 3155 2012 3206 in
2047 3154 2343 3210 Comment.

362 3243 634 3314 Palaeogr.
678 3239 806 3294 Tab.
849 3240 889 3292 Ι.
937 3244 1003 3293 10
1053 3248 1104 3293 et
1141 3239 1279 3310 legat
1322 3256 1456 3310 quae
1495 3241 1559 3294 ab
1609 3258 1668 3295 eo
1712 3248 1966 3295 annotata
2005 3249 2130 3296 sunt
2182 3242 2346 3298 huius

367 3331 696 3386 confusionis
751 3327 991 3398 exempla
1045 3327 1108 3380 ad
1165 3327 1382 3397 Gregor.
1438 3328 1674 3383 Corinth.
1736 3347 1787 3400 p.
1840 3333 1904 3383 21
1965 3347 2043 3402 sq.
2105 3338 2159 3384 et
2219 3335 2362 3386 494..

367 3419 542 3476 Semel
595 3418 902 3473 admonitus
937 3416 1134 3486 passim
1179 3415 1433 3470 lectiones
1487 3434 1549 3470 ex
1601 3434 1661 3471 eo
1705 3434 1886 3472 errore
1927 3425 2246 3490 propagatas
2293 3426 2348 3473 ct

371 3525 658 3580 agnoscere
699 3507 873 3561 disces
914 3511 968 3560 et
1013 3504 1223 3574 agnitas
1265 3511 1636 3568 contemnere,
1687 3506 1842 3577 quale
1883 3515 1963 3560 est
2004 3507 2135 3561 illud
2171 3508 2345 3578 ipsum

371 3598 682 3663 σύμπλεων,
741 3595 894 3650 nihili
937 3592 1250 3648 vocabulum
1296 3600 1348 3648 et
1389 3593 1815 3666 explodendum,
1858 3596 2018 3651 etiam
2064 3595 2344 3668 Theophy·
