2436 4068
1010 194 1115 242 445

83 342 141 395 τὸ
176 344 272 393 τῶν
310 337 594 404 προγόνων,
637 343 690 390 et
725 338 1067 408 perspicuum
1109 343 1190 390 est
1232 335 1329 389 hoc
1369 335 1482 389 loco
1523 333 1716 388 melius
1752 335 1915 389 avitos
1951 335 2059 388 ani-

81 444 191 481 mos
264 442 425 496 quam
499 433 746 496 paternos
802 423 1215 480 commemorari
1275 439 1498 487 eorum,
1558 438 1788 494 quorum
1858 424 1947 476 avi
2007 430 2060 476 et

74 514 257 589 proavi
295 513 557 568 Barbaros
600 512 727 568 olim
768 514 1039 567 vicissent.

152 602 215 656 In
269 602 296 672 S
338 606 424 656 17.
479 618 576 672 pro
633 601 858 670 ἔφευγον
910 606 1035 666 γοῦν
1092 599 1497 654 rescribendum
1553 604 1636 653 est
1688 597 1902 668 ἔφυγον.
1995 597 2063 651 Et

76 690 296 760 φεύγειν
337 687 556 759 quidem
598 694 652 742 et
690 693 884 756 φυγεῖν
926 694 1184 760 perpetuo
1225 688 1368 742 inter
1416 705 1473 742 se
1518 693 1931 759 permutantur,
1972 685 2064 740 sed

80 794 348 849 nusquam
390 775 500 832 fere
541 774 775 830 difficilis
828 783 923 830 aut
965 792 1160 847 anceps
1203 777 1346 846 optio
1386 782 1498 830 est:
1540 782 1751 830 tantum
1802 791 1904 829 non
1950 774 2065 828 ubi-

77 882 181 938 que
215 866 402 920 statim
436 865 702 919 sententia
734 864 834 919 loci
874 863 1047 936 palam
1090 862 1221 917 facit
1262 870 1447 918 utrum
1483 863 1679 932 ἔφυγον
1703 880 1769 917 an
1804 862 2060 933 ἔφευγον,

74 953 336 1024 φυγόντες
368 969 437 1006 an
471 954 762 1021 φεύγοντες
807 952 880 1006 sit
920 952 1217 1023 genuinum
1268 968 1331 1005 ac
1365 968 1573 1006 verum.
1657 950 1822 1022 Saepe
1859 951 2067 1006 exsules

79 1043 135 1096 in
162 1041 322 1096 Codd.
358 1039 698 1112 appellantur
736 1043 779 1095 οἱ
819 1040 1083 1110 φυγόντες
1106 1082 1122 1102 ,
1167 1056 1324 1111 saepe
1360 1056 1494 1110 quos
1535 1039 1735 1111 suyisse
1756 1039 1864 1093 dici
1909 1056 2065 1111 appa-

76 1136 162 1186 ret
189 1131 410 1198 φεύγειν
446 1128 724 1184 dicuntur.
764 1128 880 1183 Non
913 1130 1085 1183 maior
1119 1129 1172 1182 in
1215 1127 1300 1182 his
1333 1127 1583 1181 omnibus
1617 1126 1951 1197 corrigendis
1986 1134 2068 1182 est

79 1216 344 1273 dubitatio
383 1234 545 1288 quam
588 1218 645 1271 in
690 1217 921 1284 ἔβαλλον
960 1223 1013 1271 et
1056 1215 1278 1282 ἔβαλον,
1317 1216 1642 1284 προσέβαλον
1679 1222 1732 1270 et
1771 1215 2068 1282 προσέβαλ-

76 1320 195 1371 λον,
231 1305 450 1372 βάλλων
489 1313 543 1360 et
581 1306 799 1371 βαλών,
841 1305 1208 1376 caeterisque,
1250 1321 1387 1376 quae
1428 1303 1626 1376 ubique
1666 1320 1864 1374 susque
1898 1301 2069 1373 deque

78 1394 361 1450 habentur.
456 1393 625 1466 Saepe
675 1393 786 1448 vidi
839 1393 1111 1463 πέφευγεν
1158 1400 1212 1448 et
1267 1393 1548 1463 ἀπέφυγεν
1590 1394 1732 1447 inter
1768 1409 1824 1446 se
1858 1397 2070 1445 mutare

79 1483 288 1545 locum;
341 1482 696 1548 stultissime,
752 1499 984 1554 namque
1041 1481 1306 1553 quomodo
1364 1479 1664 1553 perfectum
1723 1486 1778 1535 et
1833 1480 2068 1534 aoristus

77 1570 225 1627 salva
261 1571 366 1626 loci
386 1572 655 1627 sententia
688 1572 930 1643 possint,
974 1587 1204 1643 quaese,
1247 1570 1579 1642 permutari,
1622 1576 1674 1624 et
1703 1568 2091 1623 diversissima

78 1658 404 1731 significatio
458 1659 745 1715 verborum
800 1659 1020 1728 φεύγειν
1071 1666 1125 1713 et
1166 1658 1531 1728 αποφεύγεινῖ
1614 1657 1815 1711 Tamen
1868 1656 2069 1727 aliquo·

78 1748 182 1803 ties
221 1746 404 1802 doctos
442 1746 686 1803 homines
745 1763 808 1802 ea
847 1763 934 1801 res
975 1745 1177 1802 fefellit.
1258 1748 1318 1802 In
1362 1746 1551 1818 Vespis
1592 1762 1667 1799 νε.
1707 1749 1833 1800 997.
1894 1743 2067 1798 Codex

80 1836 363 1891 Ravennas
403 1835 620 1891 exhibet
659 1835 811 1896 ὅντως
851 1835 1130 1904 πέφευγες
1174 1852 1271 1907 pro
1316 1834 1466 1895 ὅντως
1514 1834 1794 1903 οέπέφυγε;
1852 1848 2070 1904 prorsus

79 1925 199 1980 sine
238 1939 436 1988 sensu,
478 1923 532 1978 id
571 1924 714 1996 quod
754 1931 1040 1979 senserunt
1080 1940 1282 1978 omnes,
1369 1921 1471 1977 Sed
1522 1940 1678 1978 nemo
1719 1922 1888 1977 sensit
1928 1920 2069 1975 idem

80 2011 338 2068 mendum
396 2012 648 2067 Aeschini
708 2011 1012 2068 adhaesisse
1075 2014 1129 2066 in
1182 2010 1558 2082 Ctesiphontea
1611 2011 1639 2078 ἓ
1686 2015 1808 2066 194.
1867 2009 2070 2075 ἐτόλμα

78 2101 124 2156 δ’
165 2103 216 2155 ἐν
262 2102 384 2166 ὑμῖν
419 2101 545 2155 ποτὲ
595 2101 931 2166 σεμνύνεσθαι
971 2103 1254 2168 Ἀριςοφῶν
1296 2101 1482 2160 ἐκεῖνος
1524 2100 1547 2153 ὃ
1587 2099 1849 2167 Ἀζηνιεὺς
1899 2098 2067 2162 λέγων

74 2185 154 2245 ὅτι
193 2189 414 2256 γραφὰς
451 2188 761 2256 παρανόμων
796 2188 1133 2257 πέφευγεν
1174 2188 1530 2254 ἑβδομήκοντα
1567 2188 1654 2242 καὶ
1693 2187 1879 2243 πέντεζ
1921 2187 2065 2258 inep-

76 2276 319 2340 tissime,
361 2282 421 2331 ut
462 2275 646 2339 vide8‚
708 2293 803 2348 pro
841 2277 1139 2347 ἀπέφυγεν.
1221 2276 1360 2343 Quid
1403 2282 1583 2331 autem
1643 2273 1957 2330 Editorihus
1994 2273 2068 2329 sa-

77 2363 222 2429 ciaS,
277 2365 369 2436 qui
412 2381 595 2420 veram
636 2363 921 2419 lectionem
978 2366 1032 2419 in
1075 2371 1308 2436 quatuor
1353 2365 1572 2437 optimis
1623 2363 1774 2418 libris
1815 2362 1940 2417 eklcl
1981 2380 2068 2418 re-

0 2446 1 2458 *
80 2459 286 2525 pettam
325 2459 527 2508 temere
581 2452 944 2524 spreverunt?
1024 2453 1229 2508 Iterum
1269 2460 1562 2524 peccarunt
1607 2453 1662 2506 in
1715 2469 1829 2523 sqq.
1889 2451 2068 2520 Κέφα-

78 2551 167 2603 λος
204 2572 280 2582 —
320 2540 404 2594 ἐπὶ
444 2549 551 2601 τοῖς
599 2542 841 2602 ἐναντίοις
890 2543 1247 2611 ἐφιλοτιμεῖτο
1296 2542 1466 2606 λέγων
1506 2540 1581 2596 ὅτι
1622 2548 1820 2598 πλεῖςα
1859 2539 2069 2596 πάντων

78 2631 363 2698 γεγραφὼς
405 2630 739 2697 ψηφίσματα
802 2630 1043 2695 οὐδεμίαν
1082 2631 1290 2685 πώποτε
1330 2631 1542 2697 γραφὴν
1600 2629 1910 2698 πέφευγε
1966 2650 2068 2683 πα-

77 2717 324 2787 ρανόμων.
403 2715 517 2771 Non
559 2718 792 2772 sensisse
833 2725 1014 2773 autem
1061 2718 1246 2773 doctos
1286 2717 1531 2772 homines
1569 2734 1729 2789 quam
1771 2716 2067 2772 absurdum

78 2812 220 2862 “set
259 2807 314 2859 in
349 2804 443 2860 tali
492 2821 551 2860 re
600 2803 835 2877 perfecto
872 2807 980 2861 uti:
1022 2806 1266 2873 οὐδεμίαν
1306 2806 1513 2860 πώποτε
1554 2808 1766 2875 γραφὴν
1817 2806 2065 2876 πέφευ-

4 2936 5 2940 ,
78 2913 187 2961 γα.
275 2893 517 2961 Quatuor
569 2894 759 2966 optimi
814 2893 940 2948 libri
999 2893 1161 2949 iidem
1220 2911 1380 2949 unam
1442 2893 1739 2949 litterulam
1805 2894 2066 2949 omittunt

82 2982 280 3052 ἔφευγε
321 2989 623 3038 servantes:
682 2981 817 3037 duas
857 2988 1095 3037 exemtas
1143 2983 1379 3054 oportuit
1434 2984 1807 3055 scriptumque
1858 2982 2066 3051 ἔφυγε,

82 3069 533 3143 quemadmodum
576 3071 805 3142 quisque
845 3070 1000 3126 facile
1040 3072 1346 3143 perspiciet.
1403 3072 1739 3143 Quamquam
1778 3070 1907 3125 haec
1947 3086 2065 3142 gra·

82 3158 301 3214 tissima
336 3158 467 3213 vitia
506 3165 666 3222 sunt,
707 3166 886 3214 tamen
927 3160 1147 3231 gravius
1187 3160 1350 3215 etiam
1394 3166 1449 3215 et
1482 3159 1688 3215 foedius
1709 3159 1959 3215 Herodoti
1997 3158 2063 3212 li-

83 3244 207 3302 bros
238 3245 445 3302 obsidet
483 3263 668 3302 omnes
706 3247 817 3302 Vll.
866 3253 987 3303 154.
1045 3249 1071 3319 ς
1112 3252 1164 3303 4.
1217 3254 1315 3303 τῶν
1370 3250 1422 3303 δὲ
1479 3245 1606 3303 εἶπα
1645 3249 1832 3303 πολίων
1870 3247 2061 3301 τούτων

83 3337 220 3396 πλὴν
259 3335 611 3403 Συρηκουσέων
656 3336 872 3403 οὐδεμία
926 3336 1239 3406 πέφευγε
1290 3337 1590 3400 δουλοσύνην
1629 3338 1749 3403 πρὸς
1789 3332 2060 3402 ‘In-mmi-

83 3440 214 3482 τεος.
307 3423 445 3491 Quid
497 3441 631 3497 opus
683 3433 766 3481 est
819 3424 996 3480 verbis
1035 3425 1101 3481 ad
1142 3424 1622 3482 demonstrandum
1663 3422 1894 3479 absurde
1942 3438 2060 3494 per-

84 3507 283 3564 fectum
326 3510 378 3564 in
420 3527 480 3566 ea
520 3530 579 3567 re
630 3516 751 3586 poni
798 3522 852 3569 et
902 3515 1152 3583 ἀπέφυγε
1195 3531 1380 3570 verum
1437 3513 1595 3568 esse?
1658 3511 1713 3565 Si
1757 3510 2058 3565 Herodotus

85 3605 165 3651 est
207 3598 259 3651 in
297 3598 579 3664 manibus,
620 3602 803 3658 eadem
862 3621 1018 3675 opera
1054 3611 1245 3673 φυγεῖν
1288 3621 1381 3674 pro
1415 3602 1634 3668 φεύγειν
1675 3599 1882 3654 duobus
1926 3599 2055 3654 locis

1623 3694 1663 3724 ³3
1694 3692 1711 3711 ⁴
