2436 4068
1291 182 1395 232 588

353 326 615 395 ὠφέλιμόν
655 348 702 381 τι
744 335 967 389 ποιῆσαι.
1048 324 1247 379 Eodem
1302 340 1464 378 sensu
1505 325 1587 378 ἐπὶ
1632 330 1802 392 κοοιροῦ
1845 325 1979 380 dixit
2018 326 2328 382 Demosthe-

354 431 451 467 nes
489 414 554 468 de
595 415 652 468 F.
697 415 752 468 L.
798 418 825 485 §
863 417 989 467 258.
1030 412 1240 478 μάλιςοι
1281 413 1334 466 δὲ
1370 416 1454 465 νῦν
1487 411 1570 465 ἐπὶ
1612 417 1782 480 κοιιροῦ
1819 419 1967 468 τοῦτο
2007 415 2195 479 «γένοιτ’
2234 413 2333 478 ἄν,

358 501 411 554 id
448 508 530 555 est
571 503 791 571 ὠφελοίη
835 499 897 554 ἄν
939 502 1050 555 sive
1093 502 1346 568 χρήσιμον
1387 499 1450 553 ἂν
1484 498 1578 560 εἴη.

435 589 679 643 Manibus
717 597 963 644 tenemus
999 587 1243 643 fraudem
1285 588 1340 639 in
1379 586 1667 659 Cyropaed.
1704 587 1791 643 VI.
1833 607 1886 645 11.
1929 594 2017 644 59.
2069 597 2335 656 γνωςῆροις

361 675 472 740 ἐμοὶ
514 679 862 742 προσαγαγὼν
911 677 1019 750 [καὶ
1057 674 1384 744 ε’γγυητέις],
1426 671 1456 735 ἦ
1487 677 1589 737 μὴν
1623 676 1953 743 πορεύσεσθαι
1997 679 2086 732 σὺν
2120 685 2183 745 τῇ
2219 697 2337 744 ςροο-

360 769 483 831 τιᾷ,
522 765 844 829 λαμβανέτω
886 763 949 820 ὧν
983 769 1132 831 ἡμεῖς
1170 764 1377 832 ἔχομεν.
1457 762 1570 816 Non
1614 769 1696 816 est
1732 764 1873 818 enim
1910 772 2173 836 punctum
2206 772 2340 818 tem-

360 850 507 919 poris
548 850 901 907 dubitandum
926 896 939 917 ‚
981 854 1111 925 quin
1154 851 1351 907 sciolus
1391 849 1585 921 aliquis
1626 850 1750 904 olim
1794 852 1848 904 in
1885 869 1977 906 ora
2014 853 2139 905 lihri
2179 869 2340 905 auno·

360 938 556 991 taverit
596 940 867 1004 ἐγγυητάς
906 941 973 995 ad
1023 938 1488 1013 interpretandum
1538 938 1858 993 vocabulum
1913 939 2151 1010 priscum
2204 940 2338 993 Ioni-

363 1041 487 1078 cum
522 1035 820 1095 γνωςῆροις,
863 1046 995 1100 quos
1030 1029 1381 1084 Athenienses
1420 1026 1722 1091 ἐγγυητάς,
1763 1033 1815 1081 et
1846 1027 2034 1082 Graeci
2069 1028 2343 1099 sequiores

363 1114 650 1182 ἀναδόχους
703 1116 1072 1187 appellabant;
1127 1133 1392 1190 sponsores
1432 1114 1620 1167 Latine
1672 1120 1725 1167 et
1774 1114 2104 1184 fideiussores
2154 1115 2339 1169 dicun-

363 1205 472 1256 tur.
553 1206 752 1271 Γνωςήρ
789 1205 932 1258 enim
977 1205 1152 1279 (quasi
1203 1204 1350 1257 dicas
1399 1201 1648 1274 coquitor)
1692 1208 1809 1266 est,
1848 1202 1937 1273 qui
1975 1221 2127 1273 quem
2164 1211 2341 1256 nolum

365 1304 476 1342 esse
508 1290 608 1344 sibi
646 1311 706 1346 ac
744 1293 850 1363 fide
901 1292 1115 1363 diqnum
1160 1299 1410 1363 praestat.
1492 1291 1595 1344 Res
1636 1306 1732 1360 per
1771 1306 1827 1343 se
1875 1290 1992 1360 ipsa
2048 1291 2180 1344 satis
2227 1307 2342 1362 per-

365 1376 552 1446 spicua
618 1381 780 1434 etiam
855 1381 1052 1435 certior
1112 1379 1171 1433 fit
1234 1396 1297 1434 ex
1359 1378 1701 1432 annotatione
1757 1377 2005 1431 Moeridis
2064 1379 2345 1433 Atticistae

364 1479 417 1532 p.
457 1468 580 1520 116.
659 1475 1050 1535 Γνωςῆροος,
1093 1470 1154 1529 ὡς
1199 1473 1459 1536 Ξενοφῶν,
1518 1467 1634 1526 τοὺς
1674 1465 1915 1531 γνωςοὶς,
1969 1465 2112 1520 hunc
2165 1467 2340 1538 ipsum

367 1549 544 1605 locum
585 1554 955 1625 respicientiS,
1007 1555 1100 1608 ubi
1150 1555 1269 1609 vide
1306 1555 1651 1626 InterpreteS.
1731 1553 1999 1608 Debuerat
2051 1554 2343 1626 Xenophon

367 1639 484 1700 τοὺς
532 1650 796 1710 γνωςῆροις
837 1642 1055 1697 Ionibus
1097 1643 1400 1714 relinquere
1446 1649 1498 1696 et
1549 1659 1637 1695 eos
1686 1658 1833 1696 more
1872 1642 2211 1713 popularium
2253 1645 2344 1708 ἐγ-

367 1728 570 1791 γυητάς
626 1730 926 1802 appellare,
987 1748 1130 1785 nunc
1185 1732 1438 1802 quoniam
1489 1729 1681 1783 maluit
1738 1729 1993 1782 vocabulo
2043 1731 2224 1784 Ionico
2265 1730 2344 1784 uti

368 1814 453 1887 (ut
493 1818 689 1887 passim
730 1818 876 1892 facit)
918 1818 1208 1872 ridiculum
1241 1826 1322 1872 est
1361 1819 1447 1872 καὶ
1489 1816 1760 1883 ἐγγυητάς
1794 1816 2055 1871 additum.
2134 1817 2344 1871 Formis

367 1905 647 1960 nominum
690 1908 744 1960 in
779 1940 852 1947 -—
883 1909 974 1974 τήρ
1016 1906 1166 1961 valde
1203 1906 1456 1960 delectari
1499 1905 1901 1976 Xenophontem
1945 1904 2131 1958 multis
2171 1922 2344 1959 exem-

366 1990 468 2060 plis
509 1992 692 2047 docuit.
738 1996 1021 2049 Piersonus
1073 1994 1137 2047 ad
1196 1994 1445 2048 Moeridis
1486 1994 1694 2058 locum,
1750 2010 1907 2064 quem
1963 1992 2116 2046 modo
2162 1991 2343 2047 essere-

364 2077 573 2134 hamus
652 2082 711 2135 In
753 2082 1079 2155 Cyropaedia
1123 2089 1248 2134 sunt
1292 2081 1388 2135 hae
1444 2081 1677 2135 formae:
1720 2083 2005 2148 ἐπιτακτήρ
2047 2081 2112 2134 11.
2155 2099 2228 2134 111.
2272 2085 2342 2145 4,

364 2168 524 2236 ὀπτήρ
558 2176 610 2223 et
651 2172 856 2238 φροιςήρ
896 2170 985 2223 lV.
1017 2187 1065 2222 v,
1106 2174 1202 2232 17,
1245 2176 1297 2222 et
1338 2171 1534 2222 iterum
1577 2170 1693 2222 ὁδῶν
1733 2174 1978 2236 φροοςῆρκ
2016 2168 2103 2221 xx}
2145 2167 2341 2223 ὑδάτων

361 2255 450 2307 mc)
499 2262 654 2323 χιλοῦ
710 2257 796 2311 κοοὶ
855 2258 1027 2320 σι’του,
1084 2256 1275 2310 deinde
1338 2258 1648 2324 θεραπευτήρ
1699 2256 1812 2310 Vll.
1857 2272 1905 2308 v·
1957 2260 2045 2309 65.
2108 2263 2160 2310 et
2214 2258 2340 2310 οὶπο-

362 2343 578 2411 δεκτήρ,
620 2346 763 2412 δοτήρ
806 2345 942 2398 VIII.
988 2362 1022 2398 1.
1066 2348 1116 2398 9.
1161 2351 1211 2398 et
1255 2347 1450 2411 μνηςήρ
1492 2344 1628 2397 VIlI.
1671 2362 1738 2398 iv.
1782 2348 1864 2397 15.
1946 2343 2242 2414 Tantopere
2283 2361 2343 2398 ea

362 2439 509 2485 amat
549 2433 838 2504 Xenophon
883 2440 943 2486 ut
979 2432 1365 2503 Spartanorum
1402 2431 1668 2499 ἁρμοςοές,
1710 2449 1843 2502 quos
1883 2432 2080 2502 passim
2118 2431 2217 2485 hoc
2254 2449 2342 2486 no-

360 2520 508 2573 mine
550 2520 829 2590 designare
870 2520 1036 2584 solet,
1080 2520 1239 2573 semel
1284 2519 1337 2573 i'n
1380 2520 1580 2575 Hellen.
1618 2520 1705 2573 1V.
1748 2537 1856 2572 vm.
1902 2523 1992 2573 59.
2049 2520 2343 2591 appellave-

362 2609 434 2662 rit
475 2611 783 2676 οὲρμοςῆροις.
863 2609 1040 2662 Ionica
1077 2625 1193 2662 esse
1234 2608 1363 2662 haec
1406 2603 1584 2661 omnia
1626 2625 1781 2662 nemo
1825 2609 2029 2661 nescit:
2071 2608 2341 2663 abstinent

362 2696 560 2751 talibus
601 2697 798 2761 Attici,
841 2698 943 2750 nisi
982 2697 1122 2767 quod
1163 2704 1410 2764 κλητῆρες
1447 2696 1729 2760 dicebant,
1771 2695 1910 2767 quod
1946 2702 2099 2749 vetus
2131 2695 2339 2750 forense

360 2784 678 2838 vocabulum
735 2801 798 2838 ex
851 2784 1059 2855 legibus
1111 2784 1349 2839 Soloneis
1391 2791 1632 2839 sumtum
1687 2801 1801 2838 esse
1843 2789 2022 2856 patet,
2085 2784 2246 2838 sicuti
2288 2792 2340 2840 et

363 2881 633 2942 πρατῆρες.
714 2879 975 2940 Κλητῆρες
1026 2874 1077 2925 in
1132 2872 1289 2926 Codd.
1334 2872 1504 2926 solent
1557 2873 1608 2925 in
1664 2874 1903 2939 κλήτορες
1951 2871 2228 2942 depravari
2275 2891 2338 2927 ex

366 2962 539 3015 fallaci
580 2960 849 3029 analogia,
892 2960 1341 3032 quemadmodum
1389 2962 1568 3014 Ionica
1608 2963 1833 3028 πρηκτήρ
1875 2966 1926 3013 et
1972 2962 2122 3027 ῥητήρ
2166 2961 2340 3014 Attice

364 3049 601 3118 πράκτωρ
642 3056 694 3102 et
734 3051 890 3116 ῥήτωρ
932 3049 1210 3102 sonabant.
1294 3048 1446 3119 Apud
1497 3049 1783 3102 Homerum
1824 3053 1905 3102 est
1941 3050 2215 3114 κοιλήτωρ,
2259 3068 2338 3103 ca-

365 3139 514 3192 lator.
594 3135 793 3190 Eadem
846 3136 1179 3190 necessitudo
1221 3143 1300 3189 est
1344 3138 1482 3189 inter
1535 3138 1787 3204 θηροιτής,
1839 3135 2059 3203 empore-cop
2105 3143 2158 3189 et
2197 3138 2336 3203 θηρη-

362 3230 488 3293 τήρε
530 3226 824 3289 κοτμητής,
865 3225 1131 3290 κοσμήτωρ
1168 3230 1220 3277 ct
1255 3226 1547 3291 κοσμητήρε
1588 3225 1821 3285 olum-244,
1871 3224 2078 3290 οἰκήτωρ
2119 3230 2171 3277 et
2207 3226 2337 3287 οἰκη-

362 3318 482 3381 τήρ,
536 3313 775 3382 aliisque.
858 3311 1024 3378 Quem
1069 3312 1232 3364 Attici
1273 3313 1504 3373 αὐλητήν
1554 3328 1673 3364 eum
1736 3311 1888 3364 Iones
1939 3315 2208 3379 αὐλητῆροι
2248 3329 2336 3384 ap-

361 3403 593 3474 pellant,
647 3417 803 3470 quem
846 3399 935 3452 illi·
975 3400 1195 3466 ὀρχηςήν
1237 3398 1291 3451 hi
1337 3401 1632 3466 ὂρχηςῆροι,
1691 3415 1846 3469 quem
1900 3402 2059 3467 λῃςήν
2111 3400 2336 3454 Athenis

362 3489 580 3553 dicunt,
621 3488 745 3542 olim
770 3487 920 3541 Iones
959 3490 1208 3553 λη’ίςῆροο,
1250 3492 1300 3540 et
1339 3488 1414 3539 sic
1447 3494 1703 3553 μοοςῆρες,
1744 3488 2057 3555 ἔργοιςῆρες,
2096 3496 2334 3550 σκαπτῆ-

367 3599 479 3643 ρες,
520 3583 842 3644 λυμαντῆρες
885 3575 1060 3629 Ionica
1098 3582 1253 3638 sunt,
1295 3574 1490 3646 quibus
1538 3573 1784 3628 lubenter
1834 3575 2124 3647 Xenophon
2163 3577 2337 3629 utitur
