2436 4068
1326 225 1428 275 188

381 369 631 439 corrige:
688 369 812 432 ἡνίκ’
860 369 889 433 ἦ
941 372 983 421 ’ν
1035 367 1175 435 μέσῳ
1230 365 1396 435 πόρῳ,
1453 359 1557 420 nisi
1611 364 1746 419 sorte
1805 365 2016 437 putabis
2069 366 2172 431 εἰμὶ
2229 364 2369 433 μέσῳ

393 457 524 525 πόρῳ
567 457 679 511 sine
718 454 1108 527 praepositione
1143 459 1287 508 recte
1329 453 1435 507 dici
1472 470 1640 524 posse.

470 544 613 598 Nihil
650 545 844 597 attinet
883 543 1024 596 locos
1063 541 1339 603 indicare,
1384 540 1475 594 ubi
1516 537 1547 601 ἦ
1585 540 1667 595 vel
1699 547 1836 608 παρῆ
1876 539 2118 610 Tragicis
2151 539 2372 594 redden-

399 630 465 684 da
507 648 622 684 esse
671 635 956 701 appareat:
999 627 1187 682 utilius
1236 629 1290 681 in
1338 627 1438 682 hac
1479 629 1595 700 ipsa
1634 627 1810 682 sabula
1860 626 2172 692 ostendam,
2214 642 2375 698 quam

398 717 555 772 facile
591 717 851 771 librorum
889 716 1182 770 auctoritas
1212 716 1375 770 etiam
1417 717 1616 788 optime
1650 716 1826 769 Attice
1861 714 2088 768 scientes
2128 714 2378 786 decipiat.

397 806 460 860 ‹In
500 804 658 860 Codd.
702 811 783 859 est
823 822 900 858 vs,
939 809 1065 859 950.

705 893 946 953 κλύοντες
987 891 1256 952 εἰσιδόντες
1296 894 1360 953 ὥς
1398 891 1614 958 τέχναις
1652 892 1769 945 θεῶν

700 977 893 1035 ὤλοντ’.
936 981 1036 1045 ἐγὼ
1077 979 1129 1033 δὲ
1167 979 1395 1046 προδότις
1436 980 1525 1031 οὐκ
1563 976 1643 1046 ἄρ’
1686 977 1742 1042 ἦν
1781 978 1965 1044 Φίλων.

475 1068 763 1122 Picrsonus
813 1066 879 1121 ad
927 1066 1145 1121 Moerid.
1198 1084 1248 1137 p.
1294 1069 1416 1119 172.
1459 1082 1521 1119 ex
1562 1065 1791 1139 Etymol.
1842 1066 1978 1136 Mag.
2019 1082 2071 1136 p.
2108 1069 2247 1130 430,
2293 1070 2378 1120 15.

390 1156 665 1226 ‘protraxit
707 1156 1032 1226 scripturam
1083 1156 1172 1207 οὐκ
1224 1154 1358 1218 ἤμην
1403 1155 1605 1222 φίλων,
1661 1170 1822 1225 quam
1873 1169 2041 1223 quum
2086 1153 2380 1208 Macedoni-

400 1243 501 1297 bus
541 1250 595 1296 et
646 1242 1022 1296 Alexandrinis
1075 1247 1127 1294 et
1177 1239 1310 1294 faeci
1365 1240 1748 1295 Graeculorum
1800 1239 2023 1294 debebat
2080 1241 2384 1312 relinquere

402 1328 753 1401 »Etymoloqi
789 1330 1091 1383 auctoritate
1113 1329 1146 1351 '⁹
1198 1329 1436 1398 recepit,
1478 1345 1636 1399 quem
1680 1327 1988 1382 Dindorfius
2028 1335 2246 1382 secutus
2284 1335 2382 1383 est.

402 1418 639 1472 Debetur
678 1417 777 1470 hoc
809 1419 1012 1484 ἓρμαῖον
1054 1417 1278 1486 Georgio
1315 1416 1675 1470 Choerobosco
1722 1433 1771 1487 p.
1810 1418 1948 1478 882,
1995 1419 2095 1479 10,
2137 1432 2295 1486 quem
2339 1416 2384 1469 si

402 1507 524 1578 quis
563 1505 614 1558 id
654 1504 755 1558 sibi
797 1504 991 1558 hahere
1038 1505 1257 1558 iusserit
1301 1510 1353 1557 et
1402 1503 1649 1574 Euripidi
1689 1505 1777 1556 οὐκ
1815 1501 1895 1570 ἄρ’
1937 1501 1967 1565 ἦ
2006 1503 2174 1571 φίλων
2210 1502 2384 1557 reddi-

403 1595 580 1657 derit,
622 1609 745 1648 eum
786 1593 909 1647 boui
950 1593 1127 1646 critici
1169 1591 1342 1645 officio
1382 1589 1629 1644 functum
1673 1606 1787 1644 esse
1829 1590 2161 1644 existimabo,

479 1683 539 1737 In
581 1682 809 1737 Helenae
850 1697 924 1734 vs,
962 1685 1048 1734 77.
2024 1682 2027 1683 ’

706 1771 760 1824 τί
792 1771 865 1832 δ’,
906 1766 940 1822 ὦ
981 1768 1301 1834 ταλαίπωρ’,
1341 1765 1445 1827 δ’ςις
1488 1767 1549 1820 ὣν
1590 1770 1649 1831 μ’
1685 1766 2028 1835 οἷπεςροὲφης;

404 1871 700 1929 numquam
753 1864 807 1911 te
847 1855 1092 1927 expedies
1144 1854 1312 1909 donec
1362 1853 1467 1915 δ’ςις
1508 1851 1560 1907 εἷ
1602 1853 1989 1908 emendaveris,
2071 1851 2236 1922 Saepe
2282 1849 2386 1913 δ’ςις

404 1944 481 2009 εἷ,
524 1944 627 2006 δ’ςις
660 1947 776 1998 ποτ’
816 1941 893 2008 εἷ,
935 1943 1043 2007 ἥτις
1085 1940 1136 1996 εἷ
1168 1943 1292 1996 ποτέ
1327 1940 1511 1996 eodem
1554 1941 1709 1995 modo
1746 1941 2060 2012 interposita
2101 1939 2242 2010 apud
2283 1940 2390 1994 Eu·

403 2033 630 2104 ripidem
686 2033 958 2102 leguntur.
1039 2029 1296 2100 Exemplo
1336 2046 1442 2083 uno
1497 2035 1620 2082 utar
1666 2037 1725 2083 ut
1774 2028 1933 2082 simul
1991 2025 2268 2081 emendem
2311 2026 2387 2079 lo-

405 2133 564 2185 cum,
608 2121 698 2190 qui
743 2120 912 2173 estin
956 2118 1119 2188 Iphig.
1168 2117 1330 2171 Taur.
1369 2120 1495 2170 482.

704 2208 763 2260 ’τί
802 2208 954 2259 ταῦτ’
995 2206 1149 2271 ὂδύρει
1185 2203 1314 2257 mirri
1357 2210 1463 2263 τοῖς
1503 2203 1754 2268 μέλλουσι
1797 2201 1859 2269 νῴ

709 2299 908 2347 κακοῖο-ι
949 2297 1162 2354 λυπεῖς,
1205 2288 1314 2352 ἥτις
1349 2286 1400 2343 εἴ
1439 2293 1588 2350 ποτ’,
1633 2287 1667 2342 ὦ
1703 2289 1898 2353 >aivam

402 2383 498 2438 'ubi
548 2379 927 2451 corrigendum
981 2377 1194 2431 videtur
1234 2377 1363 2431 κάπὶ
1415 2385 1519 2438 τοῖς
1562 2376 1813 2441 μέλλουσι
1869 2378 1958 2443 νῷν
2011 2383 2173 2430 λυπεῖ
2218 2381 2386 2429 κακοῖ-

407 2493 502 2526 O'W.

475 2558 542 2611 ÷In
585 2568 744 2611 versu
775 2561 863 2610 97.

709 2645 795 2698 τὸν
835 2641 1044 2704 Πηλέως
1085 2644 1178 2695 τιν’
1220 2638 1341 2695 οἷσθ’
1383 2641 1648 2708 Ἀχιλλέα
1689 2641 1868 2705 γόνονς

409 2731 796 2788 inextricabilis
836 2736 914 2784 est
955 2728 1272 2793 difficultaS‚
1314 2745 1474 2799 quam
1518 2729 1595 2782 sic
1639 2727 1950 2781 sustulerim
1997 2733 2054 2780 ut
2093 2725 2387 2782 scribatur:

713 2817 980 2886 ’Ἀχιλλέα
1020 2821 1113 2871 τιν’
1154 2813 1296 2870 οἷο-θα
1333 2816 1543 2877 Πηλέως
1581 2815 1754 2880 γόνον;

486 2909 546 2961 In
589 2923 747 2961 versu
790 2909 892 2960 116
935 2923 1012 2975 sq.

634 3004 749 3050 EA.
837 2991 964 3053 εἶδες
1005 2995 1068 3046 σὺ
1108 2994 1198 3054 τὴν
1239 2993 1445 3053 δύςηνον
1487 2992 1514 3054 ἢ
1555 2991 1722 3044 κλύων
1760 2989 1969 3054 λέγειςς

636 3091 798 3135 ΤΕΤ.
840 3080 1004 3148 ὥσπερ
1043 3080 1100 3133 σέ
1133 3081 1219 3144 γ’,
1262 3081 1398 3134 οὐδὲν
1439 3076 1625 3140 ἧσο-ον,
1667 3079 1957 3146 ὀφθαλμοῖς
1999 3078 2132 3144 ὁρῶν.

411 3170 667 3227 emenda:
722 3168 886 3235 ὥσπερ
936 3174 982 3221 ο·’
1036 3169 1138 3231 ἐγὼ
1194 3167 1331 3221 οὐδὲν
1386 3163 1533 3227 ἧσο-ον
1587 3168 1877 3234 ὀφθαλμοῖς
1932 3166 2037 3231 ὁρῶ.
2137 3164 2389 3230 Quamvis

410 3265 537 3313 nota
577 3258 836 3331 synizesis
876 3255 1116 3309 indoctos
1156 3255 1359 3308 scribas
1400 3252 1581 3307 fefellit
1623 3259 1673 3306 et
1716 3254 1767 3304 in
1810 3268 2019 3306 errores
2060 3252 2246 3308 trahit.
2327 3251 2385 3304 In

412 3344 792 3416 Thesmophor.
835 3347 994 3396 1197.
1039 3342 1129 3395 ubi
1171 3344 1223 3394 in
1267 3340 1515 3395 omnibus
1555 3347 1668 3393 est:

713 3435 839 3486 ἀλλ’
879 3433 967 3484 οὐκ
1010 3429 1080 3483 ἔνι’
1121 3430 1236 3483 ὠδέν
1261 3473 1274 3492 ,
1313 3430 1462 3483 οὲλλοὶ
1502 3429 1559 3481 τὸ
1602 3428 1813 3492 σνβίνην
1855 3426 2022 3491 λαβέ,

407 3522 629 3576 Photius
698 3538 746 3574 V.
804 3519 1014 3582 Συβήνη
1078 3518 1308 3569 servavit
1377 3515 1660 3569 lectionem
1723 3516 1847 3568 ἀλλ’
1907 3516 1994 3567 οὐκ
2062 3513 2167 3581 ἔχω
2234 3513 2387 3577 οὐδέν,

407 3626 572 3680 quare
614 3607 923 3678 scripserim
960 3607 1085 3659 ἀλλ”
1121 3606 1206 3658 οὐκ
1249 3604 1343 3657 ἔκω
1374 3603 1531 3658 οὐδέν.
