2436 4068
1028 205 1134 255 657

158 349 373 405 Subolet
406 347 542 403 mihi
590 347 780 401 vitium
822 346 875 401 in
926 346 1145 403 Memor.
1180 348 1272 403 111.
1315 365 1390 402 111.
1433 353 1504 414 9,
1546 347 1637 404 uhi
1681 365 1844 420 quum
1887 348 2050 403 dixis.

78 444 158 492 set
194 437 467 492 Socrates:
504 435 579 490 ἔτι
616 437 667 488 ἐν
707 436 864 490 παντὶ
905 435 1185 503 πράγματι
1233 439 1276 491 οἱ
1316 435 1560 505 ἄνθρωποι
1600 437 1796 498 τούτοις
1835 438 2047 503 μοέλιςα

74 525 294 580 ἐθέλουσι
338 525 593 579 πείθεσθαι
632 521 715 582 οὓς
755 522 819 576 ἂν
861 526 1086 588 ἡγῶνται
1132 525 1408 589 βελτίςους
1447 522 1611 590 εἶναι,
1645 525 1841 597 triplex
1880 526 2045 579 huius

74 614 155 668 rei
206 611 507 683 exemplum
554 609 738 664 afferte
779 611 866 664 καὶ
906 611 1011 678 γὰρ
1052 613 1102 664 ἑν
1157 611 1281 680 νόσῳ
1333 609 1382 666 ὃν
1424 612 1488 666 ἂν
1541 616 1768 679 ἡγῶνται
1815 613 2044 681 ἰατρικώ-

74 721 231 755 τατον
270 697 399 754 εἶναι
435 699 596 766 τούτῳ
634 697 844 763 μέλις-α
894 699 1185 761 πείθονται,
1227 699 1312 753 καὶ
1361 702 1384 753 ε’
1399 723 1422 754 ν
1469 703 1684 771 πλοίῳ
1730 704 1772 756 οἱ
1819 702 2044 756 πλέον·

72 809 175 849 τες
210 787 262 842 ὃν
306 788 371 842 ἂν
411 786 941 852 κυβερνητικώτατον,
994 786 1081 840 καὶ
1120 787 1170 839 ἐν
1207 789 1439 858 γεωργίᾳ
1484 788 1534 843 ὃν
1575 790 1639 844 ἂν
1687 789 2048 858 γεωργικώτα-

70 898 174 932 τον.
251 875 366 931 Non
406 881 555 946 potes
595 890 699 927 non
739 875 939 928 sentire
977 891 1139 945 quam
1189 875 1258 928 sit
1310 876 1680 946 importunum
1719 882 1763 933 οἱ
1800 879 2046 939 πλέοντες

71 972 307 1036 etquam
348 964 515 1017 scitae
547 961 708 1016 huius
742 960 846 1014 loci
881 962 1250 1032 compositioni
1285 961 1514 1029 officiat,
1556 965 1648 1018 sed
1683 967 1728 1019 si
1762 966 2046 1030 deleveriS,

70 1069 257 1107 manca
300 1051 469 1105 oratio
501 1051 605 1104 erit
643 1056 698 1103 et
739 1066 804 1103 ne
846 1049 978 1103 satis
1021 1065 1145 1103 vera
1185 1050 1434 1121 quidem,
1479 1068 1602 1106 nam
1641 1069 1796 1124 saepe
1838 1054 2046 1108 Socrati

71 1143 101 1205 ἧ
139 1141 351 1201 ναυτικὴ
403 1137 602 1201 ἀταξία
655 1137 787 1192 solet
840 1155 955 1192 esse
1006 1137 1060 1190 in
1118 1154 1244 1201 ore,
1286 1146 1344 1193 ut
1378 1139 1470 1194 111.
1511 1157 1561 1194 v.
1603 1142 1653 1194 6.
1715 1141 1779 1214 (οἱ
1834 1143 1885 1195 ἕν
1925 1149 2045 1202 ταῖς

70 1226 267 1301 ναυσὶν)
309 1224 432 1280 ὅταν
469 1227 625 1292 μηδὲν
663 1227 933 1295 φοβῶνται
973 1226 1127 1290 μεςοί
1175 1228 1299 1280 εἰσιν
1339 1227 1583 1291 ἀταξίας.
1664 1228 1802 1282 Huic
1843 1229 2044 1283 incom-

14 1336 18 1338 ·
70 1315 227 1372 modo
266 1315 464 1387 optime
504 1313 804 1369 medeberis
843 1320 896 1368 et
938 1313 1098 1367 simul
1142 1314 1281 1368 unde
1343 1323 1530 1370 natum
1581 1316 1652 1370 sit
1705 1319 1748 1371 οἱ
1799 1318 2043 1378 πλέοντες

70 1403 372 1474 intelligeS,
414 1402 460 1457 si
502 1418 711 1456 mecum
736 1418 985 1473 repones:
1027 1403 1114 1456 καὶ
1154 1405 1205 1457 ἐν
1245 1406 1384 1472 πλῷ
1426 1401 1476 1458 ἓν
1515 1404 1578 1459 ἂν
1606 1405 2049 1473 κυβερνητικώτα-

69 1513 170 1548 τον.
249 1491 461 1546 Dicitur
512 1491 655 1544 enim
699 1492 750 1544 ἐν
799 1491 923 1559 νόσῳ
962 1491 1048 1545 καὶ
1094 1493 1144 1546 ἐν
1185 1495 1299 1562 πλῷ
1341 1493 1429 1548 καὶ
1467 1494 1518 1546 ἐν
1574 1494 1804 1564 γεωργίᾳ
1859 1492 2045 1548 codem

67 1596 228 1636 sensu
269 1586 429 1651 atque
477 1576 601 1633 ὅταν
653 1584 827 1634 νοσῶσι
869 1580 955 1633 καὶ
999 1580 1194 1635 πλέωσι
1236 1582 1322 1636 καὶ
1365 1588 1693 1650 γεωργῶσιν,
1734 1589 1894 1654 atque
1943 1581 2044 1637 hoc

67 1670 243 1742 ipsum
284 1673 366 1722 est
406 1666 545 1739 quod
588 1668 852 1722 sententia
894 1666 995 1722 loci
1034 1671 1278 1741 requirit.
1360 1670 1476 1725 Alia
1512 1672 1649 1726 ratio
1691 1678 1771 1726 est
1810 1669 1913 1724 loci
1938 1669 2043 1725 ¹III.

67 1776 138 1813 lx.
182 1762 266 1812 10.
324 1755 413 1810 ubi
465 1763 861 1828 componuntur
915 1757 965 1811 ἕν
1007 1756 1093 1819 νηῒ
1126 1789 1197 1799 -—
1240 1758 1327 1813 καὶ
1383 1761 1433 1813 ἐν
1485 1761 1716 1830 γεωργίᾳ
1750 1793 1822 1803 —-
1861 1759 1947 1813 καὶ
1993 1759 2044 1812 ἐν

69 1846 194 1914 νόσῳ
225 1877 300 1885 -
331 1843 418 1898 καὶ
457 1844 507 1897 ἐν
548 1844 863 1911 σωμασκίᾳ,
916 1844 970 1898 ἰη
1012 1845 1207 1916 quibus
1249 1847 1498 1902 omnibus
1546 1847 1748 1903 dicitur
1787 1848 1810 1900 ὂ
1860 1844 2044 1903 ε’πιςοὶ-

67 1954 216 2000 μενος
257 1931 473 2000 ἄρχειν,
512 1930 652 2003 quod
703 1948 889 1986 verum
933 1940 1043 1988 est:
1085 1940 1181 1989 τῶν
1224 1936 1274 1989 ἐν
1311 1944 1375 2005 τῇ
1417 1935 1501 1999 νηῒ
1543 1935 1749 1991 πάντων
1791 1937 1812 1990 ὅ
1860 1933 2043 1993 sim-302·

67 2042 216 2088 μενος
256 2020 409 2089 ἄρχει
452 2026 504 2074 et
545 2020 599 2073 in
641 2018 747 2074 alto
786 2028 839 2075 et
881 2021 936 2074 in
978 2030 1167 2093 portu,
1226 2041 1330 2077 non
1384 2031 1594 2079 tantum
1638 2023 1761 2080 ὅταν
1802 2025 2043 2079 πλέωσιν.

69 2109 297 2165 Confusa
337 2125 453 2163 esse
489 2108 647 2177 πλοίῳ
689 2115 741 2163 et
777 2111 891 2177 πλῷ
941 2127 1096 2164 nemo
1142 2112 1432 2167 mirabitur
1470 2114 1564 2185 qui
1607 2113 1917 2168 meminerit
1961 2129 2044 2168 eo-

66 2215 188 2253 rum
227 2213 362 2269 quae
402 2195 467 2251 de
511 2213 573 2250 ea
612 2213 671 2251 re
707 2196 772 2250 ad
815 2195 1228 2253 Oeconomicum
1271 2202 1668 2257 annotavimus,

141 2285 389 2341 Mendum
441 2285 581 2339 inest
621 2285 675 2338 in
733 2284 1143 2341 Nicomachidae
1200 2288 1416 2359 querela
1457 2290 1547 2343 111.
1590 2307 1659 2344 ιν.
1707 2293 1754 2343 1.
1813 2290 1905 2355 ἐμὲ
1945 2291 2040 2355 μὲν

64 2378 165 2442 οὐχ
205 2373 392 2429 εἵλοντο
432 2368 483 2432 ὃς
520 2374 577 2426 ἐκ
620 2372 923 2439 καταλόγου
954 2375 1322 2443 ςρατευόμενος
1361 2377 1789 2446 κατατέτριμμαι
1830 2377 1918 2431 καὶ
1955 2391 2042 2432 λο-

63 2467 253 2531 χαγῶν
292 2460 380 2516 καὶ
419 2459 717 2528 ταξιαρχῶν
757 2462 845 2516 καὶ
886 2463 1171 2531 τραύματα
1227 2466 1321 2519 ὑπὸ
1362 2466 1459 2519 τῶν
1509 2467 1766 2532 πολεμίων
1808 2470 2044 2521 τοσαῦτα

67 2551 232 2620 ἔχων,
277 2548 415 2622 quod
457 2549 535 2603 sic
565 2551 765 2621 optimc
801 2550 1194 2623 deprehendes,
1231 2562 1283 2607 et
1322 2553 1709 2626 deprehensum
1740 2554 1924 2608 statim
1960 2571 2041 2610 sa-

65 2638 248 2702 nabiS,
293 2638 338 2691 si
374 2636 661 2709 diligenter
699 2639 1146 2695 animadverteris
1188 2659 1292 2713 quo
1327 2659 1488 2697 sensu
1527 2644 1919 2711 κατατρίβομαι
1959 2643 2042 2698 vel

64 2727 488 2794 κατατέτριμμαι
529 2732 678 2780 ποιῶν
718 2747 767 2782 τι
810 2727 1039 2784 dicatur.
1120 2730 1396 2785 Facillime
1438 2730 1488 2785 id
1531 2730 1708 2803 colligi
1762 2738 1936 2804 potest
1975 2748 2040 2787 ex

64 2814 439 2888 Aristophanis
479 2813 779 2885 fragmento
820 2816 958 2888 apud
1000 2818 1190 2873 Athen.
1237 2837 1283 2891 p.
1329 2823 1449 2874 184.
1491 2820 1552 2875 E.

288 2901 393 2963 ἕςις
436 2905 613 2963 αὐλοῖς
650 2904 738 2958 καὶ
774 2905 975 2973 λύραισι
1017 2908 1444 2976 κατατέτριμμαι
1481 2909 1740 2977 χρώμενος

290 2990 409 3046 εἶτα
446 3012 517 3057 με
558 2990 812 3048 σκάπτειν
851 2995 1115 3059 κελεύεις;

60 3090 115 3138 el.
151 3097 180 3137 e
220 3080 456 3136 Platonis
497 3079 610 3135 loco
650 3079 715 3135 de
758 3082 883 3155 ssep.
912 3083 1001 3138 ΙΙΙ.
1046 3101 1094 3157 p.
1128 3088 1253 3140 405.
1297 3085 1352 3140 B.
1406 3084 1530 3142 ὅταν
1567 3107 1646 3146 τις
1688 3086 1744 3140 τὸ
1779 3088 1912 3141 πολὺ
1949 3091 2036 3141 τοῦ

61 3170 178 3236 βίον
217 3171 269 3224 ἐν
307 3170 610 3237 δικαςκρίοις
650 3171 862 3239 φεύγων
916 3193 974 3226 τε
1014 3173 1101 3227 καὶ
1143 3173 1326 3228 διώκων
1380 3175 1796 3241 κατατρίβηται,
1852 3173 2040 3228 simili-

66 3256 270 3328 busque
304 3255 463 3322 lociS,
506 3256 595 3311 ubi
636 3260 693 3312 τὸ
736 3263 1152 3330 κατατετρῖφθαι
1196 3278 1298 3316 non
1341 3262 1587 3317 detritum
1627 3279 1735 3315 esse
1770 3260 2040 3330 significat

64 3351 157 3399 aut
196 3345 464 3408 our-ilum,
518 3345 608 3401 sed
665 3347 803 3419 quod
850 3347 1035 3404 Latine
1092 3349 1293 3405 dicitur
1343 3350 1520 3405 tristem
1571 3368 1678 3404 esse
1730 3356 1781 3403 et
1840 3348 2038 3405 Graece

63 3433 250 3500 τρίβων
290 3430 430 3498 εἰμι’,
470 3441 521 3486 et
566 3443 859 3507 usurpatur
894 3436 956 3492 dc
1008 3437 1269 3508 singulari
1323 3440 1545 3511 peritia,
1600 3454 1760 3508 quam
1813 3438 1933 3508 quis
1975 3453 2039 3491 ex

66 3521 222 3593 longo
266 3536 360 3573 usu
405 3518 689 3593 collegerit.
773 3524 957 3598 ltaque
998 3528 1423 3596 κατατέτριμμαι
1468 3525 1832 3596 ςρατευόμενος
1876 3524 1919 3579 is
1962 3522 2036 3578 di-

1617 3619 1659 3649 ⁴7
