2436 4068
1334 233 1437 284 412

391 381 571 443 μοντ’
614 379 909 432 ἐνταῦθα
969 383 1282 430 annotatum
1324 384 1436 430 est:
1480 380 1702 432 ἐνταῦθα
1757 382 2198 447 συναληλιμμένον
2239 386 2355 449 άμ·

393 469 472 536 φί
483 467 650 533 βολό
664 487 687 519 ν
729 468 860 527 ἐςιν,
904 462 926 517 ὃ
964 465 1050 517 καὶ
1104 465 1479 528 ἐπιτετήδευκε.
1514 466 1727 520 διελόντι
1767 468 1818 520 δὲ
1858 470 1914 522 τὸ
1955 470 2048 534 μέν
2090 472 2191 526 ἐςιν
2233 473 2355 525 ε’νέ·

392 574 632 620 μοντο,
672 555 727 606 τὸ
769 554 819 607 δὲ
858 552 1276 617 ἀπενέμοντο
1332 553 1558 609 τουτέςιν
1609 555 2136 619 ἀνεγίγνωσκον.
2216 558 2354 612 Num

394 650 451 695 tu
512 641 640 712 quid
688 639 1071 694 animadvertis
1121 642 1172 694 in
1215 641 1299 694 his
1345 641 1485 711 quod
1523 641 1592 694 sit
1636 643 1973 709 ἀμφίβολον,
2034 651 2084 698 et
2139 648 2355 700 omnino

392 729 519 799 quid
560 729 776 781 tandem
820 727 974 780 homo
1030 728 1173 783 dicat
1230 727 1526 798 intelligis?
1606 728 1804 800 Nempe
1859 733 2165 799 ἀμφιβολία
2219 734 2358 787 inest

391 818 445 869 in
486 832 610 870 vera
662 814 889 869 lectione
942 816 1005 870 ἂν
1047 817 1278 882 ἐνέμοντο
1328 833 1450 871 cum
1503 817 1801 882 άνενέμοντο
1861 818 2116 884 confusa,
2176 827 2229 874 et
2280 822 2357 875 sic

394 902 769 973 corrigendum
811 909 917 957 est:
959 903 1171 959 διελόντι
1206 906 1257 959 δὲ
1292 907 1349 959 τὸ
1392 905 1486 970 μέν
1527 906 1629 962 ἐςιν
1688 905 1763 958 ἂν
1819 907 2168 972 ἐνέμοντο,
2208 910 2265 962 τὸ
2307 909 2357 962 δὲ

389 991 801 1056 ἀνενέμοντο
842 992 1069 1049 τουτέςιν
1109 993 1636 1057 ἀνεγίγνωσκον.
1717 993 1883 1048 Vetus
1936 993 2184 1064 loquendi
2228 1013 2358 1050 usus

389 1097 494 1151 quo
537 1079 669 1144 νέμω
694 1121 708 1143 ,
763 1078 1031 1144 ἀννέμειν,
1088 1081 1397 1146 ἀπόνειμον,
1453 1079 1762 1146 ἐπινειμάτω
1804 1080 2049 1134 dicebant
2089 1099 2183 1152 pro
2234 1084 2357 1137 ἀνα-

387 1168 689 1233 γιγνώσκω,
730 1169 1137 1232 ἀναγιγνώσκειν
1161 1211 1174 1230 ,
1218 1168 1504 1233 ἀνάγνωθι,
1544 1169 1821 1233 ἀναγνώτω
1864 1169 1944 1222 vel
1985 1186 2048 1223 ex
2096 1170 2357 1243 Hesychio

391 1256 639 1326 cognosci
684 1261 883 1325 potest,
925 1272 1082 1325 quem
1122 1256 1240 1310 vide
1280 1274 1326 1311 v.
1368 1255 1756 1322 Ἐπινειμάτω,
1802 1255 1978 1326 ibique
2013 1257 2357 1329 Interpretes.

389 1344 761 1409 Ἀνανέμεσθαι
799 1359 893 1412 pro
938 1344 1156 1397 recitare
1194 1351 1274 1398 est
1318 1344 1456 1416 apud
1513 1344 1704 1399 Herod.
1740 1344 1779 1397 I.
1826 1348 1948 1398 175.

466 1433 525 1486 ln
567 1432 607 1485 Ι.
662 1449 708 1484 v.
761 1434 810 1483 2.
866 1430 1003 1484 male
1062 1431 1351 1486 scribitur:
1410 1433 1590 1486 πολλοὶ
1643 1433 1694 1486 δὲ
1753 1431 1936 1499 ςρουθοὶ
1989 1434 2031 1486 οἱ
2089 1432 2356 1498 μεγάλοι,

388 1520 528 1592 quod
579 1536 682 1572 non
739 1534 844 1571 uno
896 1519 1111 1573 nomine
1167 1521 1417 1574 vitiosum
1474 1527 1571 1575 est..
1650 1520 1719 1574 Et
1769 1521 2002 1591 primum
2061 1521 2277 1591 quidem
2326 1525 2354 1585 ἡ

386 1606 582 1676 ςρουθός
642 1606 890 1660 dicebant
937 1605 1155 1660 Veteres
1213 1625 1430 1672 omnes,
1486 1609 1647 1662 nono‘
1701 1607 1928 1674 ςρουθός,
1982 1626 2154 1679 neque
2200 1609 2356 1663 aliter

386 1695 790 1767 Xenophontem
830 1693 1031 1746 dixisse
1070 1695 1248 1764 arguit
1289 1698 1320 1765 ξ
1352 1700 1402 1750 5.
1444 1696 1638 1763 ςρουθὸν
1671 1696 1723 1749 δὲ
1762 1696 1919 1756 οὐδεὶς
1970 1696 2179 1763 ἔλαβεν.
2221 1698 2354 1751 πολὺ

386 1785 490 1852 γὰρ
512 1785 792 1838 ἀπεσπᾶτο
825 1781 1182 1849 φεύγουσα
1211 1815 1284 1823 -—
1311 1792 1428 1845 ταῖς
1469 1783 1705 1852 πτέρυξιν
1742 1782 2015 1851 αἴρουσα
2049 1783 2214 1853 ὥσπερ
2246 1786 2354 1854 ἱςίῳ

384 1872 715 1941 χρωμένη.
796 1871 1075 1923 Praeterea
1135 1870 1395 1925 Graecum
1458 1879 1539 1925 est
1577 1871 1754 1925 dicere
1805 1871 1999 1925 πολλαὶ
2061 1871 2112 1925 δὲ
2168 1874 2352 1939 ςρουθοὶ

386 1962 498 2015 τῶν
551 1958 878 2025 μεγάλων,
921 1974 1025 2010 non
1065 1960 1120 2011 αἱ
1159 1958 1417 2024 μεγάλαι.
1498 1958 1758 2030 Equidem
1796 1958 2003 2012 dedisse
2043 1959 2355 2030 Xenophon-

388 2057 496 2104 tem
557 2046 789 2101 arbitror
857 2045 1227 2099 tantummodo
1294 2046 1453 2101 haec:
1516 2046 1709 2101 πολλαὶ
1773 2047 1823 2101 δὲ
1883 2046 2067 2114 ςρουθοὶ
2092 2089 2106 2111 ,
2165 2047 2355 2102 deinde

386 2135 607 2192 sciolum
650 2135 705 2188 αἱ
745 2132 985 2198 μεγάλαι
1022 2133 1320 2198 addidisse,
1376 2143 1492 2189 tum
1547 2136 1602 2187 in
1651 2151 1844 2205 genere
1899 2134 2188 2188 titubatum
2242 2152 2357 2189 esse
2432 2159 2434 2165 ’

386 2232 439 2280 et
486 2225 564 2278 sic
617 2222 888 2292 vulgatam
949 2238 1063 2274 esse
1117 2229 1315 2276 natam.
1397 2223 1631 2291 Στρουθοί
1690 2239 1785 2292 pro
1837 2223 2248 2289 ςρουθιοκάμηλοι
2302 2229 2354 2276 et

386 2312 512 2368 alibi
551 2311 788 2365 occurrit
827 2315 880 2362 et
921 2308 1062 2379 apud
1117 2309 1385 2364 Pollucem
1418 2310 1456 2364 Ι.
1506 2314 1627 2364 158.
1699 2311 1935 2377 ’Ἄραβες
1976 2311 2027 2364 δὲ
2075 2309 2160 2364 καὶ
2216 2330 2351 2377 ςρου·

384 2404 474 2457 θῶν
513 2401 677 2466 δοραῖς
713 2395 826 2450 ἀντὶ
864 2396 1092 2463 θωράκων
1133 2398 1160 2460 ἢ
1203 2399 1429 2452 ἀσπίδων
1470 2398 1801 2466 ἐφράττοντο.

460 2489 518 2543 In
561 2485 741 2542 eadem
786 2484 980 2538 vicinia
1021 2501 1151 2537 nova
1207 2486 1390 2539 statim
1443 2485 1780 2556 interpolatio
1833 2483 2250 2555 deprehenditur
2298 2486 2349 2539 in

383 2576 589 2631 verbis:
632 2575 717 2628 καὶ
757 2575 846 2627 οὐκ
885 2570 940 2636 ἧν
979 2574 1169 2638 λαβεῖν
1209 2574 1250 2627 εἰ
1290 2576 1364 2638 μὴ
1414 2573 1685 2635 διαςάντες
1722 2576 1765 2628 οἱ
1804 2574 1982 2633 ἱππεῖς
2031 2574 2206 2641 θηρῷεν
2246 2574 2352 2628 δια-

384 2664 649 2732 δεχόμενοι
699 2662 824 2734 [τοῖς
877 2659 1071 2732 ἵπποις]
1100 2703 1114 2725 ,
1170 2662 1289 2732 quis
1336 2661 1478 2715 enim
1533 2661 1808 2733 exputabit
1865 2660 1994 2731 quid
2040 2677 2230 2716 causae
2283 2662 2353 2716 sit

386 2770 483 2808 cur
522 2758 626 2811 τοῖς
666 2748 837 2810 ἵπποις
878 2747 1039 2803 fuerit
1079 2748 1349 2812 additum,
1391 2755 1443 2803 et
1477 2749 1606 2820 quid
1652 2748 1865 2803 tandem
1910 2748 2008 2802 sibi
2041 2747 2171 2803 haec
2193 2749 2352 2803 verba

385 2840 570 2893 velint.
653 2835 862 2907 Optime
901 2837 1102 2891 omittit
1139 2845 1242 2898 τοῖς
1282 2835 1454 2898 ἵπποις
1493 2836 1668 2892 locum
1718 2837 1861 2891 hunc
1900 2837 2124 2891 laudans
2161 2837 2348 2892 Deme-

386 2928 525 2982 trius
560 2925 671 2992 περὶ
713 2926 977 2991 ἑρμηνείας
1029 2925 1055 2995 Q
1092 2930 1179 2980 95.

466 3013 763 3068 Solemnem
822 3012 1033 3082 ellipsin
1074 3013 1318 3068 Graeculi
1360 3014 1687 3084 ineleganter
1745 3013 2087 3085 expleverunt
2127 3013 2166 3065 Ι.
2208 3029 2257 3066 v.
2300 3016 2351 3067 9.

387 3106 534 3166 δῆλος
590 3097 645 3161 ἦν
701 3099 927 3153 σπεύδων
983 3101 1069 3154 καὶ
1111 3104 1164 3156 οὐ
1207 3102 1478 3168 διατρίβων
1517 3100 1638 3156 ὅπου
1691 3102 1763 3166 μη
1824 3102 2146 3165 ἐπισιτισμοῦ
2201 3097 2351 3154 ἕνεκα

385 3194 414 3255 η’
454 3209 584 3248 τινος
625 3186 788 3241 άλλου
822 3189 1110 3252 ἀναγκαίου
1158 3189 1508 3260 [ἕκαθέζετο],
1548 3189 1640 3242 uhi
1679 3205 1850 3258 neque
1882 3188 1985 3241 ullo
2025 3187 2183 3241 verbo
2220 3205 2351 3259 opus

388 3286 470 3334 est
531 3283 583 3331 et
639 3274 858 3328 verbum
914 3275 1209 3342 καθέζεσθαι
1270 3294 1374 3330 non
1429 3285 1507 3330 est
1565 3275 1831 3330 idoneum.
1920 3275 2200 3329 Praeterea
2256 3293 2352 3346 pro

387 3363 915 3432 άπαρασκευαςοτέρῳ
956 3370 1007 3416 et
1057 3364 1418 3431 σχολαιότερον
1469 3365 1670 3418 rectius
1723 3362 1883 3416 scribi
1942 3362 2173 3415 arbitror
2211 3366 2348 3416 ἀπα-

2432 3382 2436 3463 ᾖ

390 3452 725 3523 ρασκευοτέρῳ
777 3458 830 3504 et
875 3451 1246 3518 σχολαίτερον,
1306 3459 1357 3505 et
1416 3459 1532 3522 post
1579 3467 1747 3521 pauca
1802 3452 1855 3503 in
1905 3450 2080 3504 verbis
2134 3452 2203 3518 τῷ
2257 3451 2349 3505 διε·
2431 3468 2433 3521 3

391 3541 617 3597 σπάσθαι
663 3541 759 3599 τάς
813 3538 1051 3603 δυνάμεις
1106 3538 1274 3593 multo
1330 3540 1500 3610 potior
1540 3538 1750 3592 videtur
1807 3539 1964 3593 lectio
2014 3537 2348 3606 διεσπάρθαι,
2432 3546 2436 3576 ⁴*

388 3631 638 3701 quoniam
690 3626 996 3682 διεσπάσθαι
1054 3627 1182 3682 bcnc
1237 3627 1490 3682 dicuntur
1544 3627 1614 3681 τά
1664 3627 1894 3694 πρότερον
1946 3632 2202 3684 συνεςῶτα
2263 3627 2347 3679 καὶ

2430 3609 2436 3707 l
