2436 4068
1045 198 1143 248 441

91 344 318 411 ἀγαθοὺς
355 340 483 396 εἶναι
524 342 687 396 semel
730 341 963 414 potuerit
1017 340 1196 395 dicere
1235 338 1420 408 ἄνδρας
1472 342 1701 406 ἀγαθοὺς
1757 340 2058 396 τελέθειν.

91 433 147 488 Si
198 430 488 501 Xenophon
554 430 606 484 in
662 429 950 502 Cyropaed.
994 429 1060 483 ΙΙ.
1101 446 1156 483 11.
1213 433 1300 486 15.
1358 430 1716 495 ἄναισίμωκας
1770 428 1908 483 dixit
1968 446 2063 501 pro

84 520 387 581 ἀνήλωκας,
439 535 543 572 non
597 524 774 572 movet
814 534 875 572 ea
929 533 1016 572 res
1055 524 1263 571 tantam
1298 517 1748 583 admirationem,
1807 518 2061 588 quoniam

84 606 238 660 Iones
290 622 474 660 omnes
526 612 736 660 constat
788 606 1086 660 sexcenties
1139 608 1441 671 αναισιμοῦν
1479 623 1576 678 pro
1614 606 1914 660 ἀναλίσκειν
1953 607 2064 661 sive

85 694 325 748 δαπανᾶν
365 693 544 748 dicere
582 693 767 748 solere.
849 691 1023 746 Semel
1063 691 1198 746 dixit
1236 694 1544 763 ἀπημείφθη
1587 710 1682 765 pro
1719 695 2062 762 ἀπεκρίνατο,

86 780 179 836 sed
219 780 310 835 illo
366 797 468 835 usu
507 797 666 836 aures
705 783 755 835 ei
807 781 862 834 in
910 780 1059 834 Ionia
1098 781 1478 851 personabant.
1557 782 1762 837 Τελέθω
1803 799 1928 837 vero
1967 798 2064 854 pro

82 870 193 935 εἶμί
229 870 463 940 positum
518 867 908 924 eiusdemmodi
949 875 1059 933 est,
1098 883 1161 922 ac
1200 869 1247 922 si
1286 870 1409 939 quis
1441 870 1792 924 Menandrum
1834 886 1931 941 pro
1970 869 2061 925 biv-³

82 957 270 1025 θρωπός
308 960 453 1023 εἶμι,
495 964 558 1012 ut
596 957 686 1012 ille
725 957 944 1018 Gallus,
986 955 1240 1023 ἄνθρωπος
1279 957 1420 1011 πέλω
1455 957 1738 1012 induceret
1771 957 2057 1014 dicentem.

171 1044 323 1113 Quod
367 1046 551 1100 statim
591 1045 732 1117 apud
791 1044 1192 1116 Xenophontem
1251 1045 1531 1116 sequitur,
1586 1047 1737 1100 ἄλλα
1789 1049 2057 1115 πειρᾶσθαι

77 1131 212 1195 ὅπως
234 1134 292 1198 ἢν
325 1135 421 1200 μὲν
453 1134 714 1200 δυνώμεθα
743 1133 959 1207 [καλῶς]
998 1134 1229 1194 νικῶντες·
1264 1133 1570 1201 σωζώμεθα,
1609 1135 1652 1187 εἰ
1690 1135 1742 1188 δὲ
1773 1136 1879 1199 μὴ,
1907 1136 2058 1190 οὶλλοὶ

78 1229 251 1284 καλῶς
302 1243 368 1288 γε
420 1225 856 1288 ἀποθνήσκωμεν,
912 1237 1015 1274 non
1070 1237 1177 1275 una
1230 1219 1546 1291 difficultate
1595 1221 1916 1293 impeditum
1958 1232 2056 1279 est.

77 1311 149 1367 Et
181 1311 416 1383 primum
458 1310 674 1382 quidem
712 1312 844 1366 satis
882 1315 1102 1382 apparet
1142 1310 1198 1363 in
1238 1314 1411 1372 καλῶς
1459 1315 1689 1371 νικῶντες
1740 1310 2054 1366 adverbium

75 1397 306 1454 absurde
356 1397 647 1455 abundare.
729 1397 919 1454 Omnia
977 1404 1105 1452 sunt
1141 1399 1193 1452 ἐν
1231 1399 1302 1467 τῷ
1361 1401 1521 1452 νικᾶν.
1602 1397 1904 1471 Adscripsit
1956 1399 2056 1455 ali·

72 1489 196 1561 quis
235 1488 290 1541 in
331 1503 424 1541 ora
462 1485 586 1540 libri
626 1486 1053 1541 admirabundus
1088 1493 1291 1551 καλῶς,
1333 1485 1474 1558 quod
1522 1502 1678 1557 saepe
1729 1486 1844 1541 fieri
1883 1488 2053 1545 solere

65 1583 266 1632 norunt
303 1574 500 1647 quibus
534 1574 755 1630 Codices
794 1575 1099 1647 complures
1134 1591 1351 1630 versare
1384 1575 1629 1644 contigit.
1711 1575 1917 1631 Addam
1955 1579 2052 1643 iis,-
2099 1584 2101 1587 ’

64 1681 202 1737 quae
241 1662 307 1718 de
347 1679 410 1718 ea
444 1678 505 1717 re
554 1662 687 1718 alias
742 1664 1032 1728 annotavi,
1086 1681 1286 1732 novum
1337 1661 1659 1734 exemplum.
1739 1665 2051 1736 Apollonius

61 1753 363 1828 Tyanensis
410 1749 644 1806 offensus
696 1751 951 1818 Ionibus,
1004 1752 1097 1823 qui
1151 1752 1371 1806 civitate
1423 1751 1662 1805 Romana
1720 1751 1902 1807 donati
1951 1755 2050 1809 Roe

62 1858 223 1896 mana
279 1841 497 1896 nomina
550 1847 886 1905 sumserant‚
941 1857 1030 1895 eos
1084 1839 1168 1893 his
1220 1839 1398 1894 verbis
1433 1840 1676 1911 increpat
1730 1841 1784 1895 in
1824 1842 2051 1914 Epistol.

61 1929 245 1986 LXXI.
288 1946 339 2001 p.
375 1932 502 1983 407.
545 1926 717 1982 Olear.
762 1928 873 2002 (111.
915 1946 965 2000 p.
1005 1933 1093 1983 55.
1135 1926 1320 2000 KaYS.)
1362 1930 1488 1982 αλλ’
1540 1929 1677 1993 ὑμῶν
1717 1950 1782 1994 γε
1827 1931 1937 1985 οὐδὲ
1973 1931 2046 1986 τοὶ

58 2018 292 2084 ὀνόματα
325 2017 466 2083 μένει
508 2022 614 2076 τοῖς
665 2022 906 2081 πολλοῖς,
960 2019 1086 2071 ἀλλ’
1143 2017 1239 2070 ὑπὸ
1280 2024 1372 2080 τῆς
1414 2016 1531 2076 νέας
1571 2017 1770 2079 ταύτης
1810 2020 2045 2086 εὐδαιμοό

56 2106 168 2168 νίας
207 2104 585 2159 ἀπολωλέκατε
625 2104 696 2158 τὰ
736 2105 835 2158 ’τῶν
875 2105 1129 2172 προγόνων
1181 2103 1435 2170 σύμβολα
1477 2105 1696 2177 [καλῶς]
1722 2148 1736 2170 ,
1776 2107 1886 2161 οὐδὲ
1938 2115 2044 2170 τοῖς

56 2193 247 2262 τάφοις
287 2195 463 2247 ἐκεῖνοι
502 2193 722 2260 δέχοιντ’
762 2191 827 2246 ἂν
869 2191 966 2247 ἅτε
1006 2194 1252 2257 ἀγνῶτας
1289 2193 1463 2253 αὐτοῖς
1505 2193 1822 2258 γενομένους,
1890 2195 2043 2251 Plau-

56 2298 151 2338 sus
180 2281 297 2347 ille,
339 2287 400 2335 ut
440 2279 624 2345 videS,
665 2297 730 2335 ex
769 2297 862 2335 ora
906 2279 1030 2334 libri
1068 2280 1293 2334 tollitur.
1374 2282 1656 2336 Praeterea
1693 2283 1859 2337 mirer
1890 2283 2044 2340 Iones

54 2371 272 2426 nomina
311 2369 569 2425 sumsisse
620 2369 958 2424 Λουκούλλων
1010 2389 1068 2423 τε
1109 2368 1198 2423 καὶ
1254 2370 1562 2436 Φαυρικίων,
1618 2369 1710 2425 sed
1754 2377 1812 2426 lu
1865 2372 2041 2427 Scribe

56 2458 381 2526 Φαβρικίων,
425 2455 694 2521 confusiS,
737 2463 797 2510 ut
831 2457 1062 2529 passim,
1102 2458 1144 2523 β
1176 2458 1481 2529 antiquiore
1515 2456 1684 2512 forma
1722 2457 1797 2532 (u)
1841 2461 2041 2532 scripto

56 2554 111 2603 et
148 2569 194 2602 υ.

128 2634 410 2691 Praeterea
466 2636 520 2693 in
573 2635 687 2689 loco
729 2634 1097 2707 Xenophontis
1149 2635 1278 2707 quid
1321 2636 1423 2690 sibi
1479 2637 1606 2690 velit
1658 2637 1806 2691 ἀλλὰ
1862 2644 2037 2706 πειρᾶ-

52 2724 168 2779 σθαι
201 2725 407 2788 nescio,
448 2722 540 2778 sed
582 2723 682 2777 hoc
719 2723 830 2777 scio
850 2729 1101 2791 πειρῶμαι
1139 2722 1273 2784 ὅπως
1311 2725 1550 2792 σώζωμαι
1588 2741 1690 2779 non
1727 2742 1844 2781 esse
1878 2726 2036 2782 Grae·-

52 2827 195 2867 onm.
274 2811 462 2884 Itaque
501 2811 545 2864 si
600 2810 978 2866 molestissima
1022 2810 1180 2866 verba
1235 2813 1385 2867 cimba
1426 2814 1694 2880 πειρᾶσθαι
1737 2812 1803 2868 de
1859 2815 2035 2871 medio

0 2914 9 2955 ι
49 2898 336 2955 sustuleris
388 2899 526 2954 hanc
585 2899 954 2972 Xenophontis
1007 2898 1129 2953 stilo
1170 2899 1389 2971 dignam
1440 2902 1736 2956 orationem
1779 2901 2031 2959 habebis:

49 2986 184 3055 ὅμως
238 2990 290 3044 δὲ
341 2989 422 3042 δεῖ
471 2990 528 3041 ἐκ
565 2993 663 3042 τῶν
704 2988 963 3055 παρόντων
1014 2986 1199 3055 ἄνδρας
1240 2990 1469 3054 ἀγαθούς
1528 3011 1586 3045 τε
1641 2987 1770 3044 εἶναι
1822 2992 1910 3046 καὶ
1955 2996 2030 3058 μὴ

47 3074 287 3146 ὕφίισθαι
311 3121 326 3140 ,
385 3073 519 3135 ὅπως
572 3078 628 3141 ἣν
667 3078 762 3141 μὲν
802 3076 1062 3141 δυνώμεθα
1104 3083 1334 3138 νικῶντες
1389 3077 1696 3145 σωζώμεθα,
1735 3082 1778 3134 εἰ
1831 3082 1883 3135 δὲ
1923 3082 2027 3147 μὴ.

45 3163 197 3220 ἆλλὰ
241 3171 412 3226 καλῶς
452 3185 519 3230 γε
557 3165 991 3230 ἀποθνήσκωμεν,
1047 3165 1098 3218 in
1152 3165 1350 3238 quibus
1390 3167 1447 3230 ἢν
1487 3168 1583 3232 μὲν
1621 3169 1881 3233 δυνώμεθα
1922 3171 2027 3241 sig-

48 3250 232 3307 nificat
270 3252 402 3308 illud
443 3253 619 3324 ipsum
674 3252 813 3324 quod
853 3253 1064 3319 μάλιςα
1117 3255 1248 3320 μέν,
1302 3272 1408 3327 quo
1455 3255 1695 3327 plerique
1747 3274 1931 3311 omnes
1972 3265 2026 3313 et

49 3338 343 3411 Xenophon
385 3342 499 3413 ipse
530 3341 744 3413 saepius
786 3341 839 3395 in
883 3340 975 3396 tali
1017 3358 1076 3397 re
1116 3348 1375 3407 utuntur,
1415 3341 1550 3405 ὅπως
1590 3344 1863 3409 μαλιςα
1904 3346 2023 3410 μὲν

0 3482 2 3510 z
48 3430 277 3487 νικῶντες
312 3427 618 3496 σωζώμεθα,
658 3430 701 3483 εἷ
741 3429 792 3483 δὲ
832 3430 938 3495 μὴ,
978 3431 1125 3485 οὶλλοὶ
1171 3437 1344 3493 καλῶς
1385 3452 1450 3497 γε
1490 3435 1903 3499 ἀποθνήσκωμεν.

0 3525 3 3626 ἑ
125 3513 249 3568 Post
297 3530 464 3586 pauca
504 3522 533 3590 §
569 3522 617 3571 7.
659 3516 871 3572 editur:
930 3520 1140 3587 νομίζων
1173 3551 1246 3560 —
1277 3521 1363 3575 τὸν
1409 3520 1657 3579 κοὲλλιςον
1713 3521 1902 3585 κόσμον
1950 3524 2020 3589 τῷ

2 3631 5 3638 ·
45 3606 238 3655 νικᾶν
278 3603 487 3671 πρέπειν
511 3646 522 3667 ,
558 3604 679 3668 sed,
721 3607 764 3659 si
802 3605 929 3676 quid
969 3606 1176 3671 iudico,
1218 3609 1402 3661 victori
1439 3610 1611 3677 magis
1661 3625 1820 3679 quam
1863 3611 2020 3664 viceo-

1615 3703 1655 3732 ³³
