2436 4068
1250 167 1354 217 874
2397 0 2436 238 ξ

326 313 532 369 Tmesis
572 312 743 366 Attica
788 313 842 364 in
884 311 934 364 ἔν
971 331 1036 376 γε
1072 309 1249 372 vocum,
1290 309 1340 363 ἔν
1380 329 1446 374 γε
1485 312 1658 365 τεῦθεν
1701 316 1822 367 142.

325 402 676 472 Tragicorum
718 415 907 453 versus
946 397 1175 452 Cornicis
1214 396 1406 451 tributi
1446 401 1516 452 46
1557 416 1671 470 sqq.

326 489 688 542 Traiectiones
726 487 933 540 Atticae
973 502 1001 539 a
1042 484 1233 538 scribis
1272 485 1492 540 vitiatae
1532 490 1674 550 508,
1714 491 1820 542 445
1863 506 1980 559 sq.‚
2021 494 2147 544 592.
2386 522 2436 604 ὃ

327 575 696 631 Valckenaerii
738 573 974 628 Schedae
1012 573 1240 628 Criticae
1278 573 1404 628 Mss.
1449 578 1588 639 156,
1629 579 1769 640 570,
1810 579 1947 641 655,
1990 580 2128 644 655,
2168 581 2292 636 659.

327 663 572 718 Valerius
612 662 874 716 Maximus
914 662 1144 732 scriptor
1182 661 1492 732 perineptus
1533 666 1657 717 669.
2386 651 2420 696 “3³

328 751 502 806 Verba
543 767 665 804 cum
705 751 789 805 δια
827 782 903 791 -
934 749 1264 821 composita,
1320 765 1456 820 quae
1515 752 1908 806 contentionem
1951 753 2294 824 significant,

404 838 567 893 medii
606 837 833 892 formam
874 837 1146 903 induunt,
1188 844 1249 892 ut
1287 837 1946 907 τοξεύω-διοιτοξεύομαιι
1988 845 2114 897 625.

330 927 505 982 Verba
546 927 598 980 in
630 920 709 967 --’
734 927 854 980 alveo
899 942 931 980 a
968 926 1116 980 vitiis
1154 914 1351 992 ducta,
1393 933 1454 981 ut
1492 929 1816 986 ἀκολαςαιίνω
1857 933 1984 986 429.
2389 995 2406 1005 Α

333 1015 506 1070 Verba
545 1015 766 1086 antiqua
805 1014 1166 1088 monosyllaba
1205 1022 1353 1080 κνῆν,
1393 1022 1515 1078 νῆν,
1557 1022 1697 1084 φῆν,
1741 1025 1874 1083 σμῆν
1915 1025 1970 1073 et
2008 1020 2130 1073 sim.
2175 1022 2298 1074 160.

331 1103 506 1159 Verba
546 1121 774 1175 quorum
815 1101 1060 1157 futurum
1097 1103 1259 1158 medii
1300 1103 1471 1158 solum
1511 1104 1567 1158 in
1608 1121 1710 1159 usu
1749 1110 1830 1160 est
1867 1106 2008 1178 apud
2049 1107 2303 1173 VetereS‚
2384 1092 2430 1147 *ἓ

405 1200 466 1246 ut
503 1191 818 1257 ἀκούσομαι,
856 1190 1155 1257 γελάσομαι
1198 1194 1304 1246 252
1348 1209 1464 1263 sqq.
2380 1188 2382 1196 “

329 1280 623 1335 Verborum
665 1278 868 1333 formae
901 1281 1123 1333 vitiosae
1163 1296 1225 1334 ex
1267 1279 1647 1335 Graeculorum
1688 1282 1901 1338 inscitia
1934 1289 2121 1382 natae,
2161 1283 2298 1340 πλά-

403 1370 499 1437 ζω,
542 1367 788 1436 πετάζω,
829 1366 1200 1435 κατασκεδάζω
1241 1376 1296 1423 el.
1335 1370 1454 1424 sim.
1497 1373 1624 1423 251.

328 1452 561 1512 Verbum
625 1456 814 1511 τιθέναι
863 1472 990 1510 cum
1030 1457 1340 1527 compositis
1395 1457 1644 1512 omnibus
1685 1457 1843 1513 hahet
1884 1458 2026 1531 apud
2078 1459 2296 1517 Veteres
2381 1459 2421 1526 {m

403 1543 699 1617 perfectum
732 1544 1002 1616 passivum
1036 1546 1236 1600 κεῖσθαι
1275 1549 1376 1611 55,
1418 1549 1567 1608 565,
1611 1549 1749 1613 564,
1792 1551 1895 1602 705
1922 1588 1936 1613 ,
1984 1551 2109 1603 757.

327 1633 530 1688 Versus
567 1632 769 1704 politici
811 1635 880 1686 45
907 1675 922 1695 ,
965 1636 1093 1688 500.

324 1722 526 1776 Versus
565 1719 870 1792 interpolati
914 1724 1050 1785 195,
1091 1723 1200 1775 296
1235 1737 1353 1793 sqq.

324 1809 526 1864 Versus
564 1810 618 1863 in
659 1808 831 1863 soluta
883 1810 1121 1864 oratione
1172 1808 1399 1865 latentes
1440 1813 1542 1875 62,
1587 1812 1727 1875 109,
1777 1814 1913 1874 110,
1963 1813 2106 1878 181,
2151 1818 2294 1879 515,

399 1901 543 1961 542,
587 1901 726 1964 545,
767 1900 894 1952 726.

323 1985 688 2057 Xenophontis
726 1992 873 2040 aetas
912 1985 967 2038 in
1009 1984 1241 2040 Anabasi
1282 1989 1387 2039 555
1427 2003 1542 2058 sqq.

320 2073 610 2146 Xenophon
651 2075 707 2128 in
748 2072 1180 2129 Memorabilihus
1219 2071 1422 2128 refutat
1475 2073 1772 2148 Polycratis
1820 2079 2134 2147 κατηγορίαν
2187 2088 2297 2134 Σω-
2396 2092 2397 2099 ’

393 2162 606 2229 κράτους
649 2166 756 2216 662
793 2179 906 2234 sqq.

323 2249 686 2321 Xenophontis
721 2250 856 2304 liber
895 2250 1007 2317 περὶ
1046 2250 1214 2318 Πόρων
1254 2250 1466 2323 quando
1505 2252 1576 2305 sit
1615 2251 1851 2323 scriptus
1895 2257 2001 2307 756
2042 2270 2157 2327 sqq.

323 2338 726 2410 Xenophontem
769 2344 1040 2392 auctorem
1084 2337 1243 2393 habet
1282 2341 1310 2402 ἦ
1352 2338 1604 2394 Λακώνων
1644 2340 1883 2394 πολιτεία
1926 2345 2035 2396 706
2079 2359 2195 2414 sqq.

322 2426 612 2498 Xenophon
669 2442 774 2481 non
841 2431 922 2480 est
989 2423 1187 2480 Eubuli
1252 2425 1615 2498 psephismate
1671 2427 1738 2483 ah
1795 2428 1952 2484 exilio
2010 2438 2293 2487 revocatus

398 2518 504 2569 757
545 2531 623 2586 sq.

323 2602 612 2674 Xenophon
651 2603 826 2656 utitur
865 2601 1052 2655 multis
1089 2601 1360 2657 vocabulis
1398 2603 1594 2658 Ionicis
1632 2610 1685 2659 et
1720 2605 1998 2661 Laconicis
2035 2609 2142 2662 588
2175 2624 2290 2680 sqq.

397 2695 542 2756 441,
583 2694 728 2753 462,
774 2693 919 2754 585,
959 2694 1099 2754 588,
1139 2694 1285 2755 687,
1329 2693 1433 2744 722
1476 2708 1558 2763 sq.

325 2779 615 2850 Xenophon
655 2780 740 2834 τὸν
780 2778 1123 2844 Κυνηγετικόν
1162 2785 1287 2834 ante
1326 2780 1558 2852 reliquos
1597 2798 1780 2838 omnes
1816 2783 1979 2839 libros
2018 2783 2296 2857 scripsisse
2399 2837 2402 2844 ,

395 2866 609 2920 videtur
650 2870 774 2921 774.

323 2954 536 3009 Zaleuci
577 2955 844 3026 personati
882 2954 1026 3025 leges
1065 2954 1204 3027 apud
1245 2955 1536 3012 Diodorum
1577 2962 1701 3015 406.

326 3043 559 3114 Zeugma
599 3041 884 3099 Graeculos
922 3041 1106 3099 fefellit
1146 3046 1274 3098 420.

1173 3304 1434 3330 ..ᾡ-
