2436 4068
1326 173 1428 222 758

470 321 598 375 Utar
649 317 876 388 denique
924 317 1036 369 loco
1089 331 1152 368 ex
1192 314 1289 368 hoc
1328 313 1503 368 libello
1545 311 1608 367 ad
1651 314 2043 370 restituendum
2105 316 2364 389 fragmen-

390 415 504 463 tum
547 406 822 461 Menandri
863 403 1002 475 apud
1046 401 1326 456 Stohaeum
1381 403 1522 456 Flor.
1558 406 1659 466 50,
1703 407 1765 456 7:

841 492 998 558 άργὸς
1039 492 1081 544 δ’
1119 492 1357 556 ὑγιαίνων
1398 495 1486 544 τοῦ
1527 490 1858 556 πυρέττοντος
1899 493 2031 546 πολύ

617 581 950 645 άθλιάτερος,
990 578 1246 633 διπλάσια
1286 583 1409 643 γοῦν
1450 579 1663 632 ἐσθίει
1703 578 1893 643 μάτην.
2420 651 2423 654 ἢ

392 667 653 741 quomodo
707 667 1017 721 octonarius
1071 665 1435 720 restituendus
1481 666 1550 718 sit
1599 665 1729 720 haec
1781 666 1943 720 verba
2001 668 2364 739 Xenophontis

392 757 768 812 monstrabunt
805 756 942 809 XIV.
985 760 1036 809 4.
1093 755 1180 810 καὶ
1233 754 1450 823 διμοιρία
1498 775 1563 819 γε
1603 755 1688 808 ἐπὶ
1728 756 1798 822 τῷ
1852 755 2033 824 δείπνῳ
2088 757 2364 823 ἐτίμησεν,
2422 763 2424 812 ζ

391 849 490 914 οὐχ
530 842 610 899 ἵνα
665 843 1009 899 διπλάσια
1056 841 1550 911 καταφάγοιεν
1591 844 1699 896 κτὲ.
1744 842 1883 897 unde
1922 842 2210 898 Menandro
2251 845 2363 899 red-
2422 895 2424 906 ς

390 935 613 988 demus:
2422 920 2424 922 V

617 1023 947 1087 άθλιώτερος,
986 1018 1240 1073 διπλάσιοι
1279 1022 1403 1082 γοῦν
1442 1018 1792 1072 κατεσθίει
1833 1017 2023 1083 μάτην.
2423 1073 2426 1086 ,

468 1110 703 1164 Transeo
756 1108 822 1162 ad
881 1106 1136 1177 reliquias
1195 1105 1356 1159 libelli
1409 1106 1519 1173 περὶ
1581 1113 1672 1168 τῆς
1732 1107 2007 1168 Ἀθηναίων
2068 1110 2400 1175 πολιτείας»

385 1213 524 1268 quae
564 1197 735 1251 multo
768 1203 895 1250 sunt
938 1195 1183 1250 exiliores
1223 1201 1275 1248 et
1311 1193 1466 1264 longe
1502 1194 1663 1247 etiam
1701 1193 2000 1247 vitiosiores
2033 1211 2192 1265 quarn
2231 1214 2366 1268 quae
2398 1263 2402 1271 „

387 1286 453 1338 de
491 1303 597 1358 rep.
654 1284 1176 1338 Lacedaemoniorum
1219 1288 1467 1353 excerpta
1507 1288 1816 1353 supersunt.
1895 1282 2070 1336 Pauca
2105 1285 2363 1354 quaedam
2396 1306 2405 1322 1

388 1374 442 1426 in
495 1375 562 1427 iis
601 1374 811 1442 integra
863 1377 1022 1425 sunt:
1079 1371 1331 1442 pleraque
1373 1378 1480 1424 tam
1537 1372 1734 1425 misere
1781 1377 2031 1442 corrupta
2082 1378 2142 1424 ut
2182 1373 2397 1427 nullus,

385 1463 560 1516 exitus
602 1462 904 1532 reperiatur
944 1475 1117 1530 neque
1158 1458 1264 1513 ulla
1306 1460 1600 1513 sententiae
1654 1459 1986 1529 indagandae
2026 1467 2078 1514 et
2119 1461 2175 1514 in
2227 1461 2360 1515 inte·
2394 1468 2403 1503 ἓ

387 1567 545 1621 grum
586 1548 950 1605 restituendae
988 1564 1107 1619 spes
1146 1563 1423 1618 superesse
1462 1546 1723 1602 videatur.
1807 1547 1971 1620 Saepe
2005 1549 2148 1603 inter
2183 1549 2358 1620 legen·
2392 1557 2398 1594 f

385 1639 512 1692 dum
569 1639 767 1692 senties
824 1636 1099 1708 complura
1143 1635 1479 1689 intercidisse
1520 1643 1572 1689 et
1617 1634 1754 1706 quod
1798 1643 1937 1690 esset
1977 1636 2260 1691 verborum
2308 1643 2395 1692 et2

385 1725 710 1797 syllabarum
748 1726 801 1778 in
831 1724 966 1778 libro
996 1723 1172 1778 lacero
1206 1730 1258 1777 et
1279 1723 1528 1777 mutilato
1561 1722 1830 1794 reliquum
1864 1731 2064 1779 temere
2100 1726 2154 1778 in
2191 1741 2359 1780 unum

384 1813 673 1868 conflatum
719 1820 771 1868 et
814 1812 1242 1884 conglutinatum
1291 1829 1421 1866 esse.
1503 1810 1819 1883 Exemplum
1863 1829 2030 1866 unum
2070 1813 2135 1868 de
2173 1813 2360 1868 multis
2386 1823 2405 1891 ᾗῇ

384 1904 481 1956 1100
523 1909 635 1955 esto
670 1901 737 1958 II.
784 1906 886 1955 17:
934 1903 990 1965 ἢν
1031 1903 1082 1955 δὲ
1126 1903 1198 1966 μη
1242 1900 1496 1965 ἐμμένωσι
1535 1906 1652 1961 ταῖς
1695 1901 1962 1963 συνθήκαις
2004 1902 2032 1965 ἢ
2076 1903 2180 1972 ὑφ’
2218 1900 2356 1957 δ’του
2388 1902 2403 1963 '³3

381 1993 609 2045 άδικεῒ
662 1990 956 2055 ὀνόματα
1014 1990 1135 2043 άπὸ
1190 1993 1287 2042 τῶν
1338 1988 1522 2053 ὀλίγων
1574 1982 1619 2041 οἳ
1670 1988 1946 2042 συνέθεντο.
2045 1989 2104 2043 111
2157 1990 2354 2046 talibus

379 2080 469 2150 qui
512 2079 650 2149 sapit
690 2077 789 2131 hoc
845 2078 1014 2131 solum
1068 2075 1319 2147 intelligit
1371 2077 1474 2129 ista
1516 2092 1687 2147 neque
1746 2075 1973 2147 intelligi
2015 2092 2046 2130 a
2086 2094 2353 2150 quoquam
2395 2087 2397 2090 ‘

380 2183 551 2237 neque
602 2166 875 2220 emendari
932 2165 1039 2219 ullo
1078 2165 1231 2218 modo
1271 2181 1440 2236 posse.
1522 2164 1721 2218 Eadem
1765 2173 1847 2219 est
1889 2165 2124 2220 conditio
2165 2173 2218 2221 et
2255 2172 2352 2222 τῶν

381 2254 686 2324 Θεοφράςου
706 2256 1046 2323 χαρακτήρων
1069 2253 1267 2324 passim
1291 2261 1342 2306 et
1366 2253 1557 2325 Lysiae
1579 2253 1835 2307 orationis
1856 2252 1994 2306 VIlI.
2037 2260 2090 2307 et
2120 2256 2353 2327 complu·

384 2344 525 2397 rium
554 2342 975 2414 fragmentorum
1015 2357 1042 2395 e
1066 2341 1308 2411 Tragieis
1330 2348 1382 2394 et
1403 2340 1631 2394 Comicis
1662 2338 1802 2412 apud
1826 2340 2215 2397 Grammaticos
2245 2360 2353 2398 ser-

382 2439 623 2501 vatorum
649 2474 664 2493 ‚
708 2431 902 2502 quibus
943 2447 1039 2483 nec
1071 2436 1230 2499 caput
1269 2446 1364 2482 nec
1403 2446 1493 2499 pes
1534 2435 1743 2483 constat
1778 2437 1830 2483 et
1871 2430 1927 2483 in
1962 2430 2157 2501 quibus
2177 2434 2351 2487 omnis

376 2518 695 2574 emendandi
735 2536 894 2591 opera
945 2518 1171 2574 luditur.
1252 2517 1498 2588 Deposita
1555 2516 1684 2572 haec
1725 2525 1850 2571 sunt
1901 2525 1954 2572 et
2004 2519 2350 2575 conclamata.

371 2607 762 2662 Abstinendum
804 2616 900 2661 est.
984 2606 1148 2677 Saepe
1188 2613 1368 2660 autem
1422 2605 1555 2659 mihi
1595 2606 1648 2658 in
1691 2605 2023 2660 excutiendis
2073 2607 2347 2679 exploran-
2407 2612 2436 2686 j

371 2697 560 2767 disque
601 2695 794 2749 laceris
836 2696 956 2749 istis
998 2695 1207 2765 antiqui
1248 2695 1423 2764 operis
1462 2693 1672 2747 laciniis
1713 2694 1940 2748 subnata
1980 2697 2213 2766 suspicio
2266 2704 2348 2751 est

374 2803 436 2839 ex
479 2784 656 2854 aliquo
712 2785 928 2855 Dialogo
983 2783 1113 2837 haec
1162 2800 1277 2837 esse
1324 2782 1634 2853 depromta,
1687 2783 1742 2835 in
1796 2799 1900 2854 quo
1948 2781 2012 2836 de
2059 2784 2347 2839 Athenien-

374 2874 514 2927 sium
557 2889 667 2942 rep.
728 2873 832 2926 duo
875 2874 1014 2926 inter
1056 2889 1112 2925 se
1153 2871 1229 2925 sie
1282 2870 1528 2924 collocuti
1567 2877 1744 2925 essent
1786 2878 1844 2925 ut
1885 2871 2020 2925 alter
2069 2889 2184 2926 eam
2225 2891 2342 2945 gra·
2399 2941 2404 2948 .

372 2963 510 3015 viter
549 2961 994 3031 reprehenderet,
1036 2961 1122 3013 eui
1165 2959 1299 3013 alter
1338 2960 1412 3012 ita
1451 2958 1784 3030 responderit
1819 2967 1877 3013 ut
1918 2976 1979 3014 ea
2013 2961 2190 3014 omnia
2226 2964 2343 3016 iure
2402 2976 2436 3028 ¹1

371 3049 688 3121 reprehendi
732 3047 991 3103 fateretur
1032 3047 1121 3101 sed
1164 3047 1319 3101 aliter
1359 3063 1518 3117 quam
1561 3048 1638 3100 sie
1679 3047 2058 3101 democratiam
2102 3056 2343 3104 constare
2402 3043 2436 3124 '¹

374 3156 476 3192 non
520 3154 669 3209 posse
709 3136 1129 3198 demonstraret,
1171 3135 1335 3188 veluti
1372 3135 1412 3188 Ι.
1459 3140 1516 3189 1:
1569 3133 1644 3190 ἔτι
1683 3137 1778 3200 μὲν
1815 3134 2004 3189 εἵλοντο
2041 3141 2216 3190 τοῦτον
2256 3138 2340 3190 τὸν

373 3226 554 3295 τρόπον
587 3232 679 3288 τῆς
725 3225 990 3284 πολιτείας
1032 3226 1120 3277 οὐκ
1164 3224 1368 3277 ἐπαινῶ.
1412 3255 1486 3265 -
1524 3224 1635 3277 ἐπεὶ
1673 3225 1723 3277 δὲ
1765 3227 1940 3277 ταῦτα
1979 3221 2133 3284 οὕτως
2175 3223 2339 3287 ἔδοξεν

375 3318 550 3375 αὐτοῖς
592 3316 654 3374 ὡς
702 3311 756 3367 εὖ
809 3311 1137 3378 διασώζονται
1181 3312 1272 3372 την
1327 3312 1592 3365 πολιτείαν
1632 3312 1719 3364 καὶ
1771 3309 1951 3365 τάλλα
2006 3311 2337 3379 διαπράττον-

377 3425 463 3457 ται
505 3399 540 3456 ἑὲ
593 3403 815 3456 δοκοῦσιν
865 3398 1180 3467 οὲμαρτάνειν
1228 3406 1332 3459 τοῖς
1374 3398 1554 3460 ἄλλοις
1603 3399 1828 3461 Ἕλλησι
1875 3402 2015 3454 τοῦτ’
2054 3399 2337 3464 ἀποδείξω,

385 3492 495 3565 (ubi
538 3491 735 3545 inserta
790 3489 965 3543 Attico
1019 3505 1164 3543 more
1218 3486 1404 3558 copula
1460 3486 1678 3558 legerim
1731 3483 2062 3556 διασώζονταί
2112 3487 2208 3560 (τε)
2251 3489 2340 3550 τὴν
