2436 4068
1292 210 1397 259 5536

361 356 708 425 ἀφικοίμεθα,
750 351 1201 425 quemadmodum
1238 351 1326 407 ille
1366 351 1665 423 Apollinem
1707 353 1956 423 rogabat:

589 448 694 503 πῶς
736 442 799 496 ἂν
841 442 1227 506 πλουτήσαιμι,
1270 441 1391 502 Διὸς
1431 440 1518 495 καὶ
1558 445 1762 503 Λητοῦς
1804 442 1910 505 υἷές

361 531 452 586 sed
487 549 573 586 res
613 538 694 584 est
732 529 1018 601 perspicua
1053 545 1150 583 nec
1188 528 1365 583 verbis
1405 545 1555 600 opus.

436 618 568 673 Ibid.
610 617 699 671 VI.
741 634 815 671 111.
859 619 928 669 22
973 616 1236 671 naturalis
1277 615 1564 671 verborum
1609 615 1737 669 ordo
1773 618 1951 672 nescio
1991 619 2255 690 quomodo
2295 622 2350 675 in

358 707 518 762 Codd.
572 704 919 777 perturbatus
967 712 1049 758 est
1089 705 1142 758 in
1187 704 1297 758 his:
1340 705 1427 758 καὶ
1483 707 1584 771 οὐχ
1634 706 1803 772 ὁρῶσιν
1853 707 1972 761 οὔτε
2021 709 2193 776 φίλιον
2227 708 2349 776 5902-

356 815 529 861 τευμα
577 792 696 847 οὔτε
744 791 1016 858 πολέμιον,
1063 793 1151 846 καὶ
1202 797 1380 846 ταῦτα
1432 793 1843 858 ἀπαγγέλλουσι
1895 795 2018 862 πρὸς
2071 796 2157 850 τὸν
2211 804 2351 852 Ξενο-

356 888 542 951 φῶντα
589 881 678 935 καὶ
727 882 786 935 τὸ
839 879 1144 948 ςροὶτευμα,
1196 882 1389 951 γρᾴδια
1439 881 1490 935 δὲ
1543 881 1629 934 καὶ
1684 882 1923 950 γερόντια
1965 883 2053 937 καὶ
2105 884 2353 951 πρόβατα

357 971 517 1036 ὀλίγα
568 969 655 1022 καὶ
709 970 837 1035 βοῦς
891 969 1429 1035 καταλελειμμένους.
1508 968 1640 1036 Quis
1686 987 1790 1024 non
1841 972 2086 1041 agnoscit
2126 980 2353 1028 naturae

358 1059 645 1113 veritatem
688 1058 940 1111 restituto
977 1059 1055 1111 sic
1095 1056 1380 1111 verborum
1404 1055 1620 1122 ordine,
1662 1065 1725 1112 ut·
1761 1059 2111 1132 Pluygersius
2147 1078 2234 1115 me
2262 1061 2353 1116 ad·

359 1147 600 1200 monuit:
642 1177 719 1187 --
756 1146 874 1200 οὔτε
915 1146 1191 1212 πολέμιον,
1253 1145 1445 1215 γρᾴδια
1501 1145 1552 1199 δὲ
1594 1145 1682 1199 καὶ
1721 1147 1962 1214 γερόντια
2003 1179 2080 1189 -
2123 1163 2352 1205 καταλε-

356 1234 694 1301 λειμμένους,
738 1232 826 1288 καὶ
867 1237 1045 1288 ταῦτα
1084 1233 1492 1298 ἀπαγγέλλουσι
1536 1235 1655 1301 πρὸς
1696 1235 1782 1288 τὸν
1826 1241 2131 1305 Ξενοφῶντα
2168 1237 2254 1291 καὶ
2293 1239 2351 1292 τὸ

357 1323 650 1391 ςροὲτευμα.
733 1321 908 1376 Verba
954 1337 1083 1376 casu
1136 1322 1288 1392 prius
1339 1323 1571 1387 omissa,
1626 1321 1819 1376 deinde
1867 1323 1923 1376 in
1976 1325 2221 1396 margine
2260 1325 2352 1380 ad-

359 1413 562 1483 scripta
599 1411 656 1464 in
695 1410 924 1464 alienam
970 1408 1177 1473 sedem,
1217 1416 1276 1463 ut
1317 1426 1474 1481 saepe
1510 1409 1595 1475 fit,
1636 1410 1993 1482 irrepserunt.

435 1500 496 1554 In
549 1498 716 1553 Anah.
761 1497 848 1552 VI.
890 1515 958 1552 V1.
1004 1500 1071 1550 18
1121 1498 1487 1565 συμπέμψατέ
1532 1518 1617 1563 μοι
1657 1530 1733 1539 ——
1771 1497 1981 1564 οἵτινες,
2032 1500 2097 1555 ἄν
2145 1522 2194 1556 τι
2248 1504 2349 1568 ἐγὼ

359 1588 700 1658 παραλείπω,
739 1584 970 1648 λέξουσιν
1011 1585 1132 1653 ὑπὲρ
1174 1587 1318 1651 ἐμοῦ.
1402 1585 1553 1653 Quod
1589 1594 1670 1641 est
1707 1587 1763 1640 in
1809 1586 2000 1642 Codice
2048 1591 2249 1661 optimo
2286 1593 2352 1651 A.

360 1676 504 1748 apud
538 1674 694 1730 Dind.
737 1674 1050 1743 παραλείψω
1098 1691 1255 1728 nemo
1294 1675 1534 1746 recipiet.
1617 1674 1936 1730 Coniectura
1975 1685 2055 1732 est
2102 1678 2351 1734 Graeculi

360 1764 740 1828 semibarbari,
781 1764 870 1817 cui
912 1769 972 1816 ut
1011 1761 1281 1833 plerisque
1314 1761 1551 1817 librariis
1585 1761 1757 1817 forma
1791 1762 1983 1831 ἔλειψα
2019 1765 2154 1820 nibil
2188 1767 2350 1822 offen·

358 1853 526 1908 sionis
565 1850 808 1906 habebat.
888 1851 958 1904 Et
993 1857 1173 1904 tamen
1209 1858 1354 1905 recte
1387 1850 1652 1905 intellexit
1688 1850 1845 1905 bomo
1877 1854 2139 1908 aoristum
2172 1857 2351 1927 requi—

356 1942 436 2006 ri,
477 1957 583 1994 non
613 1939 879 1995 intellexit
908 1956 1069 2010 quam
1101 1939 1209 1994 leni
1241 1939 1509 1994 medicina
1545 1939 1825 2007 παραλίπω
1861 1941 2136 1997 emendari
2169 1952 2350 2015 posset

356 2047 420 2085 ac
457 2029 689 2084 deberet.
769 2027 916 2082 Idem
966 2027 1221 2082 mendum
1262 2044 1289 2081 e
1330 2027 1688 2082 Demosthene
1732 2028 2025 2084 tollendum
2069 2038 2151 2086 est
2200 2031 2347 2088 Orat.

357 2117 537 2173 XLIV.
583 2122 653 2171 34
703 2115 785 2171 ἵνα
832 2117 904 2170 τα
957 2122 1155 2173 πλεῖς-α
1201 2117 1542 2183 παραλείπω,
1595 2116 1704 2170 imo
1758 2134 1883 2171 vero
1931 2119 2245 2186 παραλίπω,
2287 2128 2349 2176 ut

355 2209 412 2260 in
466 2204 611 2261 Orat.
653 2204 807 2259 XLV.
851 2209 902 2259 5.
955 2202 1037 2258 ἵνα
1084 2205 1136 2259 δὲ
1193 2205 1497 2270 συντέμω
1551 2209 1752 2268 ταῦτα,
1805 2212 1859 2259 et
1903 2205 2049 2261 alibi.
2131 2209 2345 2263 Λείπειν

354 2301 409 2349 et
441 2300 614 2349 λιπεῖν
655 2293 954 2347 sexcenties
994 2291 1417 2347 confunduntur.
1498 2293 1557 2347 In
1596 2293 1781 2348 eadem
1821 2293 2197 2350 Demosthenis
2229 2312 2345 2351 ora·

352 2384 500 2438 tione
535 2381 713 2436 XLIV.
754 2385 824 2435 64
861 2381 1094 2452 pessime
1124 2381 1304 2435 editur
1341 2381 1442 2435 υἱὸν
1475 2382 1681 2445 γνήσιον
1722 2383 2181 2447 ἐγκαταλείποντα
2218 2385 2346 2438 ε’πα-

352 2472 535 2535 νιέναι,
577 2467 719 2541 quod
750 2469 909 2523 unice
939 2485 1127 2523 verum
1158 2476 1238 2523 est
1268 2468 1549 2524 emendate
1579 2470 1843 2540 seriptum
1875 2470 2079 2525 videbis
2114 2472 2167 2524 in
2200 2476 2228 2543 ξ)
2255 2475 2344 2526 68.

357 2558 695 2614 Manifestius
737 2558 897 2612 etiam
937 2557 1194 2612 mendum
1234 2564 1482 2611 tenemus
1524 2558 1578 2611 in
1620 2557 1874 2612 Isocratis
1913 2557 2162 2630 Euagora
2203 2563 2344 2631 §5:23.

353 2650 396 2702 εἶ
438 2648 524 2702 καὶ
566 2646 778 2713 μηδενὸς
834 2644 1002 2700 ἄλλου
1056 2646 1328 2712 μνησθείην
1381 2649 1506 2700 αλλ’
1560 2648 1783 2700 ἐνταῦθα
1836 2649 2344 2716 καταλείποιμι

351 2737 438 2790 τὸν
479 2735 673 2800 λόγον,
719 2751 875 2788 nemo
919 2743 1096 2790 tamen
1149 2734 1325 2788 adhuc
1366 2736 1715 2800 καταλίποιμι
1758 2735 2020 2790 restituit.
2422 2807 2423 2813 ἵ

430 2823 591 2877 Plane
632 2823 919 2892 gemellum
970 2824 1164 2878 vitium
1209 2831 1289 2877 est
1332 2824 1387 2876 in
1422 2823 1591 2878 Anab.
1630 2822 1742 2876 VII.
1785 2839 1855 2876 ιν.
1903 2827 1990 2876 17.
2032 2825 2075 2877 οἱ
2116 2825 2168 2878 δὲ
2209 2833 2343 2896 Θρᾷ-
2412 2820 2428 2851 ⁵⁴

354 2933 439 2973 κες
482 2913 765 2981 φεύγουσιν
807 2904 880 2954 -“-
919 2911 1119 2967 ὄπισθεν
1161 2911 1596 2979 περιβαλλόμενοι
1632 2910 1732 2971 τας
1774 2911 1996 2970 πέλτας.
2078 2911 2228 2968 Sitne
2267 2927 2343 2969 λι-

352 3002 458 3055 πών
498 3017 565 3054 an
606 3002 795 3054 λείπων
838 2999 1156 3071 legendum,
1211 3001 1395 3066 βαλών
1436 3016 1504 3052 an
1541 2997 1763 3065 βάλλων
1806 3016 1909 3052 non
1953 2998 2204 3064 CodieeS,
2247 3001 2340 3056 sed

353 3105 484 3143 sana
535 3089 673 3142 ratio
727 3088 927 3158 ubique
983 3088 1092 3142 sola
1134 3088 1485 3143 demonstrat.
1565 3088 1670 3141 Res
1711 3087 1827 3158 ipsa
1879 3085 2075 3141 clamat
2116 3090 2340 3157 περιβα-

350 3177 554 3244 λόμενοι
597 3193 710 3230 esse
751 3175 1149 3245 corrigendum.

428 3264 605 3332 Quum
665 3264 759 3317 diu
814 3263 1018 3316 frustra
1074 3264 1455 3346 quaesivissem
1499 3279 1635 3332 qnae
1695 3268 1836 3316 esset
1891 3279 2013 3317 vera
2070 3266 2342 3336 scriptura

351 3353 452 3406 loci
490 3351 771 3405 manifesto
821 3352 1061 3421 corrupti
1103 3351 1191 3404 VI.
1236 3369 1305 3403 vl.
1350 3354 1438 3403 ⁶25.
1492 3349 1708 3402 tandem
1760 3349 1895 3403 mihi
1938 3351 2078 3421 quod
2119 3370 2335 3423 quaere-

351 3441 475 3494 bam
532 3439 761 3494 feliciter
818 3438 1002 3493 videor
1054 3440 1334 3509 reperisse.
1430 3436 1738 3491 Dindorfius
1792 3437 1986 3492 edidit:
2047 3444 2100 3495 οὐ
2162 3443 2336 3508 μέντοι

351 3528 452 3598 ἔφη
513 3528 730 3596 νομίζειν
772 3529 874 3582 οὐδ’
913 3529 954 3582 εἶ
996 3527 1326 3592 παμπόνηρος
1369 3523 1424 3587 ἧν
1468 3525 1731 3588 Δέξιππος
1779 3527 1820 3591 β
1834 3527 1853 3579 ί
1868 3548 1945 3579 αν
2002 3537 2190 3596 χρῆναι
2234 3529 2333 3585 ποί-

354 3638 506 3686 σχειν
545 3617 717 3674 αὐτόν.
764 3617 902 3693 ,Βίαν
944 3616 1171 3683 πάσχειν
1212 3633 1317 3669 ιιοιι
1357 3622 1435 3670 est
1477 3614 1775 3669 Graecum:
1818 3616 2212 3674 emendandum
2250 3624 2333 3674 est
