2436 4068
990 192 1098 242 669

79 346 142 418 (οἱ
197 339 492 412 κατήγοροι)
549 338 728 403 ἔλεγον
797 339 860 396 ὡς
914 338 1016 403 χρὴ
1073 336 1209 400 ὑμᾶς
1273 333 1610 399 εὐλαβεῖσθαι
1666 337 1739 398 μὴ
1794 338 1881 390 ὑπ’
1920 339 2041 403 ἐμοῦ

76 430 439 494 ἐξαπατηθῆτε
481 430 547 487 ὡς
586 427 798 480 δεινοῦ
841 423 1014 484 ὄντος
1063 423 1322 487 λέγειν,
1363 420 1551 476 deinde
1593 422 1616 475 ὅ
1652 421 1789 489 εἴρων
1828 424 2041 480 dicendi

75 535 133 574 se
172 518 482 588 imperitum
537 529 654 567 esse
706 511 1059 566 disertissime
1112 510 1459 565 demonstrat.
1540 509 1678 577 Quid
1720 511 1908 584 Lysiae
1954 530 2042 568 re-

74 604 349 678 sponderit
409 603 653 657 Socrates
705 616 799 671 pro
837 615 894 654 se
946 599 1170 670 quisque
1213 614 1406 668 magna
1446 614 1570 652 cum
1617 597 1864 655 libertate
1904 618 2045 655 com·

73 692 414 754 miniscitur,
453 688 638 743 eodem
672 688 790 740 iure
826 703 931 757 quo
976 703 1122 740 nunc
1167 686 1538 756 unusquisque
1586 694 1826 742 nostrum
1874 688 2043 760 fingat

70 779 308 852 aliquid,
348 776 490 849 quod
523 776 796 830 Socratem
836 772 1055 827 inducat
1092 772 1377 827 dicentem.
1438 772 1588 839 Quod
1628 775 1888 846 Diogenes
1928 778 2043 832 sine

72 875 209 923 teste
249 865 403 921 affert
442 866 682 935 ineptum
741 868 849 916 cst:
903 862 959 915 οὐ
999 860 1105 928 γὰρ
1155 861 1241 915 καὶ
1294 859 1485 925 ἱμάτια
1529 863 1673 916 καλοὶ
1723 865 1810 918 καὶ
1863 867 2043 930 ὑποδή-

72 976 226 1022 ματα
267 954 344 1017 εἴη
390 953 454 1008 ἂν
499 952 610 1018 ἐμοὶ
663 949 968 1017 arcippio-:m
1023 946 1238 1020 Aliquid
1288 947 1431 1002 dicet
1485 948 1729 1004 Socrates
1777 954 1820 1006 si
1860 974 2042 1019 γυναι-

72 1050 190 1099 κεῖα
247 1041 550 1104 addideriS,
603 1046 656 1095 et
712 1038 788 1093 sic
836 1036 1002 1092 ferme
1050 1037 1181 1091 satis
1234 1035 1398 1100 salse,
1455 1035 1549 1090 sed
1600 1038 1907 1106 verbosiuS,
1961 1059 2042 1097 re-

72 1130 297 1204 spondet
340 1128 483 1201 apud
522 1127 865 1190 Ciceronem,
904 1141 968 1180 ex
1007 1124 1163 1179 cuius
1195 1122 1373 1178 verbis
1412 1124 1705 1180 conieceris
1744 1128 1884 1201 apud
1925 1130 2043 1185 Dio-

71 1236 263 1291 genem
315 1217 440 1272 olim
500 1217 764 1288 scriptum
821 1212 1019 1268 fuisse:
1074 1214 1128 1267 οὐ
1186 1212 1292 1279 γὰρ
1351 1214 1676 1267 σικυώνια
1730 1216 2042 1283 ὑποδήματα

69 1307 148 1370 εἴη
187 1307 252 1362 ἂν
305 1305 414 1373 ἐμοὶ
457 1305 759 1373 ἆνάρμοςας
805 1301 900 1357 sed
953 1299 1082 1372 quid
1136 1299 1346 1355 Valerio
1398 1301 1630 1355 Maximo
1680 1301 1878 1370 facias,
1938 1324 2044 1378 quo

74 1403 210 1451 nesle
250 1394 338 1449 Vl·
380 1411 451 1448 lv,
492 1394 612 1448 Εχι,
654 1395 706 1446 2,
748 1390 1027 1446 Socrates:
1070 1388 1300 1461 »Aulam
1335 1389 1540 1460 inquit,
1589 1409 1811 1462 quaeso,
1854 1395 2041 1462 islam,

72 1502 196 1538 nam
235 1501 330 1556 eqo
368 1482 414 1536 si
451 1481 641 1535 adduci
675 1497 915 1550 possem,
970 1485 1025 1531 ul
1066 1495 1180 1532 eam
1232 1478 1287 1531 in
1338 1477 1526 1532 ultima
1574 1479 1819 1551 Scythiae
1865 1483 2040 1539 solitu-

70 1572 192 1627 dine
223 1588 556 1643 perorarem,
608 1578 718 1623 lum
768 1586 853 1622 me
885 1568 996 1639 ipse
1049 1574 1213 1621 morte
1259 1566 1616 1620 mulctandum
1660 1570 2041 1628 concederem.”

73 1658 116 1716 Ο
156 1660 424 1715 hominem
468 1658 812 1729 nugatorium
852 1662 906 1711 et
944 1655 1260 1727 scriptorem
1305 1656 1578 1727 ineptum!
1659 1657 1819 1712 Plura
1860 1661 2042 1719 attulit

72 1748 321 1804 Davisius
366 1746 433 1801 ad
485 1747 652 1801 Cicer.
692 1746 848 1800 Tusc.
891 1744 1105 1811 Quaest.
1143 1743 1183 1798 l.
1229 1747 1319 1799 29.
1374 1745 1430 1797 in
1482 1743 1564 1798 his
1612 1744 1822 1801 Stobaei
1862 1747 2039 1806 locum

72 1854 137 1892 ex
176 1836 357 1892 Floril.
399 1841 429 1890 7
450 1878 464 1900 ,
507 1838 595 1890 56.
651 1833 831 1888 nescio
868 1831 1012 1887 unde
1052 1838 1290 1886 sumtum
1315 1874 1329 1897 ,
1371 1831 1464 1886 ubi
1506 1831 1713 1887 Socrati
1741 1837 2038 1894 orationem

69 1925 343 1981 recusanti
384 1924 571 1997 Lysias
612 1923 700 1976 καὶ
740 1924 842 1988 μὴν
878 1921 1124 1978 noima-ov
1172 1921 1327 1975 αὐτὸν
1366 1918 1494 1976 εἶναι
1531 1920 1729 1976 dixisse
1769 1933 2038 1982 narratur.

70 2014 167 2068 Cui
205 2013 479 2069 Socrates:
521 2012 608 2066 καὶ
652 2011 723 2065 τοὶ
760 2010 877 2079 ῥόδα
919 2008 1152 2067 adamatae
1193 2010 1327 2073 ε’ςιν,
1366 2011 1493 2064 ἀλλ’
1538 2013 1591 2064 οὐ
1634 2012 1813 2078 πρέπει
1859 2035 1943 2079 μοι
1980 2019 2039 2071 τὸ

69 2102 379 2171 ςεφιένωμα.
458 2099 699 2164 Τεθνήξει
741 2101 941 2163 τοίνυν,
998 2098 1099 2166 ἔφη
1147 2099 1169 2152 ὁ
1208 2099 1447 2162 Λυσίας,
1500 2099 1543 2153 εἷ
1582 2100 1656 2164 μὴ
1715 2099 1870 2163 οὕτως
1910 2105 2037 2159 ,in-0.

67 2194 300 2256 λογήτει.
379 2196 442 2245 ‘O
483 2191 573 2244 δὲ·
613 2190 654 2243 εἰ
689 2189 831 2255 γὰρ,
871 2187 1005 2255 ἔφη,
1048 2186 1134 2241 καὶ
1175 2187 1250 2252 μὴ
1291 2191 1374 2240 νῦν
1399 2229 1413 2249 ,
1454 2186 1660 2248 παντως
1698 2189 2038 2259 τεθνήξομαι,

67 2296 205 2351 quae
256 2279 435 2332 omnia
488 2285 615 2331 sunt
659 2293 724 2331 ex
779 2274 963 2330 eadem
1017 2274 1320 2329 fabularum
1371 2281 1424 2329 et
1464 2283 1890 2333 commentorum
1932 2281 2040 2336 offi-

68 2369 207 2423 cina.
305 2366 487 2421 Multis
542 2366 697 2420 annis
754 2372 873 2437 post
935 2364 1170 2418 Socratis
1234 2370 1463 2418 mortem
1526 2363 1712 2437 Lysias
1781 2365 2039 2426 adversus

69 2455 401 2528 Polycratem
446 2454 681 2509 Socratis
722 2452 1080 2508 defensionem
1127 2452 1399 2523 suscepit,
1441 2451 1688 2523 idemque
1722 2452 1910 2511 secisse
1940 2458 2039 2514 Xe·

68 2543 389 2616 nophontem
433 2550 486 2598 et
525 2560 588 2597 ex
630 2541 814 2597 eadem
857 2541 1197 2595 accusatione
1237 2539 1439 2611 aiiquid
1481 2557 1899 2598 commemorare
1939 2548 2037 2602 Ae-

66 2631 307 2688 schinem
331 2674 347 2695 ,
391 2648 496 2703 quo
537 2632 710 2702 magis
746 2630 925 2684 omnia
962 2628 1334 2701 perpenderis,
1374 2643 1435 2682 eo
1475 2644 1562 2682 res
1611 2629 1884 2686 videbitur
1918 2650 2034 2691 esse

66 2720 417 2776 manifestior.

142 2807 200 2864 ln
257 2809 443 2864 iisdem
501 2806 825 2881 pereruditis
878 2806 944 2861 ad
984 2805 1272 2861 Aristidem
1317 2804 1544 2861 Scholiis
1583 2814 1756 2863 exstat
1803 2809 2033 2870 alterum

66 2899 435 2953 testimonium
495 2904 602 2951 tam
660 2894 992 2950 luculentum
1047 2902 1100 2950 et
1152 2894 1451 2959 disertum,
1513 2902 1570 2950 ut
1614 2902 2031 2959 controversiam

63 3001 276 3040 omnem
332 2985 569 3040 dirimat.
651 2985 876 3054 Legitur
927 2982 1040 3037 Vol.
1076 2983 1166 3038 111.
1221 3000 1271 3055 p.
1315 2986 1440 3039 480.
1483 2984 1638 3040 Dind.
1680 2992 1828 3042 τοῦτο
1868 2990 1911 3044 δ’
1943 2995 2031 3047 οὐκ

64 3075 235 3142 ἀργῶς
274 3071 416 3129 εἶπεν
455 3075 582 3128 ἀλλ’
621 3074 796 3134 ἐπειδὴ
851 3070 955 3127 οἶδε
995 3075 1080 3127 τὸν
1138 3071 1385 3140 Σωκράτη
1440 3075 1561 3140 πρὸς
1619 3076 1735 3136 τοὺς
1775 3078 1908 3139 νέους
1947 3082 2028 3135 ἀεὶ

63 3162 151 3216 τὸν
208 3163 465 3217 Ὀδυσσέα
519 3160 850 3228 θαυμάζοντα
903 3160 986 3214 δια
1026 3162 1117 3223 τὴν
1167 3160 1408 3223 τοιαύτην
1450 3159 1666 3228 πρᾶξιν,
1710 3166 1772 3224 ὡς
1828 3175 2028 3223 Πολι)-

65 3249 314 3317 κρατῇς
366 3252 429 3305 ἐν
482 3253 566 3318 τῷ
619 3251 762 3304 κατ’
803 3251 1005 3303 αὐτοῦ
1049 3248 1226 3317 λόγῳ
1279 3250 1446 3318 φησὶ
1498 3249 1607 3303 καὶ
1651 3253 1911 3315 Λυσίας
1964 3258 2027 3310 ἐν

62 3339 142 3405 τῷ
197 3340 341 3405 πρὸς
394 3338 813 3406 Πολυκράτην
869 3338 1023 3404 ὑπὲρ
1064 3339 1294 3392 αὐτοῦ.
1373 3337 1519 3404 Quae
1572 3346 1872 3408 sequuntur
1912 3359 2029 3398 cor-

65 3432 223 3496 rupta
258 3433 310 3480 et
350 3427 539 3481 mutila
575 3434 734 3482 sunt:
794 3428 817 3480 ὅ
857 3429 951 3493 μὲν
995 3424 1341 3499 (Polycrates)
1384 3431 1590 3483 συνιςῶν
1631 3425 1705 3479 ἔτι
1745 3429 1838 3489 τὴν
1877 3430 2027 3498 &mo-

66 3515 279 3580 κρατίαν
320 3516 377 3568 ἐκ
416 3516 594 3570 τούτου
633 3517 916 3571 καταλύειν
951 3515 1207 3582 ἐπεχείρει
1248 3515 1463 3568 ἐπαινῶν
1498 3514 1582 3568 τὸν
1622 3514 1879 3571 Ὀδυσσέα
1919 3529 2023 3585 τοῖς

63 3603 158 3668 μὶν
215 3604 521 3668 βασιλεῦσιν
574 3604 878 3660 ἐπαινοῦντα
941 3602 1075 3675 (lege
1135 3600 1500 3672 παραινοῦντα)
1561 3602 1735 3671 λόγῳ,
1797 3607 1912 3670 τοὺς
1972 3611 2021 3665 δὲ
