2436 4068
1052 237 1113 286 71

95 383 447 456 Theophrasti
492 382 788 435 orationem
828 379 1263 435 constituendam
1301 380 1353 432 in
1390 395 1451 432 eo
1491 379 1629 432 inest
1669 379 1912 443 excussi,
1953 396 2089 451 quae

93 473 272 528 omnia
313 469 620 543 propediem
659 470 713 523 in
756 468 841 523 his
878 469 1010 539 ipsis
1044 467 1389 522 Lectionibus
1422 482 1752 538 expromam.
1812 467 1871 520 In
1905 475 2088 522 nostro

94 561 209 615 loco
243 561 483 631 optimus
521 557 694 612 Codex
735 556 874 610 hanc
911 557 1238 627 scripturam
1273 561 1478 610 servat:
1520 554 1607 608 καὶ
1638 561 1758 616 ταῖς
1793 554 2005 623 τέτρασι
2037 555 2089 610 δὲ

91 649 178 703 καὶ
233 655 353 709 ταῖς
400 644 655 714 ἑβδομάσι
705 642 970 711 προςοὶξας
1020 642 1146 697 οἶνον
1198 642 1343 710 ἕψειν
1393 650 1499 704 τοῖς
1554 642 1723 707 ἔνδον,
1773 650 1826 697 et
1875 642 2088 711 τετράσι

0 728 2 811 f
90 735 309 809 quidem
340 732 623 807 perspicue
653 740 735 788 est
766 732 1062 803 scriptum,
1106 731 1161 783 in
1195 730 1451 796 ἑβδομάσι
1487 731 1743 786 librarius
1773 731 2090 803 compendio

0 815 1 818 ¹
92 846 224 884 usus
264 835 346 883 est
386 827 640 898 deditque
679 807 848 893 ἑβδορῗ
886 831 939 879 et
976 824 1164 877 literae
1209 843 1251 887 μ
1293 823 1519 877 caudam
1563 823 1628 879 de
1667 841 1816 879 more
1857 823 2089 888 addidit,

0 914 1 968 3
91 924 151 972 ut
172 915 432 990 syllabam
462 915 717 968 omissam
738 930 855 968 esse
890 918 1189 984 appareret.
1234 909 1374 976 Quid
1409 927 1471 964 eo
1492 910 1686 977 faciae,
1727 913 1821 984 qui
1843 910 1969 966 hinc
1996 913 2088 979 ἐβ-

8 992 15 999 ’
90 1003 345 1070 δομιέταις
386 1001 630 1057 effinxit?
711 1000 900 1072 ltaque
934 1000 1034 1054 hoc
1066 997 1370 1053 tenebimus
1402 1000 1474 1059 εἷς
1508 999 1763 1067 τετάρτην
1799 1000 2091 1055 Menandro

92 1109 194 1147 non
236 1108 352 1146 esse
391 1088 821 1152 obtrudendum‚
863 1095 917 1143 et
951 1094 1165 1160 praeter
1194 1082 1312 1141 εἶτα
1348 1085 1483 1140 nihil
1522 1103 1637 1142 esse
1671 1089 1724 1140 in
1764 1087 1850 1142 his
1880 1089 2089 1161 supple-

92 1180 292 1235 mentis
329 1178 471 1232 boni.

167 1268 228 1322 In
271 1266 374 1322 alio
410 1265 693 1320 Menandri
730 1262 844 1318 loco
878 1261 1152 1318 Bentleius
1188 1264 1383 1317 vitium
1416 1279 1520 1316 non
1564 1262 1785 1319 sustulit
1821 1263 1913 1317 sed
1951 1263 2091 1318 ultro

92 1356 314 1411 invexit.
402 1352 558 1425 Apud
605 1351 936 1424 Stephanum
991 1352 1211 1425 Byzant.
1254 1369 1302 1405 v.
1357 1352 1570 1414 Δωδώνη
1626 1350 1755 1406 haec
1807 1350 2087 1407 Menandri

51 1500 60 1508 ,
92 1442 419 1498 afferuntur:

397 1530 486 1584 ἐὰν
517 1529 569 1583 δὲ
611 1531 787 1598 κινήσῃ
819 1529 968 1595 μόνον
1007 1530 1100 1590 τὴν
1140 1529 1416 1595 Μυρτίλην

396 1618 595 1680 ταύτην
635 1639 714 1679 τις
756 1619 784 1681 ἢ
823 1618 998 1679 τίτθην
1038 1625 1179 1686 καλῇ
1222 1617 1385 1684 πέρας
1427 1624 1568 1671 ποιεῖ

395 1710 623 1768 λαλιᾶς.
665 1696 1059 1761 τὸλΔωδωναῖον
1095 1704 1160 1759 ἄν
1200 1725 1279 1766 τις
1319 1705 1548 1772 χαλκίον
1573 1748 1585 1768 ,

398 1792 421 1849 ὃ
459 1796 700 1860 λέγουσιν
736 1798 917 1862 ἠχεῖν,
959 1795 1016 1858 ἢν
1057 1793 1328 1862 παραψηθ’
1371 1795 1393 1847 o‘
1435 1795 1655 1861 παριών,

397 1884 487 1945 την
520 1885 713 1951 ἡμέραν
755 1882 874 1946 δ’λην
900 1926 913 1946 ,
954 1882 1307 1936 καταπαύσαι
1345 1884 1531 1936 θᾶττον
1570 1884 1598 1946 ἦ

396 1973 595 2033 ταύτην
633 1976 932 2026 λαλοῦσαν.
975 1969 1139 2024 νύκτα
1176 1970 1281 2037 γαρ
1323 1969 1746 2037 προσ-λαμβάνει.

96 2058 370 2115 Bentleius
407 2058 473 2114 de
508 2076 606 2114 suo
639 2059 787 2114 dedit
821 2060 875 2112 in
919 2074 993 2113 vs.
1020 2062 1069 2112 2.
1113 2059 1273 2126 πέρας
1312 2061 1366 2112 οὐ
1402 2064 1540 2112 ποιεῖ
1569 2061 1767 2119 λαλιᾶς
1801 2056 1942 2129 quod
1977 2074 2092 2112 ver·

96 2149 157 2202 tit
203 2166 489 2219 numquam
529 2147 772 2219 loquendi
805 2147 967 2218 finem
1003 2146 1157 2218 facit,
1198 2145 1357 2216 idque
1399 2162 1585 2200 omnes
1621 2144 1905 2216 probatum
1947 2162 2091 2201 rece·

94 2242 306 2308 perunt.
387 2235 516 2289 Mihi
550 2237 716 2302 πέρας-
742 2241 903 2289 ποιεῖν
940 2250 1036 2305 pro
1069 2234 1327 2288 παύεσθαι
1358 2241 1413 2288 et
1441 2234 1601 2301 πέρας
1638 2237 1692 2288 οὐ
1727 2241 1867 2289 ποιεῖ
1894 2238 2090 2295 λαλιοῖς

94 2340 192 2396 pro
235 2328 476 2378 λαλοῦσα
518 2326 574 2378 οὐ
621 2324 850 2378 παύεται
897 2322 1101 2377 Graeca
1147 2338 1262 2376 esse
1307 2339 1412 2376 non
1465 2321 1719 2376 videntur
1768 2339 1865 2377 nec
1907 2321 2095 2376 dubito

94 2411 224 2483 quin
255 2411 545 2466 Menander.
578 2410 632 2465 id
669 2412 846 2483 ipsum
883 2409 1025 2482 quod
1059 2410 1114 2463 in
1151 2407 1304 2464 bonis
1335 2410 1489 2465 libris
1520 2417 1600 2465 est
1636 2411 1796 2479 πέρας
1831 2417 1971 2466 ποιεῖ
1998 2422 2094 2465 λα·

94 2503 216 2561 λιᾶς
269 2500 578 2572 scripserit,
632 2499 773 2571 quod
823 2498 995 2554 multo
1029 2498 1260 2570 lepidius
1310 2498 1518 2553 dictum
1571 2506 1689 2564 est,
1739 2499 1897 2555 modo
1947 2505 2094 2554 recte

96 2587 446 2659 intelligatur.
526 2589 696 2655 Πέρας
738 2587 957 2643 Graecis
1003 2593 1086 2641 est
1112 2588 1171 2642 τὸ
1213 2586 1400 2644 {ude-ov
1440 2586 1669 2654 ἔσχατον
1693 2631 1707 2654 ,
1758 2588 1812 2643 id
1844 2587 1987 2660 quod
2036 2588 2093 2641 in

93 2692 307 2749 quaque
366 2693 425 2731 re
465 2685 761 2731 extremum
808 2683 890 2732 est
934 2692 1039 2747 quo
1092 2675 1363 2747 perveniri
1406 2682 1580 2746 potest
1628 2684 1681 2731 et
1721 2694 1826 2749 quo
1866 2693 1970 2731 non
2012 2684 2093 2731 est

93 2763 342 2837 progredi
379 2764 623 2820 ulteriuS.
705 2764 919 2819 Tritum
971 2771 1053 2819 est
1092 2765 1166 2818 ita
1201 2762 1380 2818 dicere
1420 2763 1486 2818 de
1523 2770 1639 2819 arte
1688 2771 1784 2819 aut
1829 2765 2093 2827 artifici0,

96 2852 236 2925 quod
277 2853 433 2925 plane
468 2852 766 2925 perfectum
805 2852 1219 2923 absolutumque
1251 2857 1332 2906 est
1363 2858 1416 2905 et
1458 2852 1563 2907 iarn
1601 2870 1630 2907 a
1666 2852 1813 2908 nullo
1849 2853 2093 2926 superari

95 2947 293 3013 potest,
334 2941 477 3014 quod
503 2943 561 2996 τὸ
591 2942 754 3008 πέρας
783 2948 876 3004 τῆς
905 2940 1099 3007 τέχνης
1131 2939 1484 3013 appellabant.
1565 2941 1744 2996 Ioeose
1773 2942 2094 3014 Posidippus

97 3028 238 3101 apud
275 3029 469 3084 Athen.
510 3030 598 3084 lx.
644 3033 769 3084 577.
807 3029 869 3083 A.
912 3036 1005 3092 τῆς
1052 3029 1243 3096 τέχνης
1286 3027 1447 3095 πέρας
1489 3032 1632 3084 τοῦτ’
1683 3030 1788 3086 ἐςίν
1832 3038 1885 3084 et
1921 3030 2089 3102 Hege-

96 3118 282 3190 sippus
323 3118 515 3173 Athen.
561 3118 676 3172 VII.
722 3122 849 3173 290.
880 3118 941 3171 A.
995 3119 1054 3172 τὸ
1107 3117 1268 3184 πέρας
1309 3125 1402 3180 τῆς
1443 3126 1752 3185 μαγειρικῆς
1793 3150 1868 3159 —-
1907 3119 2089 3172 εἰδέναι

96 3207 267 3274 νόμιζε
296 3206 444 3272 μόνον
467 3207 577 3272 ἐμέ.
621 3207 698 3260 Eo
729 3223 784 3261 se
807 3206 1112 3277 pervenisse
1135 3205 1457 3260 Parrhasius
1479 3206 1610 3259 satis
1633 3214 1971 3278 arroganter,
1999 3205 2089 3261 sed

99 3310 199 3348 non
227 3294 574 3365 ineleganter,
597 3293 828 3349 iactabat
852 3295 907 3348 in
929 3294 1337 3366 Epigrammate
1358 3292 1500 3364 apud
1523 3293 1715 3350 Athen.
1741 3297 1853 3351 ΧΙΙ.
1880 3301 2003 3350 543.
2030 3295 2088 3348 D.

323 3385 366 3437 εἰ
408 3385 495 3437 καὶ
536 3382 709 3441 ἄπιςα
749 3383 959 3438 κλύουσι
999 3383 1141 3448 λέγω
1179 3382 1324 3437 τάδε.
1366 3381 1507 3451 φημὶ
1542 3373 1658 3450 γὰρ
1683 3384 1773 3446 ἤδη

471 3472 663 3540 τέχνης
701 3472 935 3539 εὑρῆσθαι
974 3472 1216 3539 τέρματα
1255 3471 1412 3534 τῆσδε
1455 3475 1607 3539 σαφῆ

325 3561 492 3628 χειρὸς
528 3562 622 3628 ὑφ’
659 3562 926 3629 ἡμετέρης.
962 3560 1355 3627 ἀνυπέρβλητος
1397 3559 1449 3613 δὲ
1489 3559 1728 3623 πέπηγεν

477 3646 642 3717 οὖρος,
684 3651 966 3716 ἀμώμητον
1008 3650 1052 3704 δ”
1090 3649 1228 3704 οὐδὲν
1265 3650 1444 3713 ἐγέντο
1482 3649 1700 3715 βροτοῖς.
