2436 4068
0 787 6 846 l

0 850 7 954 ἵ

0 1030 6 1090 Ι

659 1247 662 1250 ’
858 1269 1128 1324 CAPUT
1202 1269 1292 1322 ni

155 1617 285 1676 Utar
323 1633 469 1672 nune
505 1615 674 1672 libero
709 1617 798 1671 illo
845 1634 1041 1689 genere
1087 1619 1430 1689 scriptioniS,
1472 1618 1613 1690 quod
1655 1618 1789 1673 mihi
1827 1621 1883 1673 in
1923 1625 2072 1675 tanta

77 1709 315 1777 ἰσχολίᾳ
346 1706 549 1760 viventi
579 1705 943 1760 necessarium
980 1723 1097 1760 esse
1118 1705 1260 1771 dixi,
1295 1705 1361 1761 ad
1383 1705 1795 1777 digrediendum
1826 1707 2075 1762 nonnihil

0 1797 3 1877 ᾗ
79 1813 112 1853 a
154 1795 422 1869 proposito
473 1794 745 1864 missaque
798 1793 1070 1866 paulisper
1123 1794 1462 1848 Comicorum
1521 1793 1846 1861 festivitate,
1910 1801 1970 1850 ut
2020 1802 2075 1850 et

0 1896 1 1914 ¹
79 1883 308 1941 aliorum
346 1889 401 1937 et
452 1897 602 1937 meae
648 1882 887 1936 satietati
945 1899 1266 1944 occurram,
1322 1881 1563 1936 tractabo
1615 1882 1758 1938 locos
1808 1883 2070 1955 quosdam

74 1988 142 2029 ex
173 1969 432 2043 Euripide
471 1977 526 2024 et
569 1970 647 2024 sic
688 1969 755 2023 ad
809 1969 1162 2040 Theophrasti
1209 1969 1558 2024 Charaoteres
1607 1972 1877 2026 transiens
1929 1971 2088 2043 quod

0 2055 1 2062 ἶ
76 2075 166 2116 me
202 2059 480 2114 dicturum
534 2057 756 2129 promisi
794 2056 860 2112 de
901 2057 1104 2128 optimo
1160 2056 1353 2112 Codice
1403 2057 1931 2114 Palatino-Vaticano
1973 2059 2075 2115 sol·

80 2163 201 2203 vam
240 2146 416 2201 fidem.

153 2235 259 2290 Diu
306 2241 361 2288 et
403 2231 639 2287 multum
679 2248 766 2286 me
819 2231 1099 2304 Euripidis
1139 2231 1340 2287 Helena
1396 2234 1609 2296 tenuit,
1653 2233 1710 2287 in
1752 2251 1858 2306 qua
1894 2233 2074 2290 sabula

72 2321 413 2381 emendanda
451 2319 595 2375 haud
645 2320 722 2374 ita
773 2319 982 2391 pridem
1032 2319 1087 2374 C.
1123 2319 1361 2375 Badham
1403 2320 1689 2392 perutilem
1730 2339 1947 2394 operam
1985 2340 2073 2394 po-

47 2412 224 2476 suit,
265 2425 434 2482 quum
471 2407 808 2480 Iphigeniam
852 2409 906 2462 in
946 2408 1141 2462 Tauris
1175 2416 1230 2462 et
1275 2408 1531 2463 Helenam
1590 2409 1819 2464 Londini
1871 2411 2070 2466 ederet.

48 2498 264 2572 ,Itaque
303 2498 541 2570 primum
598 2496 842 2551 omnium
891 2495 1030 2550 hano
1071 2494 1307 2550 fabulam
1356 2495 1444 2550 hio
1496 2496 1607 2552 illic
1648 2498 2072 2553 emendatiorem

76 2585 300 2644 reddere
338 2584 604 2651 conabor,
650 2591 767 2639 tum
822 2583 887 2639 de
927 2583 1201 2639 nonnullis
1239 2583 1371 2638 loeis
1411 2584 1744 2658 reliquarum
1789 2586 2067 2659 Euripidis

77 2673 379 2732 fabularum
420 2689 593 2746 pauca
627 2671 938 2727 edisseram.

153 2762 214 2819 In
250 2761 579 2834 Tragoediae
621 2761 777 2815 initio
816 2759 1024 2816 offendo
1064 2777 1140 2815 vs,
1180 2763 1267 2814 20.

52 2847 65 2933 ξ
382 2847 434 2911 ὃς
473 2850 635 2903 δόλιον
673 2851 817 2911 εὐνήν
860 2846 1100 2915 ἐξέπραξ’
1140 2848 1231 2902 ὑπ’
1271 2851 1428 2903 ἀετοῦ

28 2935 67 2999 ‘e
380 2937 591 3002 δίωγμα
631 2936 881 3005 φεύγων,
921 2937 964 2989 εἶ
1005 2938 1184 3005 σαφής
1225 2933 1368 2997 οὗτος
1409 2936 1584 3002 λόγος.

28 3008 140 3097 gh
175 3024 411 3082 secundo
451 3040 612 3079 versu
651 3030 704 3078 et
742 3024 1106 3079 necessarium
1149 3023 1468 3079 vocabulum
1507 3023 1752 3080 desidero
1791 3033 1845 3081 et
1880 3032 2069 3082 eontra

26 3100 421 3187 *vehementer
459 3110 708 3184 displicet
747 3111 938 3178 aliud,
979 3111 1122 3183 quod
1170 3112 1362 3167 inutile
1415 3119 1496 3167 est
1533 3121 1584 3167 et
1619 3130 1841 3185 prorsus
1883 3132 2067 3187 super-

56 3213 327 3258 vaenum.
407 3198 540 3256 Nam
589 3199 718 3272 quid
772 3198 874 3254 sibi
932 3199 1043 3255 vult
1082 3198 1267 3262 οὗτος-ἲ
1326 3199 1467 3271 quod
1520 3202 1595 3256 ita
1652 3201 1870 3258 demum
1921 3211 2067 3258 recte

81 3285 323 3347 additum
368 3290 502 3354 erit,
544 3289 589 3343 si
643 3303 747 3359 qua
783 3286 886 3342 alia
940 3287 1081 3343 sama
1118 3295 1433 3361 opponetur.
1514 3290 1610 3344 Est
1659 3290 1800 3362 apud
1852 3291 2065 3344 Livium

80 3373 265 3442 loom,
308 3376 450 3432 unde
502 3376 553 3431 id
610 3376 811 3448 optime
856 3392 1115 3449 apparere
1170 3383 1376 3448 potest,
1426 3376 1518 3432 sed
1560 3395 1704 3433 nuno
1747 3379 1940 3432 misere
1977 3376 2064 3431 do-

83 3472 336 3539 pnvatus
374 3473 427 3520 et
474 3481 638 3520 sensu
686 3479 924 3527 vacum,
965 3465 1055 3518 cui
1095 3463 1267 3519 obiter
1315 3481 1469 3536 opem
1511 3464 1763 3521 feremus
1845 3465 2066 3535 Legitur

83 3550 243 3609 XXV.
289 3556 374 3607 16.
454 3551 595 3608 Ilaec
628 3570 750 3607 vera
789 3554 936 3623 sama
974 3562 1064 3607 ese.
1152 3553 1416 3607 Gracchus
1454 3554 1508 3607 in
1551 3554 1778 3608 Lucanis
1824 3552 1892 3605 ad
1927 3569 2063 3606 cam·-

78 3657 206 3712 ρω,
266 3641 356 3713 qui
409 3640 612 3696 Veteres
652 3650 931 3706 vocantur,
979 3641 1152 3715 periit.
1235 3641 1364 3695 Sunt
1401 3642 1490 3714 qui
1538 3642 1592 3694 in
1634 3658 1759 3708 asyro
1804 3640 2064 3694 Beneven·

1659 3735 1696 3763 16
