2436 4068
1026 179 1128 228 707

82 330 340 399 cuiusque
380 324 644 378 sententia
687 324 971 394 componit.
1054 321 1152 376 Ubi
1188 322 1286 377 hoc
1326 322 1548 376 dixisset
1606 319 1893 392 Xenophon
1934 320 2055 375 Plu·

12 444 13 449 =
82 415 303 471 {archus
346 430 412 467 ne
451 410 656 465 addidit
696 410 940 482 quidem,
983 418 1042 464 ut
1078 411 1132 462 in
1170 409 1303 464 libro
1343 410 1592 464 omnibus
1635 416 1775 463 noto.
1853 409 2055 480 Nempe

81 504 223 558 hunc
261 502 460 555 librum
501 514 687 552 omues
723 516 818 569 pro
853 498 1232 569 Xenophonteo
1267 497 1508 568 legerant
1562 505 1687 552 ante
1721 497 2055 552 Demetrium

78 593 409 662 Magnetem,
451 588 543 658 qui
583 588 792 658 primus
843 588 1084 640 omnium
1119 589 1208 640 οὐκ
1247 586 1348 654 ἔφη
1407 583 1535 640 εἶναι
1595 590 1910 655 Ξενοφῶντος
1964 586 2058 647 τὴν

9 668 11 672 ,
79 680 356 741 Ἀθηναίων
395 677 481 730 καὶ
529 677 948 739 Λακεδαιμονίων
994 675 1290 739 πολιτείαν,
1334 682 1468 729 teste
1505 675 1738 745 Diogene
1776 674 1954 728 Laert.
1989 673 2055 727 Π.

84 772 173 822 57.
253 767 523 820 Disertum
570 771 650 817 est
691 762 897 835 Polyhii
953 764 1322 816 testimonium
1360 762 1447 816 VI.
1490 767 1580 816 45.
1635 762 1776 826 ἄξιον
1815 763 2059 824 ε’πιςῆσοιι

83 862 188 915 πῶς
227 857 272 908 οἱ
303 854 612 918 λογιώτατοι
648 857 746 904 τῶν
779 852 1012 917 ἀρχαίων
1048 851 1399 919 συγγραφέων
1429 854 1651 920 ’Ἔφορος
1675 894 1688 915 ,
1730 856 2026 920 Ξενοφῶν
2047 891 2062 914 ,

83 942 472 1004 Καλλισθένης,
531 939 755 993 Πλοὶτων
796 941 887 1001 τὴν
928 945 1129 1006 Κρητῶν
1185 940 1451 994 πολιτείαν
1492 941 1669 1005 ὁμοίαν
1709 940 1796 994 καὶ
1836 941 1928 1001 τὴν
1967 940 2062 993 αὖ·

85 1034 176 1095 τὴν
215 1029 348 1086 εἶναι’
385 1038 520 1098 φατι
562 1036 626 1096 τῇ
667 1034 765 1081 τῶν
806 1028 1258 1094 Λακεδαιμονίων,
1298 1044 1363 1081 ex
1399 1045 1504 1098 quo
1539 1029 1702 1082 simul
1741 1027 2063 1098 intelligitur

84 1120 298 1175 nonnisi
339 1125 587 1189 excerpta
645 1116 1014 1188 Xenophontei
1054 1117 1229 1188 operis
1268 1124 1512 1182 exstare,
1567 1124 1628 1170 ut
1666 1116 1721 1168 in
1762 1115 1960 1187 quihus
2000 1115 2067 1169 de

84 1208 423 1263 Cretensium
479 1222 589 1277 rep.
635 1204 781 1259 nulla
820 1205 1040 1258 omnino
1081 1204 1140 1258 fit
1195 1205 1414 1258 menti0.
1494 1206 1785 1271 Δημήτριος
1826 1205 1850 1258 ὁ
1901 1203 2065 1268 Moty-

84 1318 205 1360 νης,
266 1296 423 1349 homo
484 1294 778 1348 multarum
842 1293 1186 1357 litterarum,
1242 1293 1487 1347 Ciceroni
1544 1291 1819 1364 aequaliS‚
1887 1292 2066 1346 Attico

86 1387 249 1440 etiam
293 1382 573 1437 familiaris
616 1381 746 1455 (vid.
779 1381 1097 1436 Scheurleer
1133 1381 1198 1435 de
1234 1381 1505 1436 Demetrio
1541 1381 1784 1452 Magnete
1825 1397 1942 1452 pag.
1972 1378 2029 1452 3)
2051 1421 2067 1443 ‚

86 1472 423 1527 abiudicasse
464 1470 800 1542 Xenophonti
842 1471 936 1524 hos
982 1469 1188 1524 libellos
1225 1470 1439 1525 videtur
1478 1469 1643 1524 simili
1684 1467 1793 1524 sere
1832 1469 1897 1524 de
1938 1485 2066 1523 cau—

85 1579 144 1616 sa
197 1571 358 1632 atque
411 1560 679 1614 Dinarcho
734 1561 1030 1612 orationem
1075 1559 1216 1613 κατοὶ
1257 1559 1606 1625 Δημοσθένους
1664 1557 1807 1630 apud
1866 1557 2063 1629 Diony-

85 1652 229 1706 sium
262 1649 535 1704 Halicarn.
579 1665 695 1719 cap.
738 1652 786 1701 1.
844 1648 992 1701 Tom.
1031 1647 1092 1700 V.
1137 1665 1186 1719 p.
1221 1651 1351 1703 652.
1407 1648 1587 1703 Reisk.
1631 1646 1758 1702 ubi:
1799 1646 1886 1701 καὶ
1929 1646 2067 1712 νομί·

84 1761 218 1795 σειεν
256 1737 321 1792 ἄν
360 1758 439 1798 τις
462 1780 476 1801 ,
519 1738 730 1808 inquit,
769 1738 960 1799 εὐήθεις
1012 1733 1142 1790 εἶναι
1181 1737 1299 1796 τοὺς
1352 1735 1720 1802 ὑπολαβόντας
1772 1735 1857 1788 τὸν
1908 1735 2066 1800 λόγον

86 1830 173 1883 τὸν
215 1828 359 1882 κατα
400 1826 750 1890 Δημοσθένους
789 1822 918 1879 εἶναι
956 1826 1155 1879 τούτου.
1198 1826 1331 1880 πολὺ
1363 1825 1471 1892 γὰρ
1520 1823 1716 1893 ἀπέχει
1755 1827 1845 1878 τοῦ
1895 1843 2066 1892 xxpa-

0 1925 2 1973 ἑ
88 1924 283 1984 κτῆρος.
366 1914 563 1968 Eodem
609 1915 778 1984 igitur
813 1912 970 1967 modo
1009 1914 1254 1983 suspicor
1298 1911 1413 1966 illos
1449 1911 1654 1966 libellos
1705 1911 1916 1965 erudito
1954 1911 2065 1965 Cri·

0 2036 2 2079 Ι
88 2006 195 2060 tico
254 2005 395 2056 visos
447 2018 564 2056 esse
618 2002 843 2070 ἀπέχειν
898 2006 986 2055 τοῦ
1046 2001 1415 2069 Ξενοφωντείου
1466 2009 1831 2069 χαρακτῆρος,
1893 2016 2065 2071 neque

0 2085 2 2147 ᾗ
85 2092 344 2148 orationis
398 2090 808 2162 Xenophonteae
862 2089 1093 2144 colorem
1133 2096 1187 2144 et
1243 2089 1485 2144 habitum
1542 2089 1597 2143 in
1659 2089 1723 2141 iis
1778 2104 2065 2160 apparere:

86 2183 151 2236 dc
204 2179 506 2235 cuiusmodi
551 2196 607 2233 re
656 2195 852 2250 anceps
909 2177 1195 2232 admodum
1249 2194 1364 2232 esse
1424 2176 1557 2231 solet
1610 2176 1912 2241 iudicium,
1972 2176 2065 2230 ubi

83 2270 220 2326 aliae
276 2284 462 2322 omnes
514 2268 681 2328 πίςεις
733 2266 929 2321 desint.
1010 2265 1122 2319 Non
1163 2282 1279 2320 esse
1333 2265 1484 2319 nohis
1539 2264 1683 2319 illam
1737 2264 2061 2319 criticorum

84 2357 461 2414 auctoritatem
524 2372 845 2427 magnopere
901 2354 1393 2420 extimescendam,
1453 2354 1771 2426 praesertim
1844 2371 2066 2416 eornm,

83 2448 177 2520 qui
217 2446 361 2500 circa
400 2443 487 2498 illa
529 2450 772 2516 tempora
826 2445 1112 2508 vixerunt,
1153 2444 1286 2498 satis
1334 2449 1561 2498 constat.
1643 2441 1811 2509 Quem
1856 2451 2064 2498 moveat

84 2534 301 2591 Caecilii
338 2534 391 2587 in
432 2532 523 2587 tali
564 2549 622 2587 re
658 2532 919 2587 iudicium
962 2538 1054 2586 aut
1088 2532 1331 2605 Dionysii
1367 2531 1889 2586 Halicarnassensis?
1932 2531 2065 2598 Quis

85 2640 342 2696 umquam
380 2620 573 2695 Lysiae
612 2622 907 2675 orationem
949 2620 1061 2689 περὶ
1101 2625 1190 2675 τοῦ
1234 2625 1388 2682 σηκοῦ
1424 2620 1645 2692 eripiet,
1681 2618 1806 2673 olim
1849 2620 1897 2673 ei
1937 2636 2064 2674 cum

85 2712 273 2767 multis
311 2709 432 2764 aliis
473 2708 539 2763 ab
580 2710 828 2781 imperito
865 2709 1062 2763 Critico
1102 2708 1496 2770 abiudicatam.
1556 2715 1614 2763 ut
1651 2707 1872 2763 Photius
1914 2707 2064 2763 doce-

84 2800 163 2855 bit
206 2802 258 2854 in
296 2797 542 2853 Biblioth.
584 2798 707 2852 Cod.
742 2800 867 2852 262.
921 2814 970 2868 p.
1010 2799 1136 2851 489.
1196 2796 1356 2851 Bekk.
1400 2796 1738 2859 DemetriuS,
1784 2813 1940 2868 quem
1981 2813 2060 2851 re·

84 2890 349 2943 centiores
393 2893 600 2940 tantuin
647 2902 748 2939 non
798 2902 983 2939 omnes
1024 2892 1355 2956 sequuntur,
1413 2884 1668 2940 Veterum
1713 2886 1930 2939 omnino
1970 2901 2061 2940 ne-

86 2977 220 3031 mini
263 2974 592 3047 persuasisse
633 2972 864 3028 videtur.
951 2973 1305 3036 PlutarchuS‚
1360 2973 1453 3044 qui
1508 2989 1910 3044 nonnumquam
1966 2974 2062 3028 De·

88 3064 281 3119 metrio
325 3070 458 3118 teste
498 3064 701 3127 utitur,
743 3063 797 3116 in
829 3061 925 3116 hac
961 3078 1052 3126 re,
1094 3069 1154 3116 ut
1193 3061 1463 3126 vidimus,
1503 3062 1620 3116 eius
1661 3060 1920 3115 iudicium
1958 3077 2061 3115 non

86 3152 314 3207 curavit.
397 3151 819 3222 Harpocration,
878 3151 970 3222 qui
1012 3157 1065 3204 et
1108 3149 1219 3222 ipse
1274 3150 1531 3205 Demetrii
1586 3148 1749 3203 libros
1797 3148 2062 3203 lectitavit

88 3248 141 3295 et
178 3238 392 3303 laudat,
434 3246 612 3311 spreto
654 3238 798 3293 illius
841 3238 1037 3293 iudicio
1078 3238 1129 3292 in
1176 3255 1220 3293 v.
1262 3238 1433 3306 Μόροιι
1489 3237 1758 3308 componit
1806 3237 2061 3291 Aristotc-

88 3326 191 3383 lem
229 3328 279 3380 ἐν
323 3335 388 3396 τῇ
430 3329 849 3393 Λακεδαιμονίων
891 3328 1130 3397 πολιτεία
1171 3344 1293 3381 cum
1335 3325 1682 3397 Xenophonte
1735 3324 1786 3378 ἐν
1839 3332 1904 3392 τῇ
1945 3334 2059 3379 Λα-

86 3417 246 3470 κώνων
286 3416 561 3484 πολιτεία,
605 3423 658 3471 et
696 3433 862 3488 quum
901 3415 1066 3470 soleat
1105 3414 1288 3470 scdulo
1328 3431 1486 3468 suum
1528 3414 1570 3466 εἷ
1610 3413 1815 3477 γνήσιος
1856 3411 2056 3468 adscri-

90 3503 247 3567 bere,
287 3505 401 3557 sine
446 3502 549 3556 ulla
592 3505 913 3575 suspicionis
955 3511 1076 3557 nota
1120 3505 1338 3575 apponit
1396 3500 1758 3572 Xenophontis
1800 3499 1957 3555 verba
1997 3517 2059 3555 ex

89 3592 174 3647 xl.
221 3597 270 3648 4.
352 3591 614 3647 Similiter
670 3592 852 3648 Pollux
890 3592 973 3647 Vl.
1036 3596 1160 3648 142.
1236 3588 1794 3658 αὑτοσχεδιοέζων
1851 3589 1936 3643 καὶ
1996 3591 2059 3651 ὠς

1603 3677 1696 3713 50⁴
