2436 4068
1079 258 1146 308 57

380 472 387 476 .
420 402 784 470 ταριχοπώλου
821 401 961 456 πάνυ
1001 407 1165 456 καλοῦ
1205 423 1264 457 τε
1299 404 1534 468 κάγαθοῦ

421 490 598 543 τιλτὸν
636 490 854 555 μέγιςον
892 488 1034 553 ἄξιον
1074 491 1317 558 δραχμῆς
1357 491 1489 545 δυοῖν

151 620 179 634 -
419 579 623 643 ὀβολοῖν
644 619 659 640 ,
699 575 750 632 ὃν
786 580 876 631 οὐκ
916 577 982 631 ἂν
1025 579 1440 647 καταφάγοιμεν
1481 581 1675 646 ἡμερῶν

421 671 566 734 τριῶν
599 665 690 730 ἤδη
732 665 1088 727 κατεσθίοντες
1126 667 1352 721 δώδεκα·

422 753 773 822 ὑπερμέγεθες
810 751 915 820 γάρ
956 754 1033 810 ἐςι
1058 795 1071 808 .

118 842 177 898 In
215 841 407 897 Codice
439 848 521 897 est
558 842 650 906 ἤδη
692 842 1087 896 κατεσθιόντεσ·
1128 840 1487 906 οὐδεδωκοέγε,
1533 859 1638 897 non
1668 841 1812 915 quod
1840 841 2118 897 Bekkerus

117 930 383 986 Meinekio
415 929 728 985 affirmavit:
770 930 861 993 ἤδη
891 930 1247 991 κατεσθίοντες
1287 929 1574 995 δεδωκάγε.
1654 932 1910 986 Pei-vetus
1945 930 2119 1002 igitur

119 1025 200 1074 est
246 1018 378 1074 haec
427 1017 768 1090 interpolatio
817 1024 870 1072 et
910 1017 1217 1090 corruptela
1264 1017 1526 1072 librorum
1552 1061 1566 1080 ‚
1620 1035 1781 1090 quam
1834 1017 2119 1074 manifesto

118 1105 318 1162 indicio
358 1113 636 1169 tenemus,
680 1105 945 1161 Graecum
986 1107 1130 1161 enim
1174 1112 1256 1160 est
1294 1107 1351 1159 in
1391 1105 1485 1160 tali
1516 1122 1575 1160 re
1615 1103 1687 1168 εἷς
1725 1107 1816 1170 ὤν,
1860 1108 1936 1163 δύ’
1968 1106 2116 1172 ὅντε,

120 1201 256 1264 τρεῖς
294 1194 466 1261 ὄντες,
507 1203 562 1250 et
601 1195 941 1250 Nicostratus
980 1194 1237 1250 dederat:

573 1285 720 1353 τριῶν
758 1283 1117 1345 κατεσθίοντες
1157 1285 1298 1344 ὄντες
1335 1281 1532 1336 δώδεκα
1557 1323 1571 1336 .

121 1371 387 1444 quomodo
423 1372 750 1445 Hermippus
789 1371 926 1426 dixit
965 1371 1110 1444 apud
1156 1370 1350 1426 Athen.
1390 1371 1535 1425 VIII.
1580 1374 1710 1425 544.
1751 1371 1815 1425 D.

117 1461 236 1522 τοὺς
274 1461 369 1526 μὲν
406 1459 487 1529 ἄρ’
515 1459 712 1523 ἄλλους
740 1462 978 1529 οἰκουρεῖν
1004 1469 1138 1530 χρῆν
1160 1503 1175 1523 ,
1218 1459 1448 1526 πέμπειν
1478 1460 1530 1514 δὲ
1561 1459 1828 1515 Νόθιππον
1861 1458 1931 1515 ἕν’
1960 1459 2113 1525 ὄντα,

121 1555 215 1604 aut
247 1548 635 1622 Aristophanes
669 1550 724 1604 in
761 1549 952 1622 Vespis
993 1552 1122 1604 693.

1074 1637 1309 1702 ξυνθέντε
1349 1637 1408 1691 τὸ
1440 1640 1676 1706 πρᾶγμα
1704 1636 1780 1692 δύ’
1817 1637 1930 1692 ὄντε

195 1724 583 1780 ἐσπουδάκατον
617 1725 732 1797 κᾷθ’
771 1729 837 1788 ὦς
873 1726 1032 1795 πρίον’
1067 1725 1091 1780 ὃ
1132 1726 1228 1792 μὲν
1261 1723 1440 1790 ἕλκει,
1480 1727 1503 1780 ὃ
1536 1726 1580 1780 δ’
1619 1726 1931 1782 ἀντενέδωκε
1952 1769 1964 1781 .

121 1812 236 1889 (ubi
277 1814 540 1886 Bergkius
578 1814 838 1870 debuerat
871 1814 1190 1887 palmariam
1227 1813 1451 1884 Reisigii
1491 1814 1923 1869 emendationem
1947 1830 1978 1869 a
2018 1815 2117 1870 Do-

118 1901 280 1957 braeo
307 1902 585 1974 probatam
614 1904 878 1975 recipere,
907 1904 1002 1974 qui
1029 1903 1081 1955 in
1110 1909 1382 1956 ΠΡΙΟΝΟ
1414 1901 1581 1957 latere
1605 1902 1739 1957 vidit
1767 1910 2119 1969 ΠΡΙΟΝΘΟ,

120 1990 176 2045 id
212 1997 295 2046 est
333 1993 396 2052 ὥς
438 1992 624 2058 πρίονθ’
665 1992 690 2045 ὅ
729 1991 826 2056 μέν
866 1990 1000 2063 nrt.)
1038 1997 1092 2045 et
1125 1991 1248 2061 quis
1287 2006 1395 2044 non
1436 2007 1595 2062 saepe
1635 1991 1708 2045 ita
1743 1990 1959 2046 locutus
1994 1991 2116 2046 est?

119 2078 259 2134 Hinc
316 2078 662 2149 Aristophani
719 2078 992 2134 subveniri
1054 2085 1228 2150 potest
1280 2078 1694 2150 interpolatione
1752 2086 2006 2152 corrupto
2061 2080 2118 2135 in

118 2166 408 2239 Equitibns
446 2169 575 2221 269.

1146 2251 1279 2317 εἶδες
1320 2250 1382 2309 οἷ’
1418 2255 1709 2324 ὑπέρχεται

418 2343 634 2412 ὡσπερεὶ
675 2343 924 2413 γέροντας
965 2346 1108 2410 ἡμᾶς
1150 2343 1239 2397 καὶ
1279 2343 1717 2409 κοβαλικεύεται;

116 2429 208 2485 ubi
256 2431 594 2486 certissimus
651 2432 806 2487 testis
865 2432 1184 2496 RavennaS,
1254 2430 1503 2500 γέροντας
1562 2433 1651 2487 καὶ
1706 2432 2114 2498 κοβαλικεύεται

113 2518 352 2585 exbibet,
392 2519 847 2592 quemadmodum
877 2519 1020 2575 idem
1060 2521 1115 2574 in
1153 2519 1593 2575 Acharnensibus
1629 2524 1757 2575 221.
1794 2528 1975 2576 servat
2006 2521 2111 2577 lec·

112 2607 314 2664 tionem
362 2608 591 2678 μηδέπερ
631 2609 880 2678 γέροντας
925 2609 1170 2678 ἐκφυγὼν
1211 2609 1526 2676 ’Λχαρνέας.
1622 2609 1770 2665 Idem
1826 2610 2116 2683 utrobique

48 2749 53 2763 ,
113 2696 308 2753 vitium
346 2703 430 2752 est
468 2696 655 2752 eodem
697 2696 853 2752 modo
893 2703 1082 2751 natum
1125 2702 1179 2752 et
1217 2697 1513 2752 tollendum
1550 2715 1788 2771 quoque:
1822 2714 2017 2771 nempe
2053 2705 2115 2754 ut

30 2782 33 2785 ’
115 2783 204 2842 bic
243 2784 385 2858 apud
419 2802 605 2840 omnes
638 2791 784 2840 recte
814 2785 1073 2841 scribitur
1110 2785 1341 2855 μηδέπερ
1376 2786 1624 2855 γέροντας
1663 2785 1816 2849 ὄντας
1839 2829 1855 2852 ,
1895 2787 1973 2842 sic
2003 2786 2115 2842 illic

114 2873 519 2929 rescribendum
566 2874 782 2943 ὡσπερεὶ
825 2874 1075 2943 γέροντας
1128 2874 1299 2936 ὄντας.
1400 2875 1503 2942 Qui
1546 2874 1793 2931 Codicem
1844 2875 2115 2931 Venetum

48 2985 52 2997 ·
114 2963 331 3035 scripsit
370 2962 435 3018 de
474 2979 572 3018 suo
611 2966 754 3029 ἡμᾶς
789 2962 1159 3034 interpolavit,
1201 2970 1261 3018 ut
1297 2964 1499 3035 passim
1541 2963 1956 3037 Aristophanem
1984 2963 2111 3019 levi-

48 3069 58 3115 ⁵.
114 3047 214 3104 bus
253 3050 579 3105 coniecturis
631 3068 728 3106 suo
764 3051 989 3106 arbitrio
1026 3051 1260 3106 refinxit.
1341 3050 1543 3108 Eodem
1579 3052 1737 3107 modo
1777 3053 1920 3125 apud
1958 3053 2112 3108 Nico-

115 3143 346 3193 stratum
385 3138 615 3195 futiliter
648 3139 844 3211 aliquis
889 3140 981 3204 ἤδη
1032 3140 1295 3205 inseruit,
1350 3147 1698 3213 caeteraque,
1744 3158 1916 3213 quum
1955 3149 2112 3197 vetus

116 3226 386 3299 scriptura
414 3245 517 3282 non
546 3228 677 3283 satis
704 3235 1016 3301 appareret,
1046 3227 1401 3284 conformavit
1423 3237 1483 3284 ut
1507 3230 1697 3302 potuit.
1760 3229 2113 3285 Simillimum

115 3315 307 3370 vitium
364 3315 633 3371 incertum
685 3316 988 3373 scribarum
1040 3333 1106 3371 an
1155 3316 1441 3373 Editorum
1484 3318 1813 3390 negligentia
1859 3317 2113 3389 deturpat

24 3415 26 3418 ’
117 3402 398 3461 Teleclidis
431 3404 759 3459 versiculum
801 3404 943 3478 apud
985 3404 1268 3462 Scholiast.
1300 3406 1571 3479 Aristoph.
1615 3405 1943 3477 Thesmoph.
1982 3408 2107 3461 168.

646 3495 774 3548 ἀλλ’
812 3497 840 3557 ἦ
882 3493 1114 3549 τάλαινα
1155 3495 1418 3550 Φιλοκλέα
1454 3497 1495 3561 β

48 3604 50 3610 “
116 3578 308 3635 lacuna
337 3597 367 3635 e
390 3580 515 3636 Cod.
554 3582 864 3638 Ravennate
898 3583 1179 3655 suppletur
1203 3583 1365 3638 simul
1397 3591 1449 3638 et
1482 3602 1584 3638 non
1621 3583 1929 3655 suppletur,
1960 3597 2108 3637 nam-

118 3685 221 3739 que
255 3670 412 3725 nauci
448 3686 550 3724 non
589 3677 670 3726 est
700 3671 840 3742 quod
874 3671 1023 3727 iIIInc
1054 3671 1288 3727 afferunt
1320 3673 1684 3738 βλελύθημαι,
1728 3673 1780 3725 in
1813 3685 1919 3742 qua
1942 3671 2108 3743 scrip-
