2436 4068
1342 200 1446 248 212

383 341 438 394 in
481 339 735 412 Euripide
776 340 1006 395 multum
1051 348 1294 395 versatus
1349 357 1450 394 non
1506 341 1620 411 ipse
1669 340 1938 394 commisit
1993 339 2244 411 pleraque
2287 341 2360 393 vi·
2433 324 2436 339 ²

381 429 492 493 tia,
543 428 738 499 quibus
784 445 927 482 nunc
984 429 1073 483 illa
1121 428 1492 500 supplementa
1545 427 1916 498 inquinantur.
2012 426 2194 481 Obiter
2250 443 2362 480 cor·
2435 452 2436 500 3

382 516 497 585 rige
540 532 613 569 vs,
659 518 818 569 1556.

762 601 849 656 καὶ
891 605 1040 656 τούπ’
1082 601 1165 668 ἔμ’
1207 606 1515 671 εὐτυχοῖτε,
1557 602 1643 656 καὶ
1686 601 1951 669 νικηφόρου

761 689 908 755 δώρου
950 691 1164 758 τύχοιτε
1188 733 1202 756 ,
1241 692 1467 759 πατρίδα
1507 690 1548 743 δ’
1589 688 1831 752 ἐξίκοισθε
1872 696 1992 753 γῆν.

384 775 473 829 ubi
516 775 783 844 νικηφόρου
823 777 955 844 δορὸς
997 779 1211 846 τύχοιτε
1252 779 1434 832 verius
1473 776 1722 840 videtur,
1763 782 1817 829 et
1856 793 1932 830 vs,
1974 780 2134 831 1580.

764 864 875 929 ἐμοὶ
917 864 970 918 δέ
1009 868 1058 918 τ’
1097 864 1265 930 ἄλγος
1306 869 1359 920 οὐ
1399 865 1574 932 μικρὸν
1614 865 1769 931 εἰσῄει
1811 863 1982 931 φρενί,

384 957 494 1003 tarn
539 950 801 1022 flagitiose
842 959 1130 1025 corruptus
1178 962 1258 1008 est
1301 952 1600 1008 scribarum
1649 952 1807 1015 vitio,
1851 968 2018 1022 quum
2060 950 2184 1005 olim
2227 951 2365 1006 banc

382 1037 606 1092 formam
650 1038 896 1095 haberet:

762 1127 873 1192 ἐμοὶ
912 1129 956 1182 δ’
997 1130 1160 1197 ἕσῄειν
1199 1127 1366 1194 ἄλγος
1407 1130 1462 1183 οὐ
1503 1128 1710 1196 σμικρὸν
1751 1129 1932 1196 φρενί,

383 1214 644 1268 mirantes
684 1215 834 1268 scioli
875 1215 1005 1286 quid
1046 1221 1185 1270 esset
1223 1217 1387 1285 ἐσῄειν
1422 1215 1590 1281 ἄλγος
1632 1216 1747 1281 ἐμοί
1782 1215 2002 1269 turbare
2041 1220 2366 1285 coeperunt,

383 1307 617 1355 veterem
661 1319 820 1356 usum
862 1320 967 1374 quo
1018 1304 1149 1372 ᾔδειν
1202 1311 1326 1359 ante
1380 1303 1615 1358 vocalem
1657 1304 1713 1356 in
1762 1303 1923 1357 tertia
1962 1318 2188 1373 persona
2227 1300 2365 1355 dice-

383 1388 573 1454 batur,
615 1397 666 1444 et
707 1391 797 1457 ᾕδη
838 1391 891 1444 in
930 1392 1102 1462 prima
1143 1393 1295 1446 iuxta
1331 1409 1455 1446 cum
1497 1390 1855 1461 ignarissimis
1896 1391 2224 1460 ignoranteS.
2305 1389 2366 1442 In

384 1477 611 1531 Bekkeri
660 1478 856 1532 Anecd.
915 1496 964 1549 p.
1006 1482 1150 1539 422,
1191 1484 1242 1534 4.
1300 1486 1446 1535 recte
1487 1479 1884 1534 Grammaticus
1939 1476 2119 1530 docet:
2177 1477 2366 1544 απέρ·

386 1585 581 1630 ρωγεν
621 1567 709 1619 οὐκ
747 1565 1174 1633 οέπέρρηκται.
1217 1567 1303 1620 καὶ
1346 1568 1712 1635 ἀπερρώγει
1755 1565 1841 1619 καὶ
1881 1566 1971 1618 σὺν
2012 1566 2081 1631 τῷ
2121 1585 2144 1617 ν
2184 1567 2365 1632 ἀπερ-

384 1652 606 1719 ρώγειν
648 1655 705 1708 τὸ
745 1653 911 1721 τρίτον
946 1654 1237 1721 πρόσωπον,
1280 1660 1332 1707 et
1370 1671 1435 1708 ex
1473 1660 1629 1725 poeta
1667 1652 1924 1707 adscribit
1966 1652 2126 1705 finem
2169 1653 2366 1706 senarii

385 1738 505 1809 κᾷτ’
561 1742 878 1809 απερρώγειν
917 1742 940 1795 o‘
981 1741 1136 1805 πούς,
1187 1747 1368 1804 recte,
1426 1742 1645 1811 inquam
1671 1783 1685 1805 ‚
1735 1740 1923 1804 docet,
1965 1739 2210 1809 quisquis
2250 1745 2366 1802 est,

384 1827 474 1881 sed
518 1829 783 1882 miramur
824 1828 951 1883 talia
992 1828 1209 1883 Graecis
1248 1845 1382 1899 opus
1420 1827 1586 1882 fuisse
1626 1827 1820 1882 doceri.
1903 1828 2005 1880 Pro
2053 1825 2248 1893 ἔρρωγα
2289 1825 2368 1880 di-
2417 1858 2420 1863 -

385 1932 504 1970 cere
546 1915 796 1984 ἕρρηγμαι
839 1917 1147 1987 sequiorum
1190 1922 1304 1980 est,
1345 1917 1438 1986 qui
1490 1915 1742 1969 similiter
1795 1914 2047 1969 errabant
2085 1931 2269 1968 omnes
2309 1913 2366 1968 in

387 2002 654 2057 similibus
693 2010 745 2058 ct
798 2004 1109 2070 κατέαγμαι
1167 2002 1416 2056 dicebant
1469 2020 1564 2074 pro
1616 2003 1866 2068 κατέαγα
1921 2010 1973 2056 et
2023 2001 2366 2068 οἷπέσβεσμαι

2418 2091 2419 2094 „
2415 2056 2433 2084 fv
2408 1999 2436 2051 τᾳ·

387 2107 483 2160 pro
513 2091 827 2157 απέσβηκα,
869 2090 1322 2163 quemadmodum
1363 2091 1623 2156 ἐδυσαμην
1658 2090 1906 2146 dicebant
1936 2106 2031 2162 pro
2061 2089 2189 2144 ἔδυν.
2269 2089 2368 2144 Ne-
2416 2115 2436 2157 ,ῑ

385 2193 474 2231 mo
531 2179 820 2232 mirabitur
875 2178 1103 2243 formaS,
1161 2179 1345 2250 quales
1393 2184 1521 2232 sunt
1574 2179 1705 2247 ἤδη,
1760 2179 2013 2245 ἕκεχήνη,
2070 2174 2436 2242 οὲφι-ωλώλη.ἐ

382 2265 570 2327 ἠκηκόη
629 2266 937 2338 similesque
988 2283 1173 2320 omnes
1211 2283 1242 2319 a
1293 2265 1569 2320 Graeculis
1614 2264 1929 2336 depravari,
1990 2265 2035 2318 si
2077 2264 2268 2335 legerit
2309 2265 2363 2318 in
2429 2298 2436 2311 ι

383 2352 546 2406 Bekk.
592 2354 789 2408 Anecd.
832 2372 881 2426 p.
920 2357 1061 2416 420,
1110 2358 1195 2408 12.
1249 2355 1640 2421 οὶπειρήκειε
1698 2355 1988 2421 ἀπειρηκειν
2035 2353 2122 2406 καὶ
2164 2354 2366 2418 ἀπηγο-

382 2439 592 2506 ρεύκειν.
634 2440 709 2498 ἕςι
750 2442 854 2510 γὰρ
895 2442 1201 2510 &mdo-coma.
1245 2443 1275 2496 ὂ
1315 2441 1552 2513 lepidum
1594 2448 1789 2512 caput,
1832 2443 1924 2512 qui
1965 2441 2040 2494 ita
2081 2439 2226 2494 dedit
2270 2457 2367 2512 pro

388 2530 740 2596 οὶπειρήκηῑ
782 2530 1074 2597 ἀπειρηκειν
1112 2530 1198 2584 καὶ
1223 2529 1612 2597 οὶπηγορεύκειν.
1653 2529 1729 2587 ἔςι
1768 2530 1872 2596 γὰρ
1903 2528 1939 2582 02
1973 2527 2211 2602 (πρώτου)
2254 2547 2369 2597 προ-

385 2616 553 2669 σώπου
575 2622 614 2670 3.
696 2616 918 2671 Pbotius
971 2634 1036 2671 ex
1088 2618 1327 2688 antiquis
1380 2617 1434 2670 in
1490 2617 1763 2671 Platonem
1833 2615 2049 2671 scholiis
2101 2616 2232 2671 haec
2280 2615 2365 2670 de-

389 2704 632 2775 scripsit:
669 2705 851 2767 ’Ήιδηε
907 2705 1024 2759 ἀντὶ
1074 2709 1163 2760 τοῦ
1206 2705 1354 2774 ᾔδειν.
1395 2705 1714 2770 Εὐθύδημος.
1755 2703 1842 2759 καὶ
1885 2709 1981 2758 τῶν
2024 2705 2081 2766 δὴ
2118 2703 2228 2771 περὶ
2271 2711 2368 2772 ψυ·
2403 2697 2408 2700 ’

390 2799 531 2858 χῆς·
590 2792 775 2846 ἀλλὰ
832 2795 1077 2861 σχεδὸν
1136 2794 1254 2860 μέν
1315 2813 1372 2846 τι
1434 2792 1610 2860 ᾕδηὸ
1663 2789 1941 2860 Κρίτῗων.
2023 2790 2083 2844 In
2135 2790 2370 2845 Platonis

389 2878 730 2950 Euthydemo
768 2897 817 2951 p.
853 2884 977 2935 271.
1021 2881 1074 2935 C.
1131 2898 1275 2935 nunc
1310 2885 1457 2934 recte
1497 2880 1776 2934 scribitur:
1818 2880 1903 2936 ὦς’
1932 2877 2117 2958 ’ἔγωγε
2157 2882 2246 2932 οὐκ
2280 2880 2368 2947 ἤδη
2431 2872 2433 2882 '

393 2967 486 3031 πρὸ
522 2970 610 3019 τοῦ
644 2973 695 3020 et
719 2971 844 3022 502.
887 2960 951 3023 Α.
990 2970 1174 3034 κάγώ,
1214 2969 1304 3037 ἤδη
1345 2969 1449 3035 γὰρ
1484 2964 1559 3022 ὅτι
1596 2969 1703 3022 κτὲ.
1784 2967 1845 3022 In
1886 2965 2164 3020 Phaedone
2207 2983 2252 3036 p.
2277 2969 2365 3019 65.
2431 2958 2436 2990 ³

390 3053 452 3109 E.
495 3051 674 3107 editur
712 3056 1023 3110 etiamnunc
1071 3056 1220 3110 ἀλλὰ
1279 3057 1465 3122 σχεδὸν
1504 3055 1600 3120 μέν
1655 3077 1704 3109 τι
1744 3056 1909 3124 ᾔδειν,
1954 3053 2054 3122 ἔφη
2097 3055 2119 3107 o‘
2160 3053 2367 3120 Κρίτων.

395 3138 748 3195 Scribendum
787 3159 902 3198 esse
941 3145 1032 3213 ἤδη
1078 3150 1130 3198 et
1163 3145 1300 3198 ratio
1340 3142 1627 3214 persuadet
1665 3148 1717 3196 et
1755 3143 2061 3213 perantiqui
2099 3141 2372 3196 Gramma·
2425 3180 2430 3187 .

2410 3332 2421 3373 f

461 3435 498 3501 5)
544 3450 673 3500 Quam
724 3451 924 3490 immanes
972 3465 1133 3492 errores
1169 3466 1217 3493 ex
1259 3451 1372 3493 notis'
1414 3464 1685 3492 numerorum
1731 3449 1838 3489 male
1886 3449 2007 3488 lectis
2051 3450 2280 3487 nascantur
2325 3447 2368 3486 in
2412 3454 2414 3459 ’

392 3511 531 3580 p-riore
567 3519 683 3567 parte
720 3517 995 3557 ostendimus.
1063 3519 1178 3559 Adde
1207 3520 1290 3560 illis
1327 3533 1375 3560 ex
1403 3519 1609 3571 Hesychio
1644 3507 1853 3568 ἄδαμνος
1883 3529 1959 3570 pro
1993 3505 2360 3567 πρωτόὸαμνος,

395 3586 679 3649 αβεςιάριος
712 3613 786 3651 pro
820 3589 1234 3655 πρωτοβεςιάριος
1271 3607 1353 3644 eet,
1389 3603 1471 3643 vid.
1541 3602 1700 3642 Alberu
1743 3600 1853 3639 Tom.
1886 3599 1941 3640 11.
1987 3613 2028 3652 p.
2063 3597 2204 3638 1059.
2250 3609 2292 3635 n.
2328 3594 2367 3633 5.
