2436 4068
1045 194 1148 244 675

109 342 475 399 familiaritate
528 345 582 395 et
629 336 966 394 sermonibus
1018 335 1245 391 subinde
1309 342 1587 400 uteretur,
1647 335 1842 407 quibus
1895 336 2079 390 statim

108 432 370 487 abstinuit
410 436 468 484 ut
509 428 746 500 primum
785 425 852 480 ad
893 442 1060 497 remp.
1100 426 1361 489 accessit,
1399 431 1538 479 teste
1578 424 1693 496 ipso
1732 423 2080 495 Xenophonte

110 523 140 591 §
183 523 268 574 16.
325 522 388 579 ὥς
443 518 549 583 γὰρ
598 514 807 581 τάχιςκ
859 516 1110 582 κρείττονε
1162 520 1259 568 τῶν
1311 511 1733 579 συγγιγνομένων
1783 511 2080 578 ἡγησάσθην

107 605 235 662 εἶναι
279 606 494 680 (Critias
539 610 592 658 et
629 602 983 674 Alcibiades),
1024 603 1212 662 εὐθὺς
1263 602 1788 665 ἀποπηδήσαντε
1837 598 2085 667 Σωκρά-

105 716 250 755 τους
287 691 608 761 ἐπραττέτην
640 691 713 744 τὰ
762 689 1027 744 πολιτικοὶ.
1108 689 1188 742 Ex
1225 690 1389 762 Anyti
1429 706 1654 762 persona
1694 688 1834 743 idem
1874 688 2082 742 crimen

107 784 271 839 etiam
327 779 615 836 absurdius
668 784 765 832 est.
846 778 1084 850 Anytum
1126 784 1186 830 tu
1244 776 1431 830 credas
1471 777 1695 831 Critiam
1749 783 1802 832 et
1855 775 2083 831 Alcibia-

107 871 230 927 dem
281 870 360 925 sic
410 869 738 938 coniungere
784 867 1022 938 potuisse
1061 864 1387 920 calamitatis
1442 882 1569 920 suae
1622 865 1852 920 alterum
1907 871 2088 920 aucto-

108 977 224 1015 rem
248 1002 263 1024 ,
302 958 535 1013 alterum
575 956 778 1010 socium
803 997 820 1019 ,
859 953 1271 1008 infestissimum
1309 953 1590 1007 inimicum
1626 960 1680 1008 et
1716 953 2088 1008 adversarium

114 1048 440 1103 acerrimum
480 1044 702 1099 Critiam
745 1059 870 1097 cum
910 1040 1183 1097 Alcibiade
1218 1041 1532 1095 dulcissimo
1567 1042 1739 1095 amico
1779 1041 2092 1096 eorumdem

111 1134 494 1198 consiliorum,
535 1131 776 1186 eiusdem
831 1131 943 1202 spei
986 1128 1285 1201 participe?
1365 1128 1442 1183 Ne
1482 1129 1694 1183 novisse
1748 1128 1964 1200 quidem
2007 1146 2092 1184 ar-

109 1223 283 1279 bitror
321 1223 559 1295 Anytum
602 1219 841 1291 aliquam
881 1218 1008 1272 olim
1046 1217 1322 1272 Socratem
1358 1219 1502 1272 inter
1541 1225 1594 1272 et
1628 1216 1960 1272 Alcibiadem
2001 1217 2092 1272 ad·

110 1311 330 1367 modum
367 1308 758 1364 adolescentem
812 1307 1059 1362 notitiam
1102 1304 1296 1369 fuisse,
1351 1311 1482 1371 aut,
1533 1307 1580 1360 si
1629 1323 1792 1378 quam
1855 1306 2091 1361 maxime

114 1400 278 1455 buius
309 1398 390 1453 rei
429 1398 801 1461 meminisset,
856 1396 978 1467 quis
1018 1393 1203 1450 credat
1257 1393 1422 1448 talem
1471 1395 1648 1449 virum
1694 1393 1859 1449 stulte
1913 1395 2094 1449 existi-

112 1496 389 1544 maturum
429 1485 597 1540 fuisse
652 1501 740 1539 res
779 1483 844 1538 ab
902 1483 990 1538 illo
1046 1490 1139 1537 aut
1195 1483 1249 1536 in
1294 1500 1408 1555 rep.
1471 1490 1564 1537 aut
1618 1483 1672 1537 in
1725 1482 1862 1537 bello
1915 1489 2094 1554 gestas

111 1577 220 1633 ulla
258 1593 323 1631 ex
361 1582 514 1647 parte
547 1573 755 1629 Socrati
797 1579 851 1628 et
890 1571 1127 1627 Socratis
1177 1572 1507 1626 institutioni
1547 1588 1663 1626 esse
1702 1571 2090 1644 imputandas?

113 1671 286 1722 Acuto
344 1680 472 1717 naso
505 1665 549 1716 οἱ
589 1661 839 1716 πολιτικοὶ
876 1659 1215 1732 philosophos
1253 1677 1438 1714 omnes
1472 1666 1526 1715 et
1567 1659 1833 1732 sophistas
1873 1677 2095 1732 suspen-

111 1754 343 1816 debant,
415 1758 476 1806 ut
534 1749 776 1805 Callicles
839 1749 1114 1804 Socratem
1177 1750 1231 1802 in
1294 1748 1530 1803 Platonis
1587 1749 1803 1820 Gorgia.
1894 1749 2094 1804 Filium

117 1858 277 1898 suum
316 1837 774 1894 adolescentulum
814 1854 847 1892 a
887 1837 1107 1893 Socrate
1158 1836 1439 1909 depravari
1480 1838 1694 1912 Anytus
1734 1837 2097 1909 querebatur,

118 1938 180 1986 ut
219 1930 402 1985 statim
453 1926 788 1990 videbimuS,
846 1942 949 1979 non
990 1925 1250 1989 Critiam,
1303 1943 1406 1980 non
1453 1925 1814 1982 Alcibiadem:
1870 1943 2003 1998 quos
2050 1927 2097 1981 si

115 2019 242 2074 olim
302 2016 595 2088 discipulos
649 2014 924 2069 habuisset
976 2013 1251 2076 SocrateS‚
1290 2031 1351 2068 ea
1411 2031 1500 2069 res
1556 2032 1658 2068 non
1720 2016 1957 2080 crimen,
2004 2015 2098 2071 sed

113 2107 279 2162 decus
318 2122 381 2159 ac
416 2103 661 2166 laudem,
708 2104 756 2158 ei
797 2101 990 2157 afferre
1045 2103 1222 2176 Anyto
1262 2102 1487 2158 debebat
1527 2102 1732 2167 videri,
1775 2110 1835 2156 ut
1883 2103 2095 2158 videba-

112 2204 205 2252 tur
241 2194 496 2258 lsocrati,
553 2194 647 2264 qui
700 2191 903 2246 Callicli
964 2191 1133 2246 multo
1187 2198 1304 2246 erat
1357 2209 1518 2263 quam
1577 2191 1785 2246 Socrati
1847 2191 2093 2248 similior.

112 2284 215 2340 Sed
268 2282 622 2355 sophisticum
674 2280 820 2334 istud
860 2281 1066 2334 crimen
1121 2286 1202 2334 est
1261 2286 1315 2334 et
1374 2281 1569 2344 inane,
1622 2279 1764 2352 quod
1806 2279 1899 2334 diu
1940 2287 2092 2350 post,

110 2377 288 2447 Anyto
327 2372 434 2426 iam
475 2371 583 2424 vita
623 2369 808 2424 functo
856 2369 1193 2440 caeterisque
1234 2369 1449 2423 illarum
1495 2386 1676 2423 rerum
1718 2376 1770 2423 et
1811 2369 2093 2424 hominum

111 2461 424 2535 aequalibus
480 2459 882 2522 intermortuiS,
940 2464 1148 2529 poterat
1205 2457 1386 2512 odiose
1442 2458 1661 2528 urgeri,
1725 2458 1816 2512 sed
1869 2459 1924 2511 in
1978 2459 2094 2530 ipso

114 2550 315 2606 iudicio
355 2549 519 2603 etiam
562 2548 693 2619 ipsis
740 2545 1146 2601 accusatoribus
1203 2545 1492 2601 ridiculum
1537 2553 1590 2600 et
1631 2546 1873 2617 ineptum
1916 2547 2094 2601 visum

110 2639 318 2695 fuisset.
399 2635 599 2693 Habeat
641 2636 810 2706 igitur
858 2651 981 2688 suas
1022 2634 1123 2688 sibi
1166 2636 1571 2689 criminationes
1614 2634 1957 2708 Polycrates,
1998 2636 2092 2707 qui

111 2728 320 2799 primus
370 2724 644 2785 omnium,
702 2730 764 2777 ut
818 2723 1079 2777 Isocrates
1136 2722 1414 2793 loquitur,
1472 2724 1542 2790 τῷ
1601 2722 1864 2791 Σωκράτει
1912 2723 2092 2779 ἔδωκεν

114 2812 457 2880 Ἀλκιβιάδην
514 2813 787 2878 μαθητήν,
848 2811 942 2883 qui
997 2810 1325 2865 Alcibiadem
1384 2810 1590 2866 Socrati
1649 2810 1977 2883 discipulum
2031 2814 2094 2867 de

115 2922 207 2959 suo
246 2902 385 2957 dedit
425 2908 478 2955 et
517 2907 857 2954 commentus
897 2905 1016 2964 est,
1074 2916 1186 2954 rem
1228 2906 1281 2954 et
1323 2900 1499 2974 Anyto
1545 2906 1598 2955 et
1638 2900 1950 2972 aequalibus
1987 2918 2096 2955 om-

116 2991 278 3047 nibus
316 2988 535 3063 perinde
577 2988 892 3042 inauditam.
974 2987 1121 3042 Plato
1158 2988 1358 3059 igitur,
1410 2988 1505 3059 qui
1558 2989 1699 3060 ipsos
1752 2996 2094 3044 accusatores

115 3078 321 3136 audivit
362 3079 415 3131 in
460 3076 732 3131 Socratem
770 3076 1040 3138 dicenteS‚
1084 3075 1148 3130 de
1187 3093 1248 3131 eo
1294 3078 1522 3131 crimine
1548 3119 1561 3140 ,
1603 3076 1742 3148 quod
1783 3094 1885 3130 non
1940 3077 2096 3131 audi-

114 3170 219 3231 vit,
260 3165 483 3222 verbum
525 3164 729 3219 nullum
771 3164 916 3219 facit.
999 3165 1289 3237 Xenophon
1331 3164 1618 3236 diligenter
1654 3163 1850 3218 refutat
1892 3182 2091 3219 novum

117 3262 519 3317 accusatorem,
560 3255 652 3325 qui
690 3253 876 3308 multis
924 3254 1080 3308 annis
1129 3260 1243 3325 post
1292 3270 1484 3308 vanam
1536 3260 1589 3308 et
1644 3253 1857 3306 inanem
1911 3254 2093 3307 crimi-

120 3343 388 3398 nationem
429 3359 460 3396 a
497 3358 553 3396 se
600 3342 714 3413 ipso
753 3343 1108 3412 excogitatam
1165 3344 1219 3397 in
1264 3341 1537 3397 Socratem
1586 3339 1861 3413 proferens
1898 3357 2094 3412 aequa-

121 3430 263 3484 libus
302 3428 502 3501 aliquid
542 3428 721 3484 dicere
759 3429 1055 3485 videbatur.

193 3520 434 3591 Anytus,
475 3533 542 3571 ne
579 3516 709 3589 quid
744 3519 1019 3582 omittam,
1057 3535 1087 3573 a
1126 3518 1413 3573 Plutarcho
1452 3523 1708 3572 narratur
1740 3523 1930 3572 auctor
1964 3515 2093 3572 suis-

122 3623 178 3661 se
217 3604 514 3676 plebisciti,
570 3621 675 3677 quo
723 3606 1076 3663 Athenienses
1119 3606 1379 3663 Herodoto
1440 3606 1789 3661 historiarum
1843 3606 2092 3677 scriptori

1686 3698 1769 3730 ‘tit‘
