2436 4068
1326 198 1432 247 688

699 339 839 398 εὐθὺς
882 339 984 404 γάρ
1026 340 1087 398 ὡς
1128 337 1373 402 ἐνέπλητο
1416 344 1615 394 πολλῶν
1658 341 1898 405 κάγαθῶν

695 427 1012 489 ἐνήλατ’,
1054 426 1297 492 ἐσκίρτα,
1338 428 1610 494 πεπόρδει,
1651 429 1952 494 κατεγέλα,

393 518 515 581 ubi,
558 522 616 569 ut
663 512 844 574 videS‚
886 513 1120 576 ἐνήλλετ’
1163 520 1242 567 est
1284 514 1665 584 reponendum.

466 602 680 673 Triplex
719 601 911 653 vitium
954 601 1200 671 inquinat
1239 600 1416 655 locum
1460 603 1513 655 in
1555 602 1595 655 Ι.
1631 620 1704 656 111.
1748 607 1800 657 6.
1844 604 1933 658 ubi
1974 622 2069 676 pro
2109 607 2224 666 τοὺς
2265 609 2359 671 μὲν

384 691 670 761 πρόσθεν
710 688 914 748 ὀδόντας
957 687 1299 742 scribendum
1342 691 1457 750 τοὺς
1498 690 1592 755 μὲν
1635 690 1986 758 ἔμπροσθεν
2027 700 2150 747 110ῑο
2193 701 2360 748 certo·

385 797 489 851 que
524 776 764 831 omnium
809 792 943 838 usu;
987 775 1177 829 deinde
1230 776 1622 847 transponenda
1661 780 1983 850 praepositio
2021 787 2101 834 est
2148 781 2200 833 in
2247 797 2359 835 ver·

386 869 468 922 his
502 865 721 920 λεαίνειν
755 870 806 916 et
845 865 1143 918 καταθεῖναι
1187 871 1240 918 et
1281 865 1357 917 sic
1400 863 1718 935 legendum:
1759 867 1875 926 τοὺς
1913 867 1964 921 δὲ
2003 869 2261 937 γομφίους
2285 902 2358 909 —-

386 951 885 1010 καταλεαίνειν
920 984 995 992 -
1023 953 1109 1005 καὶ
1146 952 1203 1005 τὸ
1239 951 1379 1016 ςόμα
1415 983 1488 992 -
1521 953 1736 1014 πλησίον
1778 956 2057 1022 ὀφθαλμῶν
2099 958 2184 1010 καὶ
2225 961 2361 1025 ῥινῶν

385 1047 622 1098 θεῖναι.
703 1038 770 1092 Ut
806 1039 948 1092 euim
991 1040 1319 1093 καταλεαίνω
1362 1039 1415 1092 in
1456 1039 1651 1093 talibus
1693 1041 1954 1096 usitatum
2009 1050 2116 1105 est,
2159 1045 2236 1099 sic
2275 1045 2358 1099 de-

378 1130 615 1204 posuisse
655 1143 749 1198 pro
795 1127 1070 1182 collocasse
1115 1144 1144 1181 a
1185 1127 1286 1180 loci
1338 1129 1603 1182 sententia
1645 1128 1912 1183 abhorret.
1994 1131 2061 1185 Ut
2110 1149 2174 1186 ex
2226 1140 2359 1194 λεῖος

386 1215 714 1275 καταλεαίνω
771 1214 991 1269 Veteres
1041 1214 1377 1279 formabant,
1433 1216 1510 1268 sic
1565 1232 1628 1269 ex
1679 1217 1802 1277 θεῖος
1856 1217 2137 1286 ἐπιθεάζειν
2195 1222 2362 1276 Attici

385 1304 720 1366 derivabant,
762 1308 814 1356 et
869 1304 1119 1369 περιθεοῦν
1154 1319 1218 1357 ex
1269 1303 1326 1357 τὸ
1369 1304 1528 1366 θεῖον,
1584 1311 1636 1357 et
1677 1310 1884 1359 τελεοῦν
1924 1322 1988 1360 ex
2030 1307 2256 1372 τέλειος,
2307 1317 2361 1363 et.
2432 1359 2433 1364 ,

384 1391 765 1463 Ἀρεοπαγίτης
818 1406 880 1443 ex
921 1391 1176 1457 δ”Αρειος
1231 1389 1440 1455 πάγος,
1498 1390 1708 1463 aliaque
1761 1393 1996 1458 similia,
2055 1395 2108 1448 in
2167 1395 2363 1466 quibus
2424 1423 2426 1426 v

387 1481 576 1538 formis
618 1476 895 1532 semidocti
940 1477 1186 1532 Graeculi
1241 1495 1395 1549 saepe
1436 1479 1657 1533 turbant
1698 1488 1790 1534 aut
1833 1503 1874 1535 ει
1917 1489 2226 1538 revocantes
2269 1491 2364 1538 aut
2423 1496 2426 1500 ’

387 1570 506 1626 aliis
559 1565 764 1628 modis,
821 1563 986 1618 veluti
1040 1576 1207 1636 quum
1262 1565 1487 1620 formam
1541 1567 1821 1636 ἐπιθοάζειν
1871 1569 2174 1637 finxerunt,
2229 1589 2364 1644 quae

386 1658 541 1731 plane
585 1653 735 1708 nihili
774 1659 872 1707 est.

466 1744 727 1799 Continuo
766 1740 911 1794 aliud
946 1742 1135 1795 vitium
1174 1740 1313 1812 apud
1351 1741 1751 1812 Xenophontem
1789 1746 2118 1816 conspicitur
2153 1747 2207 1800 in
2249 1764 2362 1801 ver-

390 1833 507 1887 bis:
549 1830 660 1884 ἐπεὶ
702 1830 753 1883 δὲ
791 1829 861 1882 τα
910 1831 1283 1896 ἀποχωροῦντα
1323 1830 1584 1897 δυσχερῆ,
1640 1832 2055 1902 cirron-{spons
2083 1836 2198 1895 τοὺς
2251 1837 2364 1891 τού·
2422 1899 2423 1902 ¹

391 1943 489 1977 των
530 1919 744 1988 ὀχετοὺς
802 1916 888 1971 καὶ
937 1918 1248 1981 ἀπενεγκεῖν
1290 1914 1320 1985 ᾗ
1358 1917 1568 1971 δυνατὸν
1624 1921 1934 1986 προσωτάτω
1990 1923 2095 1976 άπὸ
2150 1929 2246 1977 τῶν
2287 1926 2366 1978 αἶ·

389 2011 638 2074 σθήσεων,
695 2023 821 2059 nam
881 2005 1001 2075 quis
1062 2004 1279 2058 verbum
1324 2006 1635 2075 άποςρέφειν
1678 2008 1733 2060 in
1790 2007 2098 2064 huiusmodi
2153 2013 2365 2082 negotio

389 2105 536 2154 recte
577 2095 806 2167 positum
850 2109 965 2147 esse
1004 2091 1368 2146 existimabit?
1431 2094 1647 2165 Corrige
1688 2097 2018 2165 άποτρέψαι,
2061 2099 2200 2169 quod
2237 2117 2360 2154 cum
2414 2079 2421 2111 '³

326 2201 330 2205 ·
391 2187 606 2242 nomine
665 2181 846 2249 ὄχετός
900 2188 1006 2234 tam
1063 2187 1183 2252 apte
1239 2198 1398 2251 quam
1456 2182 1728 2253 eleganter
1785 2186 2166 2256 coniungitur,
2225 2188 2364 2258 quod
2415 2196 2427 2258 ‘g

388 2275 482 2330 uhi
523 2272 711 2326 seceris
764 2269 1049 2340 diligenter
1102 2270 1204 2322 erit
1257 2269 1543 2324 videndum
1603 2273 1875 2326 servarine
1926 2273 2150 2328 debeant
2205 2276 2364 2329 verba
2417 2294 2429 2331 ι

389 2363 475 2418 καὶ
517 2364 842 2425 άπενεγκεῖν.
923 2357 1230 2425 Ἀποφέρειν
1285 2358 1427 2410 enim
1481 2358 1534 2411 in
1576 2358 1673 2412 tali
1725 2376 1782 2413 re
1835 2361 2060 2416 mirifice
2113 2364 2365 2433 ponitur,

389 2459 450 2506 ut
492 2448 738 2503 Latinum
796 2447 1024 2516 acherre.
1105 2444 1382 2498 Caeterum
1445 2463 1546 2499 non
1602 2446 1718 2500 heri
1771 2455 1865 2501 aut
1913 2449 2111 2504 nudius
2174 2452 2364 2506 tertius
2408 2442 2429 2484 ’ἕ

393 2557 454 2594 ea
491 2537 637 2592 labes
671 2534 834 2588 libros
876 2532 1242 2603 Xenophontis
1282 2532 1484 2587 infecit.
1566 2533 1838 2604 Longinus
1878 2538 1970 2607 qui
2011 2537 2212 2591 dicitur
2253 2539 2364 2606 περὶ
2413 2535 2418 2578 1

391 2627 549 2696 ὕψους
602 2640 714 2693 cap.
755 2625 844 2675 45.
887 2620 1029 2674 κατὰ
1083 2622 1166 2675 τὸν
1210 2626 1512 2690 Ξενοφῶντα
1547 2624 1664 2683 τοὺς
1713 2625 1903 2678 τούτων
1943 2622 2018 2679 ὅτι
2062 2626 2362 2693 πορρωτάτω

389 2715 603 2784 ὀχετοὺς
662 2709 1085 2777 άπέςρεψεν,
1150 2716 1202 2763 et
1255 2709 1578 2764 Plutarchus
1633 2727 1663 2763 a
1715 2712 2030 2767 Ruhnkenio
2081 2713 2363 2770 laudatus:
2411 2716 2422 2745 ⁵¹

2408 2748 2427 2799 ’ἐξ

391 2800 766 2868 άποςρέφων
804 2796 969 2864 ὥσπερ
1003 2798 1216 2865 ὀχετοὺς
1258 2797 1593 2864 πορρωτάτω,
1633 2799 1903 2870 vulgatam
1929 2808 2170 2858 tuentur.
2232 2802 2364 2856 Lon·
2403 2793 2422 2853 ἒ.

391 2892 516 2963 gino
564 2905 665 2941 non
707 2903 823 2941 esse
871 2885 1193 2939 credendum
1238 2902 1398 2956 supra
1449 2886 1722 2942 luculento
1759 2889 1997 2960 exemplo
2033 2890 2362 2944 demonstra·
2402 2875 2423 2974 ξ

388 2980 607 3040 vimUS,
660 2990 833 3044 neque
884 2974 938 3026 in
1000 2980 1108 3026 tam
1162 2973 1302 3028 sacili
1347 2991 1526 3028 errore
1579 2983 1631 3029 et
1679 2982 1789 3029 tani
1842 2975 2111 3047 frequenti
2167 2995 2360 3048 magno
2403 2986 2425 3057 ξς,

391 3081 547 3139 opere
588 3079 683 3116 nos
723 3061 996 3115 Plutarchi
1039 3062 1331 3116 auctoritas
1376 3062 1625 3116 movebit.

462 3155 519 3208 In
565 3152 778 3205 Memor.
814 3149 852 3202 I.
897 3167 968 3202 111.
1016 3154 1102 3203 15.
1147 3149 1380 3219 legitur:
1445 3150 1712 3204 »Socrates
1747 3152 1802 3204 in
1837 3152 1982 3216 cibo,
2020 3153 2074 3205 in
2110 3161 2264 3223 potu,
2305 3156 2356 3208 in

386 3243 540 3297 rebus
582 3238 818 3294 Venereis
858 3237 1325 3290 continentissimus
1373 3237 1492 3306 ᾤετο
1536 3239 1671 3292 οὐδὲν
1717 3235 1866 3299 ἧττον
1925 3241 2206 3307 ἀρκούντως
2250 3241 2356 3304 ἤδε-

387 3333 501 3385 σθαι
542 3333 637 3383 τῶν
672 3325 849 3379 πολλοὶ
885 3324 968 3377 ἐπὶ
1005 3324 1199 3384 τούτοις
1239 3326 1771 3391 πραγματευομένων,
1811 3330 2086 3381 λυπεῖσθαι
2127 3330 2179 3383 δὲ
2219 3331 2351 3384 πολὺ

383 3419 635 3480 ἔλαττον,
661 3411 844 3467 'miror
883 3411 1144 3483 quomodo
1184 3413 1463 3478 άρκούντως
1507 3414 1774 3467 neminem
1827 3414 2138 3469 offenderit:
2181 3434 2352 3488 neque
2434 3423 2436 3458 ἑ

382 3507 527 3560 enim
580 3502 895 3571 άρκούντως,
947 3499 1289 3568 ἀποχρώντως
1345 3505 1396 3553 et
1453 3500 1572 3554 sim.
1615 3501 1980 3572 gradationem
2024 3503 2349 3570 admittunt,

381 3601 440 3647 ut
477 3590 622 3654 ἧττον
663 3590 943 3658 ἀρκούντως
986 3588 1064 3642 vel
1107 3592 1312 3654 μᾶλλον
1351 3588 1631 3656 οέρκούντως
1673 3591 1898 3662 cogitari
1936 3590 2106 3646 dicive
2147 3593 2346 3663 possit:
