2436 4068
1031 159 1133 210 715

88 305 229 378 apud
262 322 447 359 omnes
486 305 867 360 decantatum:
910 304 1198 375 Xenophon
1248 303 1359 356 sic:
1417 300 1650 367 νόμισμα
1701 305 1919 355 τοιοῦτον
1969 322 2061 355 κοι-

90 396 378 456 τεςήσατο,
434 394 457 448 ὃ
497 395 622 448 δέκα
661 399 795 456 μνῶν
847 393 996 458 μόνον
1036 391 1101 446 ἂν
1140 394 1211 452 εἰς
1265 391 1426 445 οἰκίαιν
1464 390 1687 443 εἰσελθὸν
1726 388 1844 442 οὔτε
1881 390 2061 444 δεσπό-

89 503 188 542 τας
238 483 355 536 οὔτε
408 483 608 542 οἱκὲτοος
652 482 815 536 λάθοι.
875 482 962 535 καὶ
1024 482 1130 547 γὰρ
1181 479 1354 547 χώρας
1411 476 1658 543 μεγάλης
1709 476 1796 530 καὶ
1852 475 2063 542 ἀμάξης

2 643 5 647 ⁴
86 573 308 636 ἀγωγῆς
362 569 510 624 δέοιτ’
569 567 649 622 ἀν.
733 568 1054 623 Plutarchus
1093 569 1170 621 sic
1221 583 1336 637 cap.
1376 569 1443 620 9:
1503 565 1769 632 ἀκυρώσας
1824 568 1930 618 πᾶν
1989 564 2064 619 νο’-

0 650 5 733 ‚⁴
88 678 266 725 μισμοε
300 661 523 726 χρυσοῦν
561 656 648 711 καὶ
690 658 937 723 ἀργυροῦν
976 657 1111 723 μόνῳ
1148 656 1370 722 χρῆσθαι
1421 655 1491 722 τῷ
1536 654 1709 720 σιδηρῷ
1745 652 2066 719 προσέταξε·

0 741 2 788 ἶ
88 747 174 801 καὶ
215 747 378 814 τούτῳ
414 747 467 799 δὲ
505 746 612 799 ἀπὸ
667 749 861 798 πολλοῦ
903 747 1102 808 ςοιθμοῦ
1148 743 1234 796 κοοὶ
1274 742 1426 806 ὄγκου
1471 741 1687 806 δύναμιν
1728 742 1908 806 ὀλίγην
1949 741 2064 796 ἔδω-

0 823 3 923 ἷ
88 855 208 897 κεν,
261 833 359 890 «ὓς-ε
397 834 523 888 δέκοο
560 838 696 899 μνῶν
750 833 975 898 ἀμοιβὴν
1017 832 1275 893 ἀποθήκης
1316 850 1375 883 τε
1414 828 1661 894 μεγάλης
1701 829 1750 882 ἐν
1792 831 1925 900 οἰκίᾳ
1965 831 2066 885 δεῖ·

0 930 2 970 i
86 923 203 977 σθαι
255 921 343 974 καὶ
399 921 613 988 ζεύγους
668 918 904 984 ἄγοντος.
985 917 1269 989 Composui
1325 915 1455 970 haec
1498 923 1557 968 ut
1610 926 1891 986 appareret
1945 918 2065 972 Plu-

0 1000 5 1062 Ι
38 996 52 1044 3
89 1008 335 1064 {archum
376 1025 475 1063 sua
511 1025 542 1062 a
583 1008 931 1079 Xenophonte
971 1006 1247 1060 sumsisse.
1327 1002 1517 1057 Melius
1553 1011 1735 1057 autem
1774 1005 2066 1077 Xenophon

0 1066 4 1207 p
39 1111 43 1115 ’
79 1097 410 1171 plaustrum,
449 1095 706 1163 ἅμαξαν,
747 1113 908 1167 quam
952 1092 1277 1148 Plutarchus
1317 1092 1491 1163 be‘9a5,
1546 1091 1763 1158 ζεῦγος,
1806 1093 1860 1145 in
1908 1110 1969 1147 ea
2010 1111 2068 1151 re

0 1210 35 1254 '.
85 1187 300 1260 posuit,
354 1185 448 1240 sed
506 1185 646 1256 quod
690 1185 776 1238 hic
827 1184 1042 1252 ζεύγους
1082 1181 1301 1247 ἄγοντος
1362 1179 1586 1243 scribit,
1644 1180 1890 1251 suspicor
1925 1183 2068 1253 apud

27 1260 50 1329 ‚¹³
85 1274 493 1346 Xenophontem
532 1273 620 1327 καὶ
660 1271 873 1338 ἀμάξης
925 1272 1232 1335 ἀγούσης
1275 1286 1392 1324 esse
1433 1266 1860 1325 rescribendum.
1942 1271 2065 1325 Per-

23 1343 51 1430 ’ἶ
83 1364 166 1434 git
206 1361 496 1434 Xenophon
538 1362 651 1415 sic:
706 1363 914 1429 χρυσίον
970 1380 1036 1425 γε
1076 1362 1178 1425 μὴν
1229 1358 1316 1412 καὶ
1370 1357 1606 1424 ἀργύριον
1655 1358 1923 1423 ἐρευνάτοοι
1976 1362 2064 1415 καὶ

0 1435 44 1525 '⁵
83 1449 149 1505 ἄν
187 1451 244 1505 τί
279 1470 376 1504 που
430 1455 575 1519 φανῇ
631 1450 655 1502 ὅ
705 1449 840 1517 ἔχων
894 1448 1185 1516 ζημιοῦται.
1265 1444 1498 1516 Lepidus
1547 1450 1630 1498 est
1673 1444 1924 1501 Nicolaus
1970 1448 2067 1503 Da-

86 1555 368 1594 masccnus
417 1538 560 1610 apud
618 1537 763 1592 Stob.
825 1537 1007 1591 Floril.
1050 1540 1151 1600 44,
1196 1539 1304 1596 40,
1357 1533 1450 1604 qui
1503 1550 1669 1603 quum
1726 1533 1857 1589 haec
1905 1537 2067 1608 negli-

0 1634 3 1673 Ι
36 1639 42 1648 ’
83 1628 300 1698 gentius
339 1643 369 1680 e
406 1626 544 1680 libro
581 1625 947 1698 Xenophontis
1000 1631 1309 1695 excerperet
1362 1622 1492 1676 haec
1545 1621 1726 1677 dedit:
1786 1625 2068 1692 νομίσματι

0 1718 44 1786 'J-
82 1716 136 1771 δὲ
174 1721 402 1783 χρῶνται
443 1716 734 1782 σκυτίνῳ
759 1733 770 1743 ·
815 1715 903 1767 ἑάν
942 1715 994 1768 δὲ
1032 1713 1177 1780 ποορά
1212 1732 1308 1766 τινι
1349 1713 1519 1780 εὑρεθῇ
1559 1712 1749 1779 χρυσὸς
1784 1714 1812 1776 ἢ
1850 1711 2066 1783 ἄργυρος

0 1801 42 1881 ³3,
85 1804 351 1874 θοινάτῳ
402 1804 710 1872 ζημιοῦται,
751 1804 846 1874 qui
894 1802 1026 1856 nihil
1069 1801 1215 1855 aliud
1272 1801 1375 1854 nisi
1421 1801 1637 1868 σκυτίνῳ
1677 1808 1730 1854 et
1769 1801 1970 1871 θοινάτῳ
2003 1803 2071 1859 de

15 1896 31 1963 j
89 1910 188 1947 suo
240 1892 464 1947 addidit.
554 1892 776 1963 Itaque,
828 1898 965 1945 teste
1017 1889 1403 1961 Xenophonte,
1463 1905 1619 1943 nemo
1676 1888 1900 1961 Spartae
1952 1908 2066 1948 rem

83 1980 260 2036 facere
296 1988 351 2035 et
390 1998 516 2053 opes
555 1979 808 2051 colligere
847 1978 1123 2034 studebat:
1183 1979 1238 2032 τί
1274 1978 1379 2045 γὰρ
1432 1976 1497 2031 ἂν
1547 1978 1659 2032 ἐκεῖ
1691 1982 2064 2047 χρηματισμὸς

31 2118 37 2145 ,-
85 2069 455 2138 σπουδάζοιτο,
511 2070 720 2140 inquit,
779 2069 895 2124 ἔνθα
942 2071 970 2132 ἡ
1011 2074 1190 2128 κτῆσις
1245 2067 1453 2127 πλείους
1512 2066 1689 2126 λύποος
1728 2066 1756 2129 ἢ
1801 2069 1830 2130 ἦ
1879 2074 2066 2136 χρῆσις

32 2167 34 2176 ·
81 2158 400 2228 εὐφροσύνας
444 2158 699 2225 παρέχει;
745 2157 857 2213 Vll.
900 2161 951 2211 6.
1001 2157 1098 2211 Est
1143 2155 1240 2209 hoc
1278 2154 1493 2226 quid-em
1530 2155 1666 2208 scite
1705 2162 1756 2208 et
1792 2154 2067 2227 eleganter

85 2245 293 2300 dictum
331 2253 387 2301 et
432 2263 521 2301 res
569 2252 651 2300 est
694 2244 1062 2306 admirabiliS‚
1119 2243 1210 2298 sed
1268 2242 1401 2296 nihil
1443 2241 1752 2296 huiusmodi
1802 2260 2062 2316 umquam

84 2333 374 2406 Xenophon
417 2333 654 2399 viderat,
709 2333 836 2388 olim
878 2334 955 2387 ita
995 2332 1159 2386 fuisse
1215 2331 1378 2404 fando
1415 2340 1679 2403 acceperat
1720 2349 1886 2404 quum
1927 2336 2064 2389 anti-

31 2483 36 2493 ,
82 2423 206 2495 quis
245 2421 487 2477 moribus
527 2423 818 2478 viveretur.
899 2422 1075 2492 Longa
1113 2420 1226 2475 dies
1266 2419 1434 2474 multa
1473 2420 1526 2473 in
1566 2421 1718 2490 peius
1759 2430 2065 2479 mutaverat

81 2517 177 2567 aut
213 2510 369 2582 plane
406 2511 460 2564 in
501 2511 835 2565 contrarium
882 2517 1116 2565 verterat
1153 2524 1290 2580 quae
1329 2506 1454 2560 olim
1500 2507 1774 2578 praeclara
1812 2509 2059 2571 luissent.

32 2591 358 2655 'Laudatur
406 2598 691 2672 Lycurgus
744 2598 884 2670 quod
946 2598 1187 2652 omniun]
1251 2596 1495 2650 fortunas
1553 2606 1905 2667 aequaverat:
1965 2617 2062 2657 sua

80 2689 277 2760 cuique
318 2687 596 2759 pars‘agri
638 2687 911 2757 assignata
954 2685 1118 2740 fuisse
1170 2693 1456 2748 narratur,
1517 2685 1545 2746 ἦ
1586 2688 1861 2749 Λακωνικὴ
1910 2689 2064 2758 ἐφαί-

80 2797 191 2831 νετο
226 2781 379 2831 πάσοο
420 2781 623 2830 πολλῶν
643 2776 887 2843 ἀδελφῶν
921 2772 1050 2829 εἶναι
1086 2774 1229 2831 vetes-l
1271 2772 1649 2837 νενεμημένων,
1690 2774 1831 2831 Plut.
1858 2775 1980 2850 Lyc.
2006 2783 2059 2835 8.

82 2864 278 2919 Narrat
330 2862 472 2918 idem
532 2862 854 2918 Plutarchus
914 2864 936 2917 ὁ
998 2867 1218 2931 χρυσοῦς
1278 2860 1544 2915 neminem
1605 2860 1828 2933 Spartae
1895 2865 2063 2924 fuisse

31 2950 35 2960 ’
82 2954 328 3024 inopem:
371 2968 604 3023 namque
641 2960 699 3007 nt
748 2952 977 3023 quisque
1021 2960 1179 3005 natus
1229 2955 1370 3004 essct
1410 2956 1462 3003 ct
1501 2949 1790 3020 prohatuS,
1834 2955 1908 3008 ita
1949 2964 2061 3012 sta-

81 3042 178 3096 tim
220 3049 399 3110 κλῆρον
443 3041 585 3107 αὐτῷ
622 3045 719 3094 τῶν
761 3041 1152 3108 ἐννακισχιλίων
1188 3038 1518 3106 προσένεμον,
1577 3038 1628 3091 in
1685 3038 1917 3114 Lycurg.
1964 3051 2054 3103 16,

84 3127 283 3184 Contra
334 3135 484 3184 erat:
537 3130 608 3189 εἷς
665 3129 871 3193 ὀλίγους
928 3125 1044 3190 ἦκεν
1098 3130 1126 3191 ἡ
1176 3129 1358 3196 χάρά,
1418 3133 1477 3180 ut
1525 3125 1688 3181 refert
1748 3131 2059 3190 Aristoteles

86 3215 363 3289 (Potit.11.
409 3218 502 3290 6),
557 3218 647 3288 qui
698 3216 874 3271 addit:
934 3217 1007 3273 ἔςι
1064 3217 1115 3271 δὲ
1157 3216 1243 3271 xa}
1286 3221 1384 3271 τῶν
1437 3221 1690 3280 γυναικῶν
1728 3219 1915 3284 σχεδὸν
1966 3231 2060 3287 τῆς

82 3304 252 3367 πάσης
289 3307 464 3373 χώρας
507 3310 605 3358 τῶν
651 3305 805 3360 πέντε
841 3312 1002 3373 μερῶν
1036 3305 1107 3359 τά
1156 3306 1277 3369 δύο,
1326 3311 1378 3357 et
1421 3303 1673 3356 maiorem
1725 3314 1932 3374 partem
1981 3312 2057 3365 ci-

80 3392 227 3447 vium
271 3393 325 3446 in
387 3409 444 3446 re
486 3394 634 3447 tenui
677 3392 842 3447 fuisse
870 3434 884 3458 ,
949 3402 1007 3447 ut
1051 3394 1136 3446 vix
1177 3399 1273 3447 τῶν
1312 3391 1543 3460 φιδιτίων
1581 3390 1830 3459 μετέχειν
1872 3405 2056 3466 potue.

81 3480 190 3534 rint
235 3486 288 3535 ct
330 3481 408 3534 sic
447 3481 531 3534 ius
577 3482 814 3536 civitatis
865 3483 1117 3536 retinere.
1198 3479 1509 3535 Celebratur
1550 3478 1782 3551 Lycurgi
1821 3482 1879 3536 τὸ
1917 3486 2056 3550 σιδη-

79 3574 187 3634 ροῦν
226 3570 481 3635 νόμισμα,
520 3578 570 3624 ct
612 3577 899 3640 paupertas
942 3571 993 3624 in
1037 3570 1234 3624 honore
1289 3567 1467 3622 hahita
1512 3567 1562 3619 in
1603 3567 1843 3624 omnium
1885 3575 2058 3629 conti-
