2436 4068
1261 191 1367 242 608

326 338 526 392 indicio
565 333 891 406 deprehendi
927 340 978 387 et
1021 332 1131 387 tolli
1172 335 1367 404 poterit
1420 334 1475 388 in
1525 333 1642 388 bis:
1683 335 1849 402 ὥσπερ
1898 335 2002 403 γάρ
2049 356 2123 390 τοι
2160 338 2305 399 ἐσθὴς

327 427 468 487 ἄλλη
525 427 620 490 μὲν
669 422 912 487 γυναικὶ,
968 419 1108 482 ἄλλη
1160 421 1211 474 δὲ
1260 421 1399 487 οὲνδρὶ
1439 423 1613 486 καλὴ,
1661 420 1787 476 οὕτω
1844 424 1930 477 καὶ
1983 425 2115 489 ὀσμὴ
2165 423 2307 486 ἄλλη

328 515 422 578 μὲν
474 511 652 578 ἀνδρὶ,
712 508 850 571 ἄλλη
909 510 960 563 δὲ
1014 508 1220 573 γυναικὶ
1278 508 1476 574 πρέπει.
1559 509 1619 562 In
1671 509 1927 564 Athenaei
1982 511 2173 566 Codice
2228 518 2311 565 est
2399 527 2420 582 ρ

329 601 474 662 ἐσθὴς
528 598 668 659 ἄλλη
722 598 817 662 μὲν
870 597 1181 661 γυναικεία,
1237 593 1376 657 ἄλλη
1422 597 1472 649 δὲ
1517 597 1722 663 ἀνδρεῖοι
1774 600 1998 668 [καλή],
2051 597 2176 653 οὕτω
2219 599 2306 653 καὶ
2405 587 2422 643 s*

328 688 461 752 ὀσμή
519 687 631 739 κτὲ.
711 685 972 755 Expunge
1029 683 1184 737 modo
1223 685 1360 746 καλή
1411 690 1463 737 et
1509 682 1727 738 habebis
1779 685 2146 757 Xenophontis
2200 702 2309 739 ma·
2406 713 2409 718 ·

328 790 494 828 num:
550 771 716 840 ὥσπερ
757 804 829 811 —
870 773 1015 832 ἐσθὴς
1083 770 1221 832 ἄλλη
1286 772 1381 835 μὲν
1438 773 1711 835 γυναικεία
1767 771 1906 835 ἄλλη
1962 774 2012 827 δὲ
2066 774 2309 840 ἀνδρεία,
2406 810 2408 814 ,

329 860 455 916 οὕτω
497 859 584 915 uoci
633 862 767 925 ὀσμὴ
819 858 960 920 ἄλλη
1017 860 1112 924 μὲν
1153 859 1289 925 οὲνδρὶ
1350 857 1490 920 ἄλλη
1550 859 1602 913 δὲ
1653 861 1859 924 γυυοιικὶ
1902 861 2121 928 πρέπει,
2175 877 2310 932 quae
2412 928 2415 930 .

328 955 531 1020 quanto
572 949 680 1001 sint
721 948 922 1001 rectius
964 948 1197 1017 cogitata
1238 953 1290 1001 et
1332 948 1511 1000 verius
1559 947 1703 1002 dicta
1745 955 1798 1003 et
1838 949 1904 1002 ad
1952 965 2138 1003 aurem
2175 950 2311 1004 acci·
2408 991 2415 1010 .,

330 1038 460 1091 dant
501 1035 821 1090 iucundiora
861 1034 1110 1088 omnibus
1152 1036 1496 1105 perspicuum
1538 1052 1654 1090 esse
1712 1036 1964 1092 arbitror.
2049 1038 2309 1104 Quoniam
2407 1010 2431 1111 J

331 1127 384 1178 in
440 1124 592 1178 libris
641 1124 870 1178 vetustis
926 1139 1023 1194 pro
1078 1122 1351 1187 γυναικεία
1408 1130 1461 1177 et
1515 1124 1722 1191 ἀνδρεῖοι
1789 1125 1954 1178 scribi
2009 1123 2120 1180 fere
2178 1125 2313 1180 solet
2407 1107 2430 1190 ΞΖ

330 1221 670 1268 ΓΤΝΑΙΚΙΑ
730 1219 784 1265 et
835 1219 1104 1265 ΑΝΔΡΙΑ
1157 1210 1362 1264 saelum
1423 1217 1504 1265 est
1560 1219 1620 1265 ut
1671 1220 2215 1268 rTNAIKIAAAAH
2257 1214 2310 1267 in
2416 1185 2431 1275 i,

331 1302 539 1368 γυναικὶ
584 1299 725 1361 ἄλλη
769 1298 1185 1371 depravaretur,
1231 1299 1372 1353 unde
1413 1305 1467 1352 et
1502 1300 1644 1366 ἀνδρί
1683 1317 1778 1371 pro
1811 1309 2082 1355 ΑΝΔΡΙΑ
2127 1308 2311 1356 natum
2404 1281 2433 1403 {j

333 1397 452 1452 est,
516 1395 568 1443 et
623 1389 701 1442 sic
741 1390 878 1450 κοιλή
934 1404 963 1439 a
1006 1386 1167 1440 sciolo
1220 1386 1505 1452 additum,
1565 1393 1626 1440 ut
1682 1395 1931 1442 ruentem
1990 1391 2311 1444 sententiam
2408 1396 2433 1498 ἐ

332 1479 567 1533 fulciret.
649 1475 749 1530 Sed
794 1477 847 1528 in
904 1491 962 1529 re
1002 1475 1285 1546 perspicua
1339 1482 1391 1530 et
1435 1475 1719 1530 manifesta
1768 1477 1992 1531 verbum
2051 1495 2153 1531 non
2207 1494 2315 1531 am-
2408 1495 2436 1533 »ϊ

331 1567 474 1639 plius
516 1563 668 1619 addc.
2408 1541 2433 1629 ssss

410 1655 470 1708 In
515 1656 544 1724 ὃ
591 1657 642 1706 4.
697 1650 1044 1706 scribendum
1099 1667 1216 1707 esse
1258 1653 1405 1708 πόθεν
1442 1652 1506 1707 ἄν
1546 1674 1624 1714 τις
1665 1656 1813 1708 τοῦτο
1855 1657 1912 1708 τὸ
1951 1662 2176 1722 χρῖμοι
2220 1654 2315 1708 λοέ-
2407 1645 2436 1718 fs

335 1745 454 1810 βοι;
495 1758 599 1795 non
639 1742 698 1795 τὸ
739 1741 978 1808 χρία-μοι,
1023 1741 1155 1794 satis
1190 1739 1316 1794 alibi
1359 1740 1848 1796 demonstravimus
1874 1785 1888 1808 ,
1933 1743 2095 1798 siculi
2138 1749 2192 1797 et
2234 1743 2317 1796 κέ-
2407 1738 2431 1800 3

335 1851 526 1900 χριμοιι
568 1829 738 1883 solum
786 1828 1071 1882 Veteribus
1113 1828 1374 1882 usitatum
1413 1828 1611 1892 fuisse,
1667 1846 1770 1883 non
1813 1830 2115 1899 κέχρισμοιι.
2195 1830 2320 1884 Pec-
2391 1812 2433 1875 ‘⁵

338 1925 465 1975 cant
511 1935 668 1990 saepe
723 1916 928 1972 scribae
978 1916 1312 1984 κεχρισμένος
1353 1923 1406 1971 et
1460 1917 1580 1973 sim.
1639 1917 2029 1973 substituentes
2070 1918 2135 1972 de
2188 1934 2320 1982 suc,

339 2008 432 2063 sed
473 2008 605 2062 satis
646 2007 856 2061 constat
897 2021 1011 2059 esse
1049 2005 1139 2058 illa
1179 2005 1359 2058 omnia
1408 2004 1712 2060 scribarum
1752 2013 1988 2078 peccata.
2068 2006 2323 2074 Κεχριμέ-
2414 2051 2415 2054 Ζ

337 2117 419 2151 ναι
467 2097 522 2149 in
574 2094 771 2149 Eubuli
821 2093 1124 2163 fragmento
1183 2092 1429 2147 illaesum
1485 2095 1655 2148 evasit
1714 2095 1766 2147 in
1819 2095 2080 2150 Athenaei
2135 2095 2323 2150 Codice

336 2185 608 2239 Marciano
649 2200 702 2254 p.
744 2187 870 2236 557.
913 2181 972 2235 F.
1025 2180 1116 2235 sed
1157 2181 1494 2249 κεχρισμένοιι
1549 2182 2188 2254 supposuit-Graeculus,
2229 2184 2320 2255 qui

339 2274 624 2344 Epitomen
664 2269 910 2324 confecit.
992 2268 1343 2323 Reddendum
1386 2276 1468 2324 est
1507 2270 1882 2342 Aristophani:

642 2360 664 2412 ὃ
705 2358 747 2412 δ’
788 2356 855 2413 οοῦ
898 2359 1220 2425 Σοφοκλέους
1259 2362 1349 2412 τοῦ
1389 2357 1564 2423 μέλιτι
1607 2379 1676 2412 κε
1689 2379 1734 2426 χ
1749 2358 2020 2426 ριμένου

642 2445 808 2514 ὥσπερ
848 2447 1089 2500 καδίσκου
1130 2446 1424 2514 περιέλειχε
1463 2446 1521 2500 τὸ
1561 2445 1729 2511 ςόμοι,

339 2537 478 2609 apud
519 2537 741 2590 Dionem
784 2534 1228 2607 Chrysostomum
1266 2535 1320 2587 in
1367 2533 1513 2588 Orat.
1551 2533 1660 2587 LII.
1699 2550 1751 2604 p.
1796 2535 1934 2598 275,
1977 2532 2067 2586 ubi
2106 2533 2323 2589 Codices

341 2642 527 2680 omnes
563 2630 780 2678 servant
820 2622 1174 2690 κεχρισμένου.
1257 2621 1604 2676 Scribebatur
1639 2621 1764 2675 olim
1800 2622 1981 2689 χρείω,
2021 2622 2326 2691 κέχρειμοιι,

343 2715 672 2781 κεχρεῖσθοιι,
713 2713 967 2779 ἐγχρείω,
1009 2708 1462 2781 quemadmodum
1504 2710 1660 2775 τειμή
1702 2716 1755 2764 et
1789 2710 1924 2772 νείκη
1968 2717 2022 2765 et
2067 2710 2169 2765 alia
2211 2729 2324 2766 sex-

344 2809 499 2856 centa
538 2807 756 2873 propter
790 2822 803 2855 ι
840 2799 1194 2871 productum:
1238 2815 1375 2869 quae
1407 2815 1493 2852 res
1531 2799 1584 2851 in
1623 2814 1862 2852 errorem
1902 2798 2115 2853 induxit
2158 2799 2324 2873 Phry-

343 2889 604 2954 nichum,
645 2906 814 2960 quum
856 2889 909 2941 in
953 2887 1178 2941 Bekkeri
1231 2885 1429 2941 Anecd.
1470 2903 1522 2957 p.
1565 2889 1666 2949 46,
1712 2890 1783 2940 10
1820 2887 2087 2953 κεχρῖσθοιι
2133 2887 2324 2962 (κεχρί·

345 2980 460 3032 σθοιι
515 2978 659 3031 enim
711 2975 1013 3031 scribarum
1065 2991 1216 3029 error
1264 2981 1373 3037 est,
1416 2990 1519 3027 non
1576 2973 1892 3046 Phrynichi)
1936 2980 1988 3028 et
2029 2979 2323 3042 κεχρεῖσθοιι

343 3065 502 3119 vellet
557 3064 838 3118 scribendo
897 3064 1245 3132 distinguere.
1342 3061 1502 3115 Plura
1543 3060 1804 3116 indicabit
1856 3060 2212 3117 Ruhnkenius
2270 3066 2323 3118 in

344 3153 623 3207 notissima
658 3152 1000 3205 annotatione
1032 3151 1096 3204 ad
1134 3153 1412 3206 Timaeum
1447 3167 1496 3203 v,
1534 3150 1922 3217 Ἐγχρίμπτει,
1963 3150 2119 3204 cuius
2154 3168 2322 3206 unum
2399 3162 2403 3221 ζ

345 3257 582 3295 errorem
625 3238 887 3292 indicabo.
968 3238 1168 3309 Nempe
1202 3238 1341 3309 quod
1380 3238 1596 3291 Kusteri
1637 3235 2062 3291 emendationem
2101 3240 2324 3307 ἐγχρίμ-
2401 3267 2406 3311 j

344 3349 512 3394 μοιτος
555 3345 651 3398 pro
685 3328 1070 3394 ἐγχειρήματος
1112 3326 1252 3397 apud
1286 3325 1672 3379 Philostralum
1708 3323 1924 3395 probat,
1968 3323 2194 3382 fallitur:
2237 3326 2324 3392 ἔγ·

345 3437 518 3485 χριμοι
539 3417 682 3470 enim
728 3417 991 3470 Graecum
1037 3421 1148 3477 est,
1192 3419 1248 3466 ut
1285 3420 1487 3480 χρῖμα,
1529 3419 1579 3465 et
1623 3418 1775 3465 vetus
1815 3412 2081 3483 scriptura
2118 3416 2323 3482 ἐγχρεί-
2404 3402 2414 3444 ²3

345 3525 513 3570 ματος
556 3521 716 3574 quam
753 3503 906 3557 facile
947 3503 1000 3555 in
1038 3503 1421 3568 ἐγχειρήματος
1464 3500 1611 3553 abire
1645 3500 1812 3569 possit
1851 3501 1902 3554 in
1943 3500 2124 3571 aprico
2165 3510 2262 3555 est.

422 3593 478 3646 In
536 3592 777 3664 Sympos.
831 3591 892 3644 ll.
951 3595 980 3644 4
1038 3590 1227 3643 vitium
1276 3589 1580 3659 concepisse
1643 3587 1882 3658 intelligo
1944 3588 2095 3642 haec:
2153 3591 2173 3641 ὁ
2227 3592 2320 3655 μὲν

2402 2988 2425 3085 Ἧιῼῗκῖ
2402 2947 2425 2983 ’ee-»J
2404 2847 2425 2939 :swa-⁴³
