2436 4068
1056 176 1163 227 605

111 318 468 374 Demosthene
528 325 685 390 putes
734 317 1004 372 facturos?
1085 317 1242 389 Apud
1295 316 1705 372 Demosthenem
1740 318 1806 372 X.
1853 321 1943 372 15.
2002 331 2098 387 pro

111 407 290 462 πολλοὶ
337 409 382 461 δ’
429 406 493 460 ἂν
540 408 739 471 γένοιτο
785 408 1022 475 ἀνθρώπῳ
1077 407 1130 459 in
1189 405 1313 460 cod.
1357 405 1411 459 S.
1471 404 1735 475 scriptum
1780 409 1862 458 est
1899 404 2097 469 γένοιτο

111 495 416 562 τάνθρώπῳ,
457 509 595 564 quae
634 510 739 547 non
780 501 862 548 est
903 510 1029 550 vera
1065 493 1224 548 lectio
1261 491 1354 548 sed
1400 507 1556 547 verae
1606 492 1877 563 proxima:
1918 490 2099 560 legen·

109 582 238 636 dnm
278 582 423 636 enim
458 581 647 645 γένοιτ’
687 582 954 649 ἀνθρώπῳ,
994 581 1300 635 cuiusmodi
1336 580 1507 635 multa
1544 579 1741 651 passim
1786 578 1920 633 vitia
1954 594 2095 633 com-

111 671 310 731 missa,
354 668 420 723 de
460 685 565 740 qno
597 683 794 738 genere
846 684 1092 722 errorum
1134 668 1516 721 annotavimus
1561 667 1627 721 ad
1675 665 1954 738 Euripidis
1997 665 2096 720 He·
2151 671 2153 673 ’

109 755 302 810 lenam.
382 754 527 810 Nihil
582 761 665 810 est
720 755 905 809 tritius
946 771 1107 827 quam
1169 761 1230 808 ut
1280 754 1544 809 articulus
1600 762 1784 827 pereat
1840 755 1894 808 in
1937 754 2099 820 ἁνήρ,

108 845 377 913 ἀδελφός,
416 842 711 911 ἅνθρωπος,
751 844 894 907 ἁγών
937 843 1057 896 sim.
1101 841 1370 897 inclusus:
1413 850 1670 914 peccatur
1708 850 1889 897 tamen
1930 843 2096 896 etiam

110 933 165 986 in
197 932 523 987 contrariam
560 938 799 1002 partem,
840 929 982 1002 quod
1010 929 1215 984 sactum
1258 937 1341 985 est
1370 930 1512 1002 apud
1553 930 1827 984 Demosth.
1862 930 2096 984 XLVIII.

112 1025 200 1075 45.
254 1026 362 1081 πῶς
402 1020 468 1074 ἂν
522 1022 731 1084 μᾶλλον
780 1016 1105 1086 ἅνθρωπος
1147 1016 1484 1086 ἐξελέγχοιτο
1524 1018 1872 1086 ψευδόμενος;
1929 1018 2096 1073 Revo-

110 1106 342 1162 candnm
384 1106 639 1174 ἄνθρωπος
680 1122 905 1171 censeo,
954 1105 1096 1178 quod
1138 1107 1192 1159 in
1234 1105 1436 1160 talibus
1483 1106 1719 1177 positum
1757 1105 1900 1161 idem
1940 1112 2103 1176 atque

109 1216 188 1256 τις
230 1194 535 1265 significat:
576 1200 683 1255 πῶς
721 1193 783 1247 ἄν
818 1214 898 1254 τις
931 1197 1142 1261 μᾶλλον
1181 1192 1558 1261 ἐξελέγχων-ος

184 1284 357 1351 Quam
415 1298 540 1336 raro
578 1282 812 1336 elabitur
851 1282 1030 1335 Attica
1071 1282 1242 1335 erasis
1295 1282 1352 1335 in
1409 1283 1598 1349 αἱρετή,
1653 1283 1866 1349 ciperani,
1920 1282 2098 1347 οὶγοιθή

111 1380 165 1427 et
200 1370 405 1426 similes
443 1370 671 1425 omnes?
752 1369 813 1423 In
857 1368 1068 1425 Stobaei
1109 1368 1264 1424 libris
1305 1369 1508 1440 legitur
1542 1369 1725 1424 Floril.
1763 1373 1865 1435 72,
1913 1375 2008 1424 10:

409 1460 538 1513 ἀλλ’
579 1460 635 1512 ai
673 1459 856 1525 ἆρετοιὶ
899 1458 1137 1526 τέρπουσι
1181 1458 1299 1518 τοὺς
1338 1456 1663 1521 ξυνευνέτοις.

106 1556 160 1604 et
206 1554 348 1612 111,
390 1552 454 1602 4:

411 1635 567 1691 πόλλ’
608 1635 815 1697 ἐλπίδες
856 1636 1130 1702 ψεύδουσιν
1170 1637 1225 1690 ai
1265 1633 1450 1701 ἄλογοι
1491 1634 1725 1701 βροτούς.

108 1732 163 1780 et
203 1729 306 1789 88,
349 1730 418 1780 5:

412 1814 464 1868 ἐν
502 1820 608 1875 τοῖς
646 1813 840 1875 τέκνοις
881 1812 987 1881 γὰρ
1030 1815 1057 1876 ἡ
1099 1814 1256 1880 ἀρετὴ
1296 1817 1395 1866 τῶν
1435 1814 1656 1877 εὐγενῶν

416 1903 714 1970 διέλαμψε,

112 2007 237 2046 nam
261 1991 371 2056 sic,
412 2007 574 2062 quam
611 1990 909 2059 ἐνέλαμψε,
949 2006 1073 2045 cum
1098 1988 1485 2044 Valckenaerio
1506 1987 1745 2043 scrihere
1778 1987 1963 2043 malim
2007 2006 2105 2061 pro

113 2080 351 2145 ἔνέλαβε.
433 2078 635 2134 Ibidem
668 2083 732 2143 9,
778 2084 864 2134 15.
903 2077 1125 2133 τᾶνδικοο
1168 2078 1222 2131 in
1264 2077 1335 2131 τὰ
1376 2077 1551 2132 δίκαιοι
1593 2076 1755 2141 abiit,
1796 2085 1851 2132 et
1891 2081 1998 2143 43,
2041 2082 2102 2132 7:

414 2165 539 2223 ὅπου
578 2167 631 2221 δὲ
670 2169 747 2233 μὴ
786 2167 857 2221 τοὶ
897 2170 1013 2237 ῥᾷς’
1054 2164 1320 2233 ἐλευθέρως
1360 2165 1540 2231 λέγειν

413 2254 582 2320 ἔξεςι,
624 2261 739 2326 νικᾷ
779 2257 824 2310 δ’
865 2256 916 2309 ἐν
957 2254 1106 2309 πόλει
1146 2254 1218 2308 τοὶ
1257 2253 1503 2321 χείρονα,

112 2347 312 2419 optime
357 2343 527 2413 τᾶρις’
568 2344 837 2412 ἐλευθέρως
891 2343 1127 2398 correxit
1180 2341 1494 2396 MeinekiuS.
1576 2342 1709 2396 Ibid.
1753 2346 1854 2407 94,
1896 2349 1948 2397 6.
2006 2360 2104 2415 pro

108 2435 315 2503 τοῦνεχ’
350 2431 402 2488 ἓν
442 2433 618 2498 σέβειν
658 2432 839 2500 πρέπει
881 2431 1127 2503 suspicor
1164 2430 1515 2485 τοῦνδικον
1557 2430 1731 2496 σέβειν
1773 2430 1968 2496 latere,
2009 2431 2104 2487 sed

111 2531 323 2580 caetera
381 2520 620 2577 nondum
678 2529 865 2575 sanata
924 2526 1070 2574 sunt.
1167 2517 1378 2572 Talium
1424 2519 1593 2589 igitur
1643 2517 1846 2590 ubique
1906 2535 2100 2590 magna

111 2613 263 2684 copia
297 2618 411 2665 est:
454 2625 591 2681 quae
632 2626 729 2680 pro
765 2625 822 2663 se
862 2608 1090 2679 quisque
1130 2604 1390 2660 audacter
1430 2605 1496 2660 ad
1541 2605 1795 2662 Veterum
1836 2609 2099 2664 rationem

109 2707 165 2756 et
202 2714 359 2754 usum
403 2688 691 2751 revocabit.

185 2785 336 2855 Quod
377 2783 658 2840 emendate
708 2785 761 2838 in
804 2783 958 2838 libris
993 2788 1168 2839 exstat
1207 2782 1246 2837 l.
1294 2788 1381 2838 15.
1432 2783 1566 2847 τίνος
1607 2783 1759 2840 ἕνεκα
1812 2786 1900 2841 καὶ
1943 2794 2105 2842 κοιλεῖ

107 2876 177 2943 μέ
214 2896 333 2939 τιςς
377 2872 657 2928 commode
697 2870 939 2927 adhiberi
986 2877 1159 2943 potest
1198 2870 1264 2925 ad
1307 2870 1538 2926 firmiter
1590 2872 1967 2929 stabiliendam
2014 2891 2100 2930 ve·

112 2980 225 3020 ram
267 2963 598 3034 scripluram
640 2960 741 3015 loci
784 2960 838 3013 in
888 2976 1003 3031 cap.
1040 2958 1106 3014 ll.
1152 2961 1181 3030 §
1219 2963 1271 3014 5.
1321 2961 1376 3014 οιὶ
1426 2960 1600 3026 μέντοι
1637 2964 2099 3029 γυναῖκες-μύ-

114 3071 189 3108 οου
228 3052 323 3117 μὲν
359 3052 426 3105 τί
463 3050 575 3104 καὶ
615 3048 1102 3116 προσδέονται;
1145 3048 1307 3103 αὐταὶ
1348 3049 1454 3116 «γὰρ
1494 3049 1674 3105 τούτου
1715 3049 1924 3118 ὄζουσιν.
2007 3050 2097 3106 Sic

115 3141 255 3196 enim
298 3138 463 3194 Attici
520 3137 819 3208 loquuntur
858 3152 953 3207 pro
990 3135 1149 3197 οὐδεὶς
1190 3136 1350 3199 δήπου
1392 3144 1552 3191 καλεῖ
1585 3158 1683 3204 με,
1726 3145 1780 3192 et
1819 3140 1875 3191 οιὶ
1915 3146 2098 3203 γυναῖ-

105 3249 191 3291 κες
231 3228 389 3296 μύρου
427 3228 522 3293 μὲν
557 3227 694 3281 οὐδὲν
726 3224 1054 3293 προσδέονται
1092 3224 1269 3288 δήπου.
1349 3224 1461 3279 Non
1503 3226 1724 3296 capiunt
1767 3224 1895 3279 haec
1938 3226 2099 3283 Grae-

114 3314 219 3371 culi
272 3323 325 3370 et
379 3314 566 3370 turbas
605 3313 734 3368 dare
786 3311 973 3367 solent.
1056 3311 1115 3366 In
1177 3311 1331 3367 libris
1369 3319 1450 3367 est
1504 3312 1664 3381 μύρου
1723 3312 1951 3377 μέντοι
2007 3317 2095 3370 καὶ

114 3403 473 3469 προσδέονται,
513 3410 566 3457 et
607 3400 778 3456 solent
820 3400 1029 3455 scribae
1072 3406 1328 3472 perpetuo
1367 3421 1443 3456 τοι
1485 3410 1538 3455 et
1579 3422 1627 3455 τι
1674 3402 1814 3454 inter
1865 3417 1921 3454 se
1959 3404 2096 3457 osci-

117 3497 295 3545 tanter
336 3499 679 3560 permutare,
734 3495 793 3543 ut
835 3490 1127 3559 unicuique
1172 3487 1368 3559 ubique
1409 3487 1636 3543 liberum
1682 3489 1751 3541 sit
1795 3489 1992 3558 spretis
2040 3490 2099 3544 li·

117 3578 225 3633 bris
267 3577 516 3632 omnibus
557 3595 619 3632 ex
667 3578 931 3648 cuiusque
975 3575 1071 3632 loci
1128 3578 1333 3631 ratione
1376 3586 1428 3632 ct
1478 3577 1741 3632 sententia
1788 3582 1970 3632 utrum
2026 3600 2101 3635 τοι
