2436 4068
1288 296 1390 345 110

331 444 488 516 plane
531 441 818 497 absurdam
869 440 1022 503 facit,
1062 445 1116 493 et
1163 437 1365 492 Comici
1405 437 1582 492 locum
1634 444 1687 491 et
1729 437 2003 493 Plutarchi
2046 438 2318 493 infecerat.

330 531 580 587 Comicus
620 529 827 585 dudum
879 525 1195 583 emendatus
1235 532 1344 590 est,
1399 542 1494 580 nos
1544 525 1671 579 hinc
1724 525 1985 581 admoniti
2033 525 2321 581 Plutarcho

329 637 482 692 opem
522 619 777 674 feremus,
858 617 919 670 In
955 613 1239 668 Ammonio
1279 613 1345 668 de
1372 614 1442 670 D.
1474 613 1537 668 V.
1575 631 1625 685 p.
1667 617 1752 667 12.
1784 613 2040 669 Codicum
2073 615 2316 668 omnium

330 707 490 764 lectio
525 715 634 763 est:
673 706 903 765 Εὔπολις
945 702 996 755 ἐν
1033 700 1359 770 Ταξιάρχοις
1381 721 1393 734 ·

285 859 302 867 ,Κ
712 793 844 848 δίδου
883 790 1157 857 μασᾶσθαι
1190 788 1346 854 ἀξίας
1387 791 1733 856 ἀμυγδαλᾶς.

332 882 469 939 Olim
511 887 817 937 correctum
853 885 935 934 est
974 895 1039 933 ex
1078 876 1351 932 Athenaeo
1393 877 1459 932 II.
1503 881 1590 932 52.
1632 877 1694 932 D.

709 969 842 1023 δι’δου
881 966 1154 1034 μασᾶσθαι
1192 964 1400 1030 Ναξίας
1439 966 1765 1032 οὲμυγδαλόἑς

710 1053 836 1111 οἶνόν
875 1077 935 1111 τε
974 1055 1135 1111 πίνειν
1173 1053 1383 1118 Ναξίων
1423 1056 1519 1108 ἀπ’
1558 1053 1828 1120 ἀμπέλων.

333 1147 427 1219 qui
467 1145 594 1202 ibid.
636 1162 702 1200 ex
740 1143 1049 1218 Phrynicho
1088 1141 1270 1198 affert:

635 1237 725 1289 οὐκ
760 1231 825 1287 ἂν
864 1232 1114 1297 δυναίμην
1146 1229 1354 1293 Ναξίαν
1390 1231 1708 1295 ἀμυγδαλῆν
1747 1228 1998 1293 κατᾶξαι.

331 1322 399 1379 ad
433 1322 564 1377 haec
598 1321 971 1392 unusquisque
1004 1319 1188 1373 statim
1221 1318 1517 1372 absurdum
1552 1317 1828 1372 Plutarchi
1864 1318 2041 1372 locum
2079 1317 2323 1372 emenda-

331 1412 411 1467 bit
453 1412 508 1464 in
555 1408 970 1478 Quaestionibus
1012 1407 1230 1462 Graecis
1281 1423 1395 1477 cap.
1440 1410 1528 1460 56.
1580 1423 1628 1478 p.
1670 1409 1796 1461 299.
1838 1407 1899 1460 A.
1944 1408 2028 1461 τὸν
2081 1405 2322 1460 Διόνυσον

333 1503 390 1554 αἱ
430 1500 528 1554 τῶν
567 1498 780 1552 Ἠλείων
823 1502 1070 1563 γυναῖκες
1114 1497 1364 1561 ὑμνοῦσαι
1413 1499 1778 1562 παρακαλοῦσι
1831 1493 1989 1563 βοέῳ
2029 1494 2179 1548 ποδὶ
2221 1515 2322 1548 πα-

334 1587 632 1656 ραγίνεσθαι
673 1587 795 1652 πρὸς
836 1582 1024 1646 αὐτοές.
1073 1585 1236 1652 ’Έχει
1276 1583 1319 1637 δ’
1356 1580 1512 1644 οὕτως
1551 1584 1574 1636 ὂ
1616 1581 1800 1649 ὕμνος·
1842 1584 2033 1647 ἐλθεῖν,
2074 1581 2167 1651 ἥρω
2206 1581 2325 1637 Διό-

334 1697 477 1741 νυσε,
517 1673 661 1730 ἅλιον
703 1675 754 1734 ἐς
794 1674 911 1728 ναὸν
952 1671 1112 1739 οὶγνόν
1152 1704 1228 1712 —
1266 1667 1384 1725 εἶτα
1424 1671 1499 1731 δὶς
1540 1671 1843 1741 ἐπᾴδουσιν·
1877 1669 1996 1735 ”AS
2010 1691 2060 1725 ιε
2098 1672 2323 1738 ταῦρεῐ

333 1763 449 1818 Imo
495 1779 621 1817 vero
674 1762 951 1832 ἐπᾴδουσι·
1002 1758 1172 1823 Νάξιε
1219 1763 1395 1827 ταῦρε.
1484 1759 1686 1814 Deinde
1739 1777 1835 1832 pro
1878 1757 2022 1815 ἅλιον
2074 1760 2125 1821 ἐς
2177 1758 2325 1824 ναόν,

335 1851 478 1923 quod
507 1855 728 1906 vertunt
761 1866 865 1903 non
898 1846 1188 1903 admodum
1219 1847 1356 1902 salse
1388 1847 1711 1902 maritimum
1741 1849 1810 1902 ad
1844 1847 2115 1920 templum,
2147 1864 2324 1902 emen·

334 1940 404 1994 da
441 1942 660 1993 Ἀλεῖον.
725 1937 912 1992 Simile
946 1937 1142 1991 vitium
1184 1942 1265 1990 est
1312 1936 1366 1989 in
1403 1935 1807 2007 Epigrammate
1841 1936 2092 2007 Diogenis
2126 1935 2328 1989 Laertii

336 2028 378 2082 1.
426 2031 515 2082 39.
563 2027 699 2091 ἠέλιε
741 2029 841 2079 Ζεῦ
884 2041 981 2096 pro
1014 2028 1190 2079 Ἠλεῖε
1224 2029 1352 2088 Ζεῦ,
1392 2022 1534 2095 quod
1570 2039 1600 2077 a
1639 2023 1949 2078 Casaubono
1990 2023 2327 2079 commenda-

334 2121 456 2171 tum
496 2121 774 2187 receptum
810 2113 1063 2184 oportuit.
1145 2111 1607 2180 Quemadmodum
1643 2113 1887 2183 ἐπᾴδουσι
1925 2111 2066 2175 νᾴξιε
2108 2113 2163 2166 in
2197 2114 2326 2183 ἐπᾴ-

335 2204 500 2258 δουσιν
541 2201 656 2266 ἄξιε
698 2201 862 2256 stulte
905 2200 1256 2272 depravatum
1297 2207 1378 2255 est
1419 2199 1602 2254 eodem
1658 2199 1814 2254 modo
1853 2201 2053 2272 passim
2102 2200 2326 2255 homun-
2409 2220 2426 2235 -

338 2291 519 2345 ciones
555 2306 738 2345 errare
776 2288 958 2343 videas
993 2289 1048 2341 in
1087 2287 1257 2342 libris.
1337 2288 1397 2342 In
1447 2287 1723 2342 Plutarchi
1764 2287 1901 2342 libro
1940 2288 2196 2343 adversus
2234 2288 2326 2344 Co·

335 2379 479 2434 loten
516 2395 566 2450 p.
596 2381 755 2432 1115.
779 2377 836 2431 Β.
873 2376 1052 2431 editur
1077 2376 1098 2403 '⁴
1120 2375 1146 2402 ⁴
1166 2375 1192 2402 *
1222 2375 1494 2430 καλέουσι.
1538 2375 1671 2444 νόμῳ
1702 2377 1745 2430 δ’
1767 2376 1996 2446 ἐπίφημι
2019 2377 2105 2430 καὶ
2140 2376 2327 2442 αὐτός,
2412 2423 2413 2426 ,

337 2484 403 2522 ex
442 2465 788 2539 Empedocle,
845 2481 1006 2536 quem
1054 2463 1270 2519 aliunde
1317 2470 1528 2518 constat
1570 2463 1791 2518 dixisse:
1840 2467 1908 2526 ’ὡς
1954 2464 2094 2530 θέμις
2139 2468 2193 2520 οὐ
2234 2486 2327 2519 κα-

337 2556 566 2620 λέουσιν,
605 2555 740 2621 ὃμῶς
780 2555 822 2608 δ’
863 2553 1093 2622 ἐπίφημι
1133 2553 1221 2607 καὶ
1262 2551 1438 2612 αὐτός.
1521 2551 1623 2619 Qui
1664 2551 1913 2606 lacunam
1957 2554 2067 2622 εἰκῇ
2109 2559 2162 2607 ei,
2202 2552 2327 2608 levi·

338 2651 424 2699 ter
459 2642 806 2714 expleverunt
839 2640 1088 2715 εἶκαίζως)
1130 2639 1420 2695 admonent
1465 2657 1551 2694 me
1591 2639 1694 2694 loci
1735 2640 2041 2695 Plutarchei
2082 2642 2136 2694 in
2173 2640 2324 2715 Sym-

340 2731 570 2804 posiacis
606 2730 646 2784 I.
691 2734 740 2783 5.
784 2733 847 2794 6,
897 2729 989 2783 ubi
1029 2729 1249 2784 lacunas
1301 2728 1563 2783 librorum
1616 2728 1845 2783 absurde
1895 2728 2097 2800 expleri
2145 2728 2325 2794 video,

342 2836 512 2891 quum
564 2816 840 2872 Plutarchi
889 2833 1083 2871 manus
1128 2818 1292 2889 possit
1345 2816 1720 2889 percommode
1759 2818 1991 2872 restitui.
2072 2817 2131 2872 In
2172 2816 2326 2871 libris

342 2914 636 2980 supersunt
678 2905 778 2959 hae
825 2905 1079 2960 laciniae:
1131 2909 1185 2961 οὗ
1227 2905 1332 2974 γὰρ
1373 2904 1520 2972 μόνον
1562 2907 1710 2961 ὠδῖνα
1749 2906 1914 2960 τίκτει
1955 2926 2017 2959 κυ
2044 2905 2150 2931 ***
2186 2906 2327 2974 σοφῷ

342 2997 486 3051 κατα
514 2997 571 3050 τὸ
606 2993 671 3020 *²*
689 2994 709 3020 '⁸‘
730 2993 878 3047 ἀλλα
907 2994 994 3048 καὶ
1017 2995 1126 3048 κτὲ.
1168 2993 1356 3048 Nescio
1379 2993 1509 3064 quid
1530 2994 1585 3047 in
1607 2999 1842 3048 mentem
1865 2993 2071 3048 venerit
2093 2993 2190 3056 iis,
2236 2993 2329 3063 qui

341 3084 407 3139 de
448 3099 544 3137 suo
581 3081 712 3136 haec
750 3082 826 3136 ita
875 3083 1067 3136 sarciri
1114 3098 1269 3153 posse
1306 3087 1635 3153 putaverunt
1673 3088 1735 3135 ut
1781 3081 2132 3135 scriberetur:
2178 3082 2328 3136 ὠδῖνα

341 3174 505 3228 τίκτει
540 3171 769 3238 κυβευτῇ
805 3171 948 3238 σοφῷ
983 3170 1126 3224 κατα
1155 3173 1214 3225 τὸ
1246 3169 1526 3234 λεγόμενον
1561 3171 1668 3230 ποῖς
1708 3169 1866 3235 βόλος
1911 3170 2060 3224 ἄλλα
2093 3170 2180 3224 καὶ
2217 3171 2326 3224 κτὲ.

340 3275 510 3332 eaque
548 3274 693 3311 nunc
747 3257 802 3310 in
847 3258 1152 3312 novissimis
1205 3256 1529 3313 editionibus
1579 3256 1732 3312 video
1779 3258 2134 3312 circumferri.
2214 3257 2328 3311 Non

341 3348 472 3403 solet
509 3343 832 3400 Plutarchus
869 3345 1010 3400 idem
1045 3345 1250 3400 dictum
1287 3351 1379 3399 aut
1415 3361 1628 3399 versum
1664 3345 1825 3399 semel
1854 3351 2067 3399 tantum
2099 3345 2328 3401 orationi

342 3452 472 3492 suae
511 3435 747 3487 inserere
785 3439 836 3487 et
879 3432 1283 3487 accommodare
1324 3439 1575 3503 tenetque
1610 3434 1667 3486 in
1708 3449 1768 3487 ea
1808 3449 1866 3486 re
1908 3431 2039 3485 illud
2083 3440 2326 3488 veterum

343 3525 417 3586 δὶς
458 3524 544 3578 καὶ
587 3522 692 3590 τρὶς
733 3519 803 3575 τοὶ
845 3518 1010 3575 καλοέ.
1090 3519 1221 3574 Cum
1268 3521 1549 3592 Epicureis
1599 3520 1797 3574 bellum
1849 3537 2039 3591 gerens
2086 3522 2141 3574 in
2190 3521 2326 3575 libro

342 3612 416 3667 ὅτι
453 3611 562 3666 οὐδὲ
598 3609 688 3677 ζῆν
728 3607 830 3667 ἔςιν
873 3606 1024 3670 ἡδέως
1060 3610 1180 3661 κατ’
1215 3610 1507 3675 Ἐπίκουρον
1542 3625 1662 3680 pag.
1702 3612 1862 3663 1090.
1897 3611 1957 3662 A.
1995 3609 2071 3663 ita
2112 3609 2324 3663 scribit:

342 3698 631 3764 κατᾴςημα
665 3699 758 3765 μὲν
798 3696 903 3764 γαρ
944 3697 1154 3759 εὐςαθὲς
1197 3699 1379 3765 σαρκὸς
1423 3697 1624 3762 γίνεται
1667 3695 1958 3762 πολλάκις,
1998 3698 2234 3765 ἔλπισμα
2275 3697 2326 3752 δὲ
