2436 4068
1004 227 1107 278 497

61 376 206 436 σθην,
267 372 591 438 {ysacio-Onu,
653 371 943 437 ὠνομάσθην
994 380 1049 426 et
1092 369 1213 426 aliis
1262 366 1528 422 sexcentis
1579 365 1808 423 obviam.
1901 368 2046 440 Ergo

62 463 185 517 hinc
239 460 440 514 factum
482 467 564 514 est
613 468 673 514 ut
714 461 871 514 toties
911 461 963 512 in
1007 458 1167 513 Codd.
1210 455 1491 519 ἀπηλασθη
1528 462 1795 510 occurrat.
1890 457 2042 524 Quod

59 549 307 604 dicebant
360 549 462 620 ipsi
517 547 737 618 proclivi
792 564 974 602 errore
1022 548 1076 601 in
1132 545 1296 600 libros
1349 542 1762 599 transierebant.
1854 544 2044 616 Itaque

57 637 228 691 sicubi
268 635 581 699 ἀπηλάσθην
626 636 888 706 scriptum
931 643 1014 690 est
1053 633 1424 688 revocabimus
1464 633 1746 703 antiquam
1786 630 2044 699 sormam,

57 741 193 797 quae
231 741 337 795 quo
379 730 533 795 pacto
574 723 645 776 sit
685 722 973 794 depravata
1011 722 1174 777 veluti
1218 721 1388 776 oculis
1427 721 1720 775 cernimus,
1799 721 2041 776 Ἀιδόν-

57 833 181 867 των
234 814 519 875 Ἀττικῶς,
563 811 758 865 Moeris
807 811 1012 882 inquit,
1071 810 1414 881 ᾀδέτωσαν
1466 811 1799 871 Ἑλληνικῶς.
1898 808 2043 863 Nihil

58 900 178 956 novi
221 899 583 963 addiscimuS,
624 898 714 952 sed
755 916 899 953 nunc
947 899 1293 971 perspicuum
1341 896 1427 959 fit,
1482 913 1582 949 cut·
1619 895 1790 951 forma
1831 898 2043 953 novicia

16 997 26 1042 ἱ
55 995 164 1043 tam
204 1004 360 1058 saepe
406 987 616 1057 legatur
667 987 810 1059 apud
856 1005 976 1049 θοε,
1023 1004 1158 1059 quos
1197 1003 1259 1041 ea
1300 1001 1598 1055 numquam
1641 1002 1765 1040 usos
1805 1003 1922 1041 esse
1975 986 2040 1041 li-

14 1075 218 1148 .'quido
255 1082 479 1130 constet.
557 1080 798 1147 Ἀκροᾷ
849 1079 1132 1140 Ἀττικῶς,
1173 1075 1384 1146 inquit,
1428 1075 1764 1139 οὶκροᾶσαι
1805 1080 2042 1138 Έλληνι·

53 1170 182 1228 κῶς,
222 1181 327 1217 non
362 1180 579 1218 eramus
614 1164 838 1219 docendi
872 1166 1019 1235 αἰτιᾷ
1056 1171 1110 1219 et
1139 1165 1349 1233 ἁμιλλᾷ
1389 1170 1444 1217 et
1477 1167 1628 1231 πειρᾷ
1660 1168 1714 1215 et
1746 1162 1867 1216 sim.
1903 1163 2042 1229 dici,

18 1252 148 1307 sed
188 1269 332 1306 nunc
369 1251 725 1324 intelligimus
757 1269 857 1307 cui·
894 1251 1199 1307 istiusmodi
1236 1250 1439 1305 formae
1474 1250 1716 1320 ineptae,
1758 1250 1932 1321 qualis
1960 1259 2044 1307 est

28 1342 335 1408 amam,
374 1341 431 1394 in
465 1340 624 1394 Codd.
655 1340 932 1412 legantur,
972 1338 1038 1394 de
1060 1357 1164 1411 qua
1187 1357 1246 1395 re
1276 1339 1343 1393 ad
1374 1337 1755 1410 Aleiphronem
1786 1339 2041 1394 nonnulla

51 1427 308 1483 diximUS.
388 1427 646 1500 Sequitur
690 1430 1002 1483 ’Ἃπεισιν
1043 1461 1116 1472 —-
1155 1428 1543 1488 ἀπελεύσεται,
1583 1428 1760 1488 Ἀλεῖς
1801 1459 1875 1468 --
1913 1429 2042 1483 οέλέ·

51 1537 183 1580 σεις,
220 1524 273 1572 et
309 1524 426 1589 post
460 1533 629 1588 pauca
663 1517 1071 1586 Ἀχθὲσεται
1114 1551 1185 1560 --
1226 1518 1643 1586 ἀχθεσθήσεται,
1683 1532 1847 1587 quam
1885 1533 2042 1588 saepe
2078 1582 2080 1585 v

53 1603 287 1660 vidimus
332 1605 463 1660 haee
512 1605 657 1658 inter
695 1621 753 1660 se
794 1604 930 1659 male
972 1606 1320 1677 permisceri,
1363 1612 1417 1659 et
1451 1604 1694 1659 Ἀπόδυθι
1735 1636 1810 1646 —-
1848 1605 2041 1660 ἀπόδυ-

51 1712 171 1757 σαι,
203 1697 403 1762 Ἀχρι
440 1725 518 1735 —
554 1691 729 1761 ἄχρις.
809 1693 1003 1747 Moeris
1036 1694 1238 1747 ’Anba
1251 1714 1363 1761 ραν
1399 1699 1454 1747 et
1481 1693 1712 1761 ἀπέδρων
1749 1697 2038 1766 componit.

49 1779 163 1835 Nou
219 1782 440 1836 memini
489 1798 574 1835 me
615 1781 791 1852 legere
830 1782 1090 1849 ἀνι-ἔδρων,
1145 1772 1237 1836 sed
1279 1783 1333 1835 in
1375 1780 1528 1835 libris
1570 1782 1770 1853 passim
1814 1782 2039 1838 consun-

52 1867 260 1923 duntur
300 1871 529 1937 α’πέδραν
581 1877 634 1924 et
675 1869 980 1936 αξη-ἔδρασα,
1028 1871 1311 1938 ἀποδρᾶναι
1362 1876 1416 1925 et
1465 1871 1787 1938 οὶποδροῖσαι,
1841 1873 2038 1943 saepis-

51 1957 187 2012 sime
224 1957 453 2024 ἀποδράς
492 1965 546 2012 et
585 1957 919 2024 ἀποδράσας,
962 1974 1365 2030 nonnumquam
1406 1959 1657 2027 ἀποδραίη
1699 1965 1754 2013 et
1784 1960 2036 2030 αποδρῴη.

49 2044 250 2117 Nempe
292 2045 540 2101 Graeculi
578 2047 851 2114 ἀπέδρασα
893 2046 1159 2101 dicebant.
1252 2047 1456 2102 Deinde
1500 2050 1755 2112 ’Άισομαι
1803 2049 2036 2104 ostendit

50 2131 105 2187 in
127 2133 237 2202 ᾄσω
261 2132 609 2205 depravatum
647 2151 793 2199 esse,
826 2141 879 2190 et
914 2137 1248 2202 Βοήσομαι
1290 2168 1364 2176 —
1401 2137 1605 2202 βοήσω,
1646 2144 1698 2191 et
1734 2138 2034 2204 ΔοΙημεν

0 2225 10 2246 ‘·
45 2249 124 2263 —
154 2221 350 2290 δῴημεν
377 2263 391 2286 ,
423 2230 477 2276 et
514 2223 805 2285 Δέκετες
846 2254 922 2264 -
960 2225 1232 2289 δεκαετές,
1268 2223 1501 2288 Ἕλξει
1540 2256 1613 2264 -
1652 2226 1890 2290 ἕλκύσει,
1932 2228 2032 2283 Εἴ-

45 2305 247 2372 ξασιν
306 2343 380 2354 —-
434 2312 683 2375 ἐοίκασιν,
721 2311 935 2372 mucha
995 2344 1071 2354 —
1128 2313 1324 2375 ἐοικώς,
1368 2313 1617 2371 Ἱςοέναι
1677 2345 1751 2356 —-
1810 2316 2030 2384 ἱςοὶνειν,

31 2395 237 2452 ’Καλῶ
277 2429 350 2439 -
390 2398 621 2462 καλέσω,
663 2401 1062 2463 Κατεκαύθη
1098 2433 1171 2444 --
1209 2403 1566 2467 κατεκαύσθη,
1614 2406 2031 2475 Κατορῶρυκ-

27 2487 156 2541 ’ται
195 2517 271 2528 -
307 2488 660 2556 κατώρνκται,
710 2496 912 2554 Λῆμα
961 2519 1037 2531 -
1084 2497 1308 2557 λῆμμα,
1356 2495 1619 2546 Λοῦται
1670 2525 1744 2537 --
1789 2495 2031 2561 λούεται,

31 2580 410 2643 (Λογιεῒται
442 2577 839 2641 -λογίσεται,
880 2579 1200 2635 Ξενοδοκῶ
1243 2613 1315 2623 -
1352 2579 1630 2646 ξενοδοχῶ,
1671 2582 2030 2651 Ὀο-φρόμε·

30 2678 141 2723 τος
179 2694 256 2704 -—
292 2664 710 2732 ὅσφρησοὶμενος,
749 2666 1115 2734 Πεπραγῶς
1158 2699 1231 2710 --
1269 2668 1582 2736 πεπραχώς,
1616 2669 1919 2735 Πέτομαι
1955 2705 2031 2714 —

41 2749 311 2815 thanat,
352 2758 472 2807 Ποῖ
501 2784 575 2793 -
603 2758 731 2816 ποῦ,
773 2756 1200 2823 Πεντετηρίς,
1242 2757 1684 2812 Πεντέκλινον
1724 2765 1779 2813 et
1810 2758 1916 2815 alia
1954 2794 2030 2803 —-

39 2841 405 2907 τενταετηρίς,
461 2841 831 2905 πεντάκλινον,
872 2844 956 2898 nl
966 2864 1039 2909 ομ
1057 2864 1118 2898 αι
1161 2878 1235 2889 —-
1273 2849 1519 2911 πιοῦμαι,
1570 2849 1914 2910 Ῥιγῶντος
1953 2881 2031 2892 --

42 2927 299 2996 {trofini-04·
353 2937 406 2983 et
458 2937 679 2995 Ῥιγῶν
718 2963 795 2974 -
832 2937 1034 3001 ῥιγοῦν,
1086 2936 1182 2989 Σὶἐ
1222 2964 1298 2974 -
1335 2938 1480 2999 σῶα,
1532 2936 1912 2999 Τιμήσεται
1953 2970 2028 2981 —-

41 3017 412 3081 τιμηθήσεται,
452 3023 647 3084 ’Τγιᾶ
685 3051 760 3061 ·-
802 3022 957 3087 ὑγιῆ,
997 3024 1262 3089 “sylem
1298 3053 1372 3063 —
1412 3017 1592 3088 ὗγεία,
1633 3030 1921 3089 Χαλκοῦς
1959 3059 2030 3071 -

39 3101 303 3171 χάλκεος,
344 3109 652 3172 Χαμᾶθεν
677 3110 1034 3177 -χαμόθεν,
1076 3117 1377 3180 Ψυχῆναι
1419 3142 1493 3152 -
1531 3114 2030 3187 ψνγῆναι,31ἰᾶᾳυθ

42 3191 341 3262 permulta,
381 3211 518 3266 quae
550 3196 601 3250 in
626 3198 876 3252 omnibus
900 3198 1058 3254 Codd.
1085 3200 1227 3255 inter
1246 3216 1303 3254 se
1324 3198 1578 3254 confundi
1605 3203 2027 3274 permiscerique

41 3277 218 3332 sciunt
261 3297 475 3348 omneS,
524 3292 578 3339 ct
621 3286 674 3339 in
717 3286 904 3341 multis
943 3289 1043 3359 ipsi
1092 3304 1249 3360 saepe
1289 3286 1807 3354 demonstravimus,
1862 3290 2028 3344 veluti

42 3362 98 3418 in
134 3367 464 3435 ἀχθέσομαι,
502 3373 731 3437 δέκετες,
772 3380 948 3440 καλῶ,
982 3380 1199 3440 λοῦται,
1233 3374 1500 3439 ξενοδοκῶ,
1545 3385 1657 3440 ποῖ,
1702 3379 2023 3446 πεντετηρίς,

40 3453 313 3520 ριγῶντος,
357 3458 560 3522 ὑγίεια,
603 3468 878 3530 χαλκοῦς,
917 3465 1184 3530 χαμᾶθεν.
1267 3464 1436 3531 Quam
1475 3482 1631 3537 saepe
1673 3466 1724 3518 in
1764 3465 1922 3520 Codd.
1955 3466 2025 3522 le-

41 3547 248 3610 guntur
288 3542 518 3610 formae,
557 3550 733 3621 qualis
772 3557 855 3605 cst
893 3552 1199 3616 λογίσεται,
1250 3552 1413 3606 veluti
1450 3554 1774 3622 ψηφισεσθε,
1811 3555 2023 3622 χαρίσε-

40 3646 158 3691 ται,
212 3647 344 3700 quas
393 3641 567 3690 tamen
620 3641 927 3709 sequiorum
984 3639 1166 3695 sordes
1216 3657 1331 3695 esse
1379 3648 1587 3695 constat
1639 3642 1779 3695 inter
1818 3658 2021 3700 omnes,
