2436 4068
1055 183 1163 234 579

117 336 299 395 χεῖρας
334 325 639 387 ἀνέσεισαν,
698 327 750 379 in
804 326 1059 379 Vossiano
1108 325 1299 380 Codice
1340 325 1491 380 video
1537 335 1788 394 παρεῖκαν
1830 332 2090 402 seriptum

117 433 270 478 esse,
323 415 376 467 in
430 431 535 485 quo
584 422 836 480 παρεῖσαν
878 413 1043 467 latere
1092 415 1352 484 suspicor.
1434 415 1587 486 Apud
1639 417 1881 490 Thueyd.
1919 420 1960 472 I.
2007 425 2096 474 76.

117 505 160 557 εἶ
192 505 361 570 ἀρχήν
399 523 459 556 τε
498 502 754 565 διδομένην
794 500 1084 565 ἐδεξάμεθα
1124 502 1211 554 καὶ
1244 503 1441 565 ταύτην
1480 505 1554 569 μη
1607 506 1890 570 ἀνεῖμεν
1941 508 1997 560 in
2036 507 2096 561 li-

118 592 230 646 bris
280 598 363 644 est
399 589 611 654 οἳνιμεν,
664 590 831 643 etiam
876 590 928 643 in
985 588 1271 652 Vossiano,
1312 590 1626 662 pervulgato
1663 610 1862 648 errore.
1941 596 2098 666 Apud

118 678 348 733 eundem
385 678 424 732 1.
472 681 597 731 159.
674 675 1071 741 Λακεδαιμόνιοι
1107 677 1385 740 βούλονται
1433 680 1526 740 την
1576 682 1767 748 εἰρήνην
1817 679 1964 737 εἶναι.
2018 683 2095 745 εἴη

118 769 161 822 δ’
194 766 260 821 ἂν
294 767 337 820 εἰ
377 766 494 825 τοὺς
525 765 792 826 Ἕλληνας
846 764 1155 829 αὐτονόμους
1203 766 1490 832 ἀφεῖτε,
1547 768 1637 821 alii
1678 768 1802 823 libri
1844 770 2099 825 exhibent

116 857 327 923 ἀφῆτε,
385 852 615 907 conflata
676 860 903 923 utraque
955 852 1226 922 scriptura
1283 852 1507 919 ἀφείητε
1565 856 1930 925 reponendum
1984 876 2100 915 esse

116 959 323 996 censeo.
401 941 462 994 In
503 940 780 1011 Euripidis
820 940 945 994 Ione
985 957 1062 994 vs,
1102 944 1263 994 1170.
1306 939 1429 993 libri
1463 958 1649 996 omnes
1689 946 1999 1016 conspirant
2039 949 2094 1002 in

117 1028 342 1085 lectione
383 1035 439 1083 et
479 1028 706 1083 lacuna:
761 1031 826 1089 ὡς
876 1030 919 1082 δ’
956 1030 1154 1091 ἀνῑῐσαν
1209 1028 1381 1091 ἦδονην
1426 1028 1451 1052 *
1491 1030 1512 1053 *
1553 1034 1813 1097 παρελθὼν
1866 1034 2095 1100 πρέσβυς

116 1118 223 1172 κτὲ.
275 1124 422 1171 recte
469 1117 573 1171 viri
614 1116 756 1170 docti
799 1118 1012 1172 ἀνεῖσαν
1063 1123 1401 1170 revocarunt.
1480 1116 1753 1173 Lacunam
1807 1121 1886 1174 sic
1926 1124 2097 1194 exple-

117 1205 309 1260 verim:
346 1206 412 1266 ὦς
452 1206 495 1259 δ’
528 1206 740 1260 ἀνεῖσαν
771 1206 943 1267 ἡδονὴν
983 1203 1198 1277 (δαιτὸς)
1241 1206 1540 1271 παρελθών,
1580 1206 1636 1260 id
1667 1216 1779 1262 est:

415 1293 585 1360 αὐτὰρ
618 1292 730 1347 ἐπεὶ
764 1293 936 1352 πόσιος
975 1292 1063 1346 καὶ
1106 1291 1311 1353 ἐδητύος
1352 1290 1411 1355 ἐξ
1449 1292 1551 1360 ἔρον
1588 1293 1718 1350 ἕντο.

192 1380 252 1436 In
306 1380 506 1438 Hellen.
542 1380 654 1435 Vll.
696 1396 745 1436 v.
788 1383 839 1435 8.
895 1382 947 1435 ἐν
998 1381 1345 1450 ἀσφαλες-ἔρῳ
1398 1402 1456 1435 τε
1514 1381 1570 1446 ἦν
1632 1385 1720 1443 καὶ
1782 1393 1890 1447 τοῖς
1943 1399 2098 1441 πολε-

118 1470 252 1534 μίοις
289 1470 342 1525 ἐν
381 1469 666 1537 ἀδηλοτέρῳ
703 1467 735 1523 ὅ
768 1490 819 1523 τι
856 1468 1171 1537 πράττοιτο,
1225 1469 1621 1525 emendandum
1658 1479 1740 1528 est
1772 1470 1804 1527 δ’
1838 1495 1887 1528 τι
1931 1475 2120 1546 πράτ.Υ

117 1576 229 1620 τοι,
286 1574 412 1614 nam
460 1573 651 1615 sensus
701 1564 818 1612 est:
875 1558 989 1628 ipse
1028 1557 1427 1629 Epaminondas
1471 1561 1523 1613 ἐν
1577 1561 1861 1630 ἀδηλοτέρῳ
1896 1561 1952 1626 ἦν
1991 1572 2097 1624 τοῖς

117 1646 380 1711 πολεμίοις
423 1645 500 1720 (id
535 1653 616 1701 est
646 1649 856 1711 μᾶλλον
891 1648 1010 1709 τοὺς
1050 1649 1325 1715 πολεμίους
1365 1647 1719 1720 ἐλάνθανεν)
1699 1646 1730 1703 o'
1768 1670 1819 1704 τι
1860 1651 2095 1719 πράττοι.

114 1734 376 1806 Compara
426 1734 602 1789 locum
658 1737 711 1790 in
771 1734 1060 1808 Cyropaed.
1101 1736 1245 1791 VIII.
1287 1754 1322 1791 1.
1382 1741 1468 1791 16.
1528 1737 1614 1791 δια
1666 1737 1724 1791 τὸ
1783 1740 1964 1795 εἰδέναι
2017 1739 2094 1796 ὅτι

116 1824 284 1890 Ορῷντ
319 1823 384 1877 ἂν
417 1843 442 1877 0
481 1843 533 1878 ΤΙ
574 1843 864 1891 rpoervoeed.

188 1910 301 1967 Non
351 1919 433 1966 est
485 1927 616 1969 sana
667 1911 824 1966 lectio
867 1910 976 1965 v11.
1019 1929 1067 1966 V.
1116 1916 1202 1967 10.
1257 1915 1280 1967 ὅ
1320 1914 1642 1980 Ἀγησίλαος
1703 1914 1830 1983 ἔφθη
1885 1919 1957 1978 εἰς
2004 1920 2096 1981 τὴν

113 1997 263 2053 πόλιν
315 2001 659 2063 ἀπελθών,
715 2000 930 2072 requiro
981 2000 1289 2057 ἐπανελθών.
1384 2002 1580 2056 Contra
1621 2002 1733 2059 Vll.
1777 2020 1825 2058 v.
1866 2009 1952 2059 18.
2005 2009 2097 2064 οὐκ

113 2087 269 2145 ἐδόκει
308 2089 450 2155 αὐτῷ
486 2089 697 2143 δυνατὸν
737 2085 865 2142 εἶναι
906 2089 1113 2155 ἀμαχεὶ
1156 2091 1556 2158 παρελθεῖν,
1593 2107 1697 2148 non
1733 2100 1814 2149 est
1854 2094 1932 2147 rei
1971 2111 2095 2150 con·

115 2175 331 2232 veniens
365 2174 586 2230 verbum
629 2178 902 2243 παρελθεῖν
942 2175 1035 2231 sed
1070 2179 1335 2234 ἀπελθεῖν.
1413 2177 1813 2249 Epaminondas
1855 2181 2001 2238 nulla
2037 2200 2097 2240 re

114 2270 265 2336 gesta
301 2263 447 2318 abire
481 2262 726 2329 nolebat,
767 2263 1046 2334 Agesilaus
1085 2282 1299 2324 summa
1332 2283 1430 2338 ope
1469 2268 1775 2338 properavit
1810 2269 1863 2322 in
1907 2269 2097 2328 urbem

115 2352 304 2408 redire.
396 2351 799 2410 Eiusdemmodi
860 2352 1103 2411 confusio
1154 2361 1239 2410 est
1279 2356 1322 2412 1.
1371 2372 1460 2410 vn.
1522 2359 1570 2409 1.
1631 2356 1686 2410 in
1743 2357 1947 2413 verbis:
2007 2362 2098 2415 οὐκ

113 2442 341 2503 ἀπῆλθον
380 2442 450 2502 εἷς
492 2442 743 2505 Ἀθήνας,
783 2457 973 2496 sensus
1013 2448 1121 2497 est:
1164 2442 1396 2498 Athenas
1428 2461 1530 2498 non
1563 2445 1864 2511 redierunt,
1905 2446 1998 2501 sed
2039 2448 2096 2502 in

112 2527 362 2585 exsilium
407 2528 549 2583 ultro
602 2528 885 2587 ablerunt:
948 2530 1129 2601 itaque
1182 2532 1464 2593 ἐπανῆλθον
1507 2533 1821 2604 nequiritur.
1901 2535 2097 2592 Contra

113 2616 293 2672 1V.v.
336 2621 388 2673 8.
443 2634 538 2690 pro
589 2597 719 2672 διιων
769 2618 820 2673 δὲ
874 2620 956 2673 ἐπ’
1008 2617 1141 2673 οἴκου
1199 2619 1330 2676 latet
1381 2621 1436 2676 in
1490 2630 1706 2677 ΔΠΩΝ
1759 2639 1884 2677 vera
1937 2623 2095 2680 lectio

111 2713 384 2770 ΔΠΙΩΝ,
422 2708 586 2763 ἀπιὼν
625 2707 677 2762 δὲ
717 2708 799 2760 ἐπ’
835 2706 984 2762 οἴκου·
1063 2706 1139 2762 Cf.
1182 2707 1269 2763 VI.
1312 2725 1380 2764 lv.
1424 2712 1531 2775 26,
1571 2717 1625 2765 et
1668 2713 1756 2765 27.

187 2793 321 2850 ibid.
361 2794 473 2851 vll.
518 2811 563 2849 v,
610 2799 694 2850 16.
751 2796 891 2851 οὐδὲν
938 2795 1129 2850 τούτων
1185 2797 1561 2863 ἐπελογίσαντο
1619 2797 1946 2855 Schneidero
2002 2801 2094 2855 ol)-

115 2889 469 2956 temperatum
507 2884 740 2955 oportuit
794 2883 1072 2941 verissime
1122 2885 1502 2951 ὑπελογίσαντο
1551 2887 1878 2945 emendanti.
1958 2889 2095 2944 Fru-

113 2978 226 3027 stra
266 2970 575 3042 obloquitur
615 2970 922 3027 Dindorlitns
966 2971 1193 3029 testibus
1230 2974 1484 3040 credenS‚
1525 2977 1618 3048 qui
1658 2976 1811 3030 citati
1854 2984 1949 3032 aut
1990 2995 2094 3032 non

113 3058 509 3131 respondebunt
544 3066 637 3114 aut
669 3058 801 3114 nihil
839 3058 1036 3115 dicent.
1116 3060 1260 3117 Nihil
1296 3063 1443 3118 aliud
1478 3065 1532 3119 in
1571 3063 1665 3120 tali
1694 3081 1755 3120 re
1784 3063 1891 3119 dici
1923 3074 2097 3137 potest

113 3162 274 3218 quam
307 3148 445 3204 οὐδὲν
485 3147 861 3215 ύπολογίζομαι
898 3155 952 3203 et
991 3148 1170 3205 οὐδένα
1216 3150 1471 3217 ὑπόλογον
1513 3156 1796 3218 ποιοῦμαι,
1843 3152 1933 3208 ubi
1973 3155 2095 3225 quis

113 3232 314 3290 dieitur
354 3234 406 3290 id
445 3235 586 3308 quod
624 3235 812 3307 agebat
854 3251 1108 3307 peragere
1147 3238 1296 3293 nulla
1333 3241 1536 3295 ratione
1575 3241 1751 3297 habita
1785 3257 1969 3296 earum
2014 3258 2094 3296 re-

118 3338 275 3385 rum,
312 3340 450 3394 quae
489 3324 654 3380 alium
708 3323 934 3381 fortasse
975 3326 1208 3383 retinere
1245 3336 1339 3383 aut
1378 3329 1641 3402 impedire
1677 3336 1772 3384 aut
1818 3328 2094 3387 retardare

119 3411 429 3480 potuissent.
511 3413 589 3468 Ex
634 3413 915 3485 permultis
960 3414 1219 3487 exemplis
1259 3418 1391 3473 satis
1443 3419 1549 3474 erit
1594 3435 1760 3473 unum
1804 3418 2097 3488 inspexisse

117 3497 171 3550 iu
213 3497 583 3556 Demosthenis
634 3501 782 3558 Orat.
825 3501 890 3557 tle
941 3502 1142 3559 Corona
1191 3507 1220 3576 §
1263 3510 1384 3563 124.
1439 3507 1596 3573 μηδὲν
1655 3505 1718 3561 ὦν
1780 3506 2007 3568 ἠδίκησθε
2044 3507 2095 3562 ἐν

113 3583 182 3645 οἷς
229 3586 527 3649 ἐπιςεύθητε
579 3590 1027 3657 ὑπολογισάμενοι.
