2436 4068
1285 206 1353 255 52

335 349 588 407 Aristidis
623 349 733 416 περὶ
768 353 856 403 τοῦ
892 348 1347 417 παραφόέγματος
1382 348 1447 401 lI.
1471 365 1522 418 p.
1550 352 1690 402 587:
1732 348 1818 402 καὶ
1840 349 2092 418 κωμῳδοῖς
2114 349 2209 416 μέν
2234 380 2309 390 -

332 439 424 494 ἴδοι
461 460 541 500 τις
579 441 641 494 ἂν
678 436 765 492 καὶ
801 438 917 497 τοὺς
951 435 1274 501 ἀγωνοθέτας
1308 434 1394 489 καὶ
1433 435 1548 494 τοὺς
1585 435 1775 495 θεατάς
1812 437 2192 505 ἐπιχωροῦντας
2223 459 2305 504 μι-

332 527 445 594 κρόν
480 549 529 581 τι
565 526 676 592 περὶ
712 526 878 579 αὑτῶν
918 524 1220 589 παραβῆναι
1250 523 1336 577 καὶ
1360 522 1615 584 πολλάκις
1649 523 2002 591 ἀφελόντες
2032 527 2097 581 τὸ
2132 547 2309 595 προσ·

333 622 551 670 ωπεῖον
597 612 802 679 μεταξὺ
833 619 925 673 τῆς
965 610 1176 672 Μούσης
1222 607 1278 672 ἣν
1321 611 1664 677 ὑποκρίνονται
1707 612 2045 678 δημηγοροῦσι
2087 621 2307 679 σεμνῶς.

333 703 412 757 sic
458 702 627 772 igitur
673 700 878 754 Chorus
930 700 1020 761 τὴν
1069 700 1251 761 σκευὴν
1295 699 1488 759 ἀποδὺς
1537 698 1741 766 παρέβη
1796 699 1918 765 πρὸς
1965 701 2023 754 τὸ
2079 701 2309 768 θέατρον,

330 791 580 860 cavitque
621 786 804 842 sedulo
843 802 911 839 ne
963 785 1092 856 quid
1139 785 1241 840 sibi
1283 793 1723 841 ornamentorum
1761 787 1967 840 interea
2013 786 2158 842 furto
2195 806 2312 843 sur-

331 878 618 948 riperetur.
709 873 1073 945 Compositum
1127 873 1442 942 παραδόντες
1490 875 1547 927 in
1596 874 1952 945 Aristophane
2003 875 2086 930 vel
2138 877 2311 932 solum

331 965 525 1018 vitium
561 962 769 1033 arguit:
805 978 977 1033 neque
1010 963 1156 1016 enim
1187 962 1502 1029 παραδόντες
1535 969 1640 1022 τοῖς
1673 963 1958 1024 ἀκολούθοις
1988 970 2199 1019 rectum
2232 972 2316 1020 est

333 1068 507 1123 neque
555 1049 867 1111 ἀποδόντες,
930 1050 1228 1120 requiritur
1281 1049 1507 1120 simplex
1555 1050 1743 1103 δοῦναι.
1847 1045 2312 1123 In'Theophrasti

332 1140 603 1194 Charactt.
635 1137 757 1192 XXI
791 1136 1049 1192 edebatur
1078 1137 1227 1191 olim:
1266 1138 1353 1191 καὶ
1385 1137 1696 1202 πομπεύσας
1731 1138 1783 1191 δὲ
1810 1138 1954 1203 μετὰ
1982 1140 2080 1193 τῶν
2115 1140 2312 1195 ἱππέων

329 1228 400 1283 τά
444 1227 539 1292 μὲν
585 1224 735 1280 ἄλλα
775 1224 954 1279 πάντα
993 1226 1268 1280 ἀποδοῦναι
1309 1226 1378 1293 τῷ
1429 1226 1572 1280 παιδὶ
1611 1227 1923 1291 ἀπενεγκεῖν
1969 1226 2142 1282 οἴκαδε
2185 1230 2312 1283 ἀνα·

327 1314 621 1382 βαλόμενος
661 1314 712 1368 δὲ
746 1312 1000 1378 θοιμάτιον
1033 1315 1104 1375 εἷς
1135 1315 1226 1376 τὴν
1260 1313 1457 1380 ἀγοροὶν
1487 1320 1816 1380 περιπατεῖν;
1859 1330 1996 1386 quae
2026 1315 2080 1368 in
2111 1317 2312 1387 optimo

329 1402 521 1459 Codice
554 1402 813 1456 Vaticano
854 1402 932 1455 sic
973 1401 1174 1472 scripta
1215 1418 1331 1455 esse
1371 1400 1503 1455 vidi:
1545 1401 1616 1455 τα
1655 1402 1750 1467 μὲν
1791 1400 1942 1456 ἄλλα
1981 1403 2162 1458 πάντα
2202 1406 2312 1459 δοῦ-

329 1513 411 1547 ναι
461 1492 530 1558 τῷ
579 1490 724 1544 παιδὶ
774 1491 1084 1554 ἀπενεγκεῖν
1133 1488 1327 1554 οἴκαδε,
1376 1488 1811 1556 ἀναβαλλόμενος
1863 1490 1915 1544 δὲ
1956 1490 2212 1557 θοιμάτιον
2260 1494 2311 1547 ἐν

327 1586 431 1640 τοῖς
484 1578 663 1646 μύωψι
722 1576 865 1631 κατά
914 1578 1006 1639 τὴν
1053 1578 1250 1644 ἀγορὰν
1300 1584 1631 1646 περιπατεῖν,
1695 1593 1831 1648 quae
1882 1578 2311 1649 praeclarissima

327 1673 456 1722 sunt
504 1674 556 1720 et
597 1665 851 1736 graphice
890 1671 987 1719 τῶν
1027 1666 1465 1735 μικροφιλοτίμων
1515 1665 1746 1737 ineptias
1785 1664 2128 1732 describunt,
2175 1683 2311 1739 quas

326 1756 469 1825 ipsas
508 1752 771 1823 hodieque
813 1753 868 1804 in
910 1751 1011 1806 hac
1052 1754 1168 1823 ipsa
1207 1771 1266 1808 re
1308 1753 1546 1808 suaviter
1584 1753 1762 1808 ridere
1805 1753 2054 1809 solemus.
2146 1755 2310 1827 Equi·

327 1842 447 1896 dem
482 1857 639 1911 saepe
673 1839 784 1893 vidi
822 1838 1066 1907 ἀνδράρια
1106 1842 1299 1902 οὐδενὸς
1339 1841 1468 1904 ἀξια
1509 1843 1607 1896 ὑπὸ
1637 1842 2094 1911 μικροφιλοτιμιάς
2123 1844 2174 1898 ἐν
2204 1850 2310 1905 τοῖς

322 1931 500 1997 μύωψι
542 1931 948 1994 περιπατοῦντα.
1029 1927 1333 1999 Singularis
1376 1935 1429 1984 et
1471 1928 1803 1984 incredibilis
1843 1935 1926 1983 est
1961 1930 2018 1983 in
2058 1929 2143 1984 his
2171 1931 2311 1986 Astii

322 2016 556 2085 ἀκρισία,
597 2015 691 2086 qui
731 2018 803 2074 εἰς
843 2017 935 2077 την
975 2017 1172 2083 ἀγοράν
1213 2024 1517 2084 περιπατεῖν
1560 2018 1758 2071 retinet
1798 2023 1851 2072 et
1891 2018 1943 2070 ἐν
1983 2024 2088 2079 τοῖς
2128 2019 2307 2088 μύωψι

325 2112 649 2175 »suspectum
692 2101 901 2156 habet.''
979 2103 1126 2157 Idem
1169 2110 1351 2158 tamen
1392 2107 1560 2160 δοῦναι
1601 2108 1671 2174 τῷ
1709 2105 1858 2160 παιδί
1897 2122 1994 2176 pro
2031 2107 2307 2165 ἀποδοῦναι

323 2194 550 2262 recepit:
600 2188 850 2260 equidem
893 2192 972 2245 sic
1013 2198 1308 2261 utrumque
1357 2193 1729 2248 coniunxerim
1779 2198 1841 2246 ut
1890 2192 2188 2249 scribatur:
2236 2196 2308 2249 τα

320 2281 415 2346 μὲν
449 2277 598 2333 ἀλλα
638 2275 818 2331 πάντα
857 2281 1108 2333 ἀποδῦναι
1150 2278 1236 2332 καὶ
1269 2281 1436 2334 δοῦναι
1477 2282 1547 2349 τῷ
1577 2280 1723 2335 παιδὶ
1767 2283 2077 2345 ἀπενεγκεῖν
2117 2281 2305 2338 οἴκαδε.

317 2367 636 2422 Rectissime
677 2381 850 2436 nuper
878 2366 1220 2436 Hirschigius
1254 2366 1389 2419 vidit
1431 2368 1777 2439 participium
1812 2369 2047 2430 καταδύς
2078 2369 2308 2426 absurdo

318 2455 684 2510 additamento
724 2454 936 2508 onerari
977 2455 1032 2508 in
1079 2453 1317 2508 Platonis
1359 2454 1647 2510 Theaeteto
1687 2473 1738 2527 p.
1767 2461 1890 2510 171.
1926 2457 1987 2510 D.
2028 2458 2072 2511 εἰ
2112 2459 2308 2513 αὐτίκα

318 2543 545 2598 ἐντεῦθεν
579 2540 865 2608 ἀνακύψειε
900 2541 1058 2609 μέχρι
1097 2546 1185 2596 τοῦ
1216 2541 1435 2610 αὐχένος
1465 2575 1541 2584 —-
1569 2545 1802 2606 καταδὺς
1837 2545 1900 2600 ἂν
1929 2543 2120 2613 οἴχοιτο
2158 2546 2306 2618 [ἀπο-

318 2630 560 2703 τρέχων]
616 2629 793 2696 Quum
823 2628 997 2699 pisces
1021 2629 1224 2697 τρέχειν
1250 2632 1552 2702 inceperint
1581 2632 1885 2700 ἀποτρέχων
1915 2633 2305 2689 revocabimus.

319 2718 583 2773 Adiiciam
633 2733 803 2791 unum
863 2717 1166 2788 exemplum
1219 2717 1310 2771 ubi
1359 2718 1622 2784 ε’δυσάμην
1674 2720 1812 2774 male
1866 2720 2010 2792 apud
2062 2722 2302 2777 Atticum

321 2806 640 2876 scriptorem
689 2804 889 2874 legitur
933 2811 986 2858 et
1034 2806 1110 2859 sic
1161 2804 1228 2859 ad
1272 2805 1626 2860 Menandrum
1666 2814 1927 2863 revertar.
2009 2808 2072 2862 In
2114 2809 2305 2882 Lysiae

321 2893 624 2963 fragmento
647 2897 716 2946 45
738 2891 959 2962 legitur:
990 2894 1294 2960 ’Ἄρχιππος
1324 2893 1430 2960 γάρ
1460 2895 1626 2948 οὑτοσὶ
1657 2896 1959 2951 ἀπεδύσατο
1988 2897 2183 2970 μὲνεῖς
2212 2899 2304 2960 την

322 2982 484 3042 αὐτὴν
524 2981 826 3046 παλαίςραν
874 2978 1027 3048 οὗπερ
1070 2981 1156 3035 καὶ
1199 2987 1350 3042 Τῖσις
1393 2982 1416 3034 ὃ
1458 2983 1673 3050 φεύγων
1712 2985 1805 3046 την
1845 2984 2012 3050 δίκην,
2060 3001 2147 3039 res
2187 2986 2304 3057 ipsa

323 3068 519 3126 clamat
541 3066 914 3137 imperfectum
939 3068 1343 3122 rescribendum
1368 3085 1483 3124 esse
1502 3071 1756 3125 ἀπεδύετο
1779 3078 1832 3126 et
1852 3068 1992 3138 οἷπερ
2012 3089 2108 3143 pro
2129 3070 2301 3141 οὗπερ,

395 3156 544 3216 Inter
582 3155 903 3210 Menandrea
934 3156 1190 3227 leguntur
1228 3155 1360 3210 haec
1400 3173 1428 3210 e
1464 3156 1609 3211 Stoh.
1650 3158 1762 3219 Ecl.
1786 3158 2000 3232 Physic.
2023 3159 2063 3213 Ι.
2090 3165 2138 3215 9.

607 3241 656 3296 »ὦ
699 3243 904 3296 δέσποτ’
945 3242 1110 3307 bivang,
1151 3243 1226 3302 ἔςι
1266 3250 1370 3317 τοῖς
1412 3250 1589 3313 σοφοῖς
1630 3247 1822 3313 βροτῶν

621 3330 783 3398 χρόνῳ
818 3334 1116 3387 σκοπεῖσθαι
1159 3341 1250 3395 τῆς
1291 3333 1537 3394 ἀληθεΙας
1574 3333 1711 3400 πέρι.

320 3436 455 3489 quae
491 3436 593 3473 non
628 3436 743 3473 esse
771 3419 973 3473 Comici
1006 3419 1179 3490 palam
1222 3428 1319 3475 est.
1369 3421 1568 3475 Critiae
1608 3421 1915 3492 suspicatur
1948 3438 2064 3477 esse
2103 3422 2295 3480 Meine-

317 3506 470 3566 liius,
526 3508 616 3578 qui
658 3506 829 3561 labem
872 3507 1066 3577 prioris
1102 3509 1300 3562 senarii
1333 3508 1398 3564 de
1438 3509 1685 3564 Heerenii
1723 3509 2024 3574 sententia,
2066 3509 2296 3567 infelicis

316 3596 662 3660 coniectoris,
717 3596 791 3651 ita
841 3595 1031 3650 sarciri
1081 3596 1194 3651 vult
1239 3603 1301 3652 ut
1343 3596 1631 3653 scribatur:
1684 3592 1718 3650 ὦ
1770 3596 1974 3653 δέσποτ’
2024 3595 2192 3664 ὦναξ,
2241 3609 2298 3655 at
