<?xml version="1.0" encoding="UTF-8"?>
<!DOCTYPE html PUBLIC "-//W3C//DTD XHTML 1.0 Transitional//EN"
    "http://www.w3.org/TR/xhtml1/DTD/xhtml1-transitional.dtd">
<html xmlns="http://www.w3.org/1999/xhtml" xml:lang="en" lang="en">
 <head>
  <title>
</title>
<meta http-equiv="Content-Type" content="text/html;charset=utf-8" />
  <meta name='ocr-system' content='tesseract 3.04.00' />
  <meta name='ocr-capabilities' content='ocr_page ocr_carea ocr_par ocr_line ocrx_word'/>
</head>
<body>
  <div class='ocr_page' id='page_1' title='image "./novaelectionesqu00cobeuoft/novaelectionesqu00cobeuoft_0739.png"; bbox 0 0 2436 4068; ppageno 0'>
   <div class='ocr_carea' id='block_1_1' title="bbox 985 201 1092 251">
    <p class='ocr_par' dir='ltr' id='par_1_1' title="bbox 985 201 1092 251">
     <span class='ocr_line' id='line_1_1' title="bbox 985 201 1092 251; baseline 0 -1"><span class='ocrx_word' id='word_1_1' title='bbox 985 201 1092 251; x_wconf 80' lang='lat'><strong>705</strong></span> 
     </span>
    </p>
   </div>
   <div class='ocr_carea' id='block_1_2' title="bbox 0 342 2034 3590">
    <p class='ocr_par' dir='ltr' id='par_1_2' title="bbox 0 342 2020 518">
     <span class='ocr_line' id='line_1_2' title="bbox 0 342 2020 414; baseline -0.004 -9"><span class='ocrx_word' id='word_1_2' title='bbox 0 393 2 405; x_wconf 77' lang='grc'>,</span> <span class='ocrx_word' id='word_1_3' title='bbox 52 348 355 408; x_wconf 79' lang='lat' dir='ltr'><strong>uncialibus</strong></span> <span class='ocrx_word' id='word_1_4' title='bbox 404 353 619 402; x_wconf 88' lang='lat' dir='ltr'><strong>exarato</strong></span> <span class='ocrx_word' id='word_1_5' title='bbox 673 343 958 414; x_wconf 80' lang='lat' dir='ltr'>descripsit</span> <span class='ocrx_word' id='word_1_6' title='bbox 1010 349 1471 398; x_wconf 83' lang='grc' dir='ltr'><strong>ΕΠΙΣΤΑΜΟΤΙ</strong></span> <span class='ocrx_word' id='word_1_7' title='bbox 1526 342 1670 397; x_wconf 89' lang='lat' dir='ltr'><strong>aliud</strong></span> <span class='ocrx_word' id='word_1_8' title='bbox 1727 359 1892 414; x_wconf 84' lang='lat' dir='ltr'><strong>agens</strong></span> <span class='ocrx_word' id='word_1_9' title='bbox 1945 345 2020 397; x_wconf 86' lang='lat' dir='ltr'>sic</span> 
     </span>
     <span class='ocr_line' id='line_1_3' title="bbox 0 434 1795 518; baseline -0.007 -23"><span class='ocrx_word' id='word_1_10' title='bbox 0 434 3 518; x_wconf 66' lang='grc' dir='ltr'>ξ</span> <span class='ocrx_word' id='word_1_11' title='bbox 49 436 375 511; x_wconf 76' lang='lat' dir='ltr'><strong>depravavit.</strong></span> <span class='ocrx_word' id='word_1_12' title='bbox 1786 506 1795 514; x_wconf 30' lang='lat'><strong>.</strong></span> 
     </span>
    </p>

    <p class='ocr_par' dir='ltr' id='par_1_3' title="bbox 17 518 2034 1648">
     <span class='ocr_line' id='line_1_4' title="bbox 122 518 2021 593; baseline -0.003 -14"><span class='ocrx_word' id='word_1_13' title='bbox 122 525 298 580; x_wconf 86' lang='lat' dir='ltr'><strong>Verba</strong></span> <span class='ocrx_word' id='word_1_14' title='bbox 339 521 705 593; x_wconf 83' lang='lat' dir='ltr'>Xenophontis</span> <span class='ocrx_word' id='word_1_15' title='bbox 760 520 915 573; x_wconf 83' lang='lat' dir='ltr'><strong>Mem.</strong></span> <span class='ocrx_word' id='word_1_16' title='bbox 954 518 1024 572; x_wconf 91' lang='lat'><strong>11.</strong></span> <span class='ocrx_word' id='word_1_17' title='bbox 1070 535 1124 570; x_wconf 89' lang='lat'><strong>11.</strong></span> <span class='ocrx_word' id='word_1_18' title='bbox 1171 521 1256 571; x_wconf 75' lang='lat'><strong>12.</strong></span> <span class='ocrx_word' id='word_1_19' title='bbox 1300 519 1328 582; x_wconf 78' lang='grc' dir='ltr'>ἢ</span> <span class='ocrx_word' id='word_1_20' title='bbox 1370 519 1458 573; x_wconf 82' lang='grc' dir='ltr'><strong>καὶ</strong></span> <span class='ocrx_word' id='word_1_21' title='bbox 1510 526 1603 582; x_wconf 78' lang='grc' dir='ltr'><em>τῆς</em></span> <span class='ocrx_word' id='word_1_22' title='bbox 1651 521 1835 587; x_wconf 73' lang='grc' dir='ltr'><em>παρὰ</em></span> <span class='ocrx_word' id='word_1_23' title='bbox 1882 540 1951 574; x_wconf 89' lang='grc' dir='ltr'><strong>το</strong></span> <span class='ocrx_word' id='word_1_24' title='bbox 1972 521 2021 574; x_wconf 82' lang='grc' dir='ltr'><strong>ύ-</strong></span> 
     </span>
     <span class='ocr_line' id='line_1_5' title="bbox 38 605 2027 685; baseline -0.005 -17"><span class='ocrx_word' id='word_1_25' title='bbox 38 634 174 685; x_wconf 65' lang='grc' dir='ltr'><strong>των</strong></span> <span class='ocrx_word' id='word_1_26' title='bbox 230 612 426 670; x_wconf 78' lang='grc' dir='ltr'><em>εὐνοίας</em></span> <span class='ocrx_word' id='word_1_27' title='bbox 479 609 567 663; x_wconf 79' lang='grc' dir='ltr'><em>οἴει</em></span> <span class='ocrx_word' id='word_1_28' title='bbox 618 609 720 662; x_wconf 75' lang='grc' dir='ltr'><em>δεῖν</em></span> <span class='ocrx_word' id='word_1_29' title='bbox 761 607 1151 672; x_wconf 74' lang='grc' dir='ltr'><em>ἐπιμελεῖσθαι,</em></span> <span class='ocrx_word' id='word_1_30' title='bbox 1206 605 1482 660; x_wconf 84' lang='lat' dir='ltr'><strong>declarant</strong></span> <span class='ocrx_word' id='word_1_31' title='bbox 1531 607 1794 677; x_wconf 88' lang='lat' dir='ltr'><strong>quomodo</strong></span> <span class='ocrx_word' id='word_1_32' title='bbox 1849 624 2027 662; x_wconf 73' lang='lat' dir='ltr'><strong>enien-</strong></span> 
     </span>
     <span class='ocr_line' id='line_1_6' title="bbox 31 693 2025 772; baseline -0.003 -16"><span class='ocrx_word' id='word_1_33' title='bbox 31 702 168 770; x_wconf 59' lang='lat' dir='ltr'><strong>f-,dari</strong></span> <span class='ocrx_word' id='word_1_34' title='bbox 208 705 450 772; x_wconf 81' lang='lat' dir='ltr'><strong>oporteat</strong></span> <span class='ocrx_word' id='word_1_35' title='bbox 500 697 676 751; x_wconf 88' lang='lat' dir='ltr'><strong>locum</strong></span> <span class='ocrx_word' id='word_1_36' title='bbox 735 696 789 748; x_wconf 90' lang='lat' dir='ltr'><strong>in</strong></span> <span class='ocrx_word' id='word_1_37' title='bbox 843 693 1095 749; x_wconf 74' lang='lat' dir='ltr'><strong>Oratione</strong></span> <span class='ocrx_word' id='word_1_38' title='bbox 1138 693 1173 747; x_wconf 85' lang='grc' dir='ltr'><strong>Ι.</strong></span> <span class='ocrx_word' id='word_1_39' title='bbox 1233 697 1353 748; x_wconf 82' lang='grc' dir='ltr'><em>κατ’</em></span> <span class='ocrx_word' id='word_1_40' title='bbox 1403 697 1801 762; x_wconf 72' lang='grc' dir='ltr'><em>Ἀριςογείτονος</em></span> <span class='ocrx_word' id='word_1_41' title='bbox 1863 699 1892 767; x_wconf 83' lang='lat'>§</span> <span class='ocrx_word' id='word_1_42' title='bbox 1934 700 2025 750; x_wconf 87' lang='lat'><strong>64.</strong></span> 
     </span>
     <span class='ocr_line' id='line_1_7' title="bbox 32 782 2029 850; baseline -0.004 -7"><span class='ocrx_word' id='word_1_43' title='bbox 32 790 246 850; x_wconf 65' lang='grc' dir='ltr'><em>’πάντες</em></span> <span class='ocrx_word' id='word_1_44' title='bbox 298 784 432 841; x_wconf 82' lang='grc' dir='ltr'><em>οὗτοι</em></span> <span class='ocrx_word' id='word_1_45' title='bbox 487 787 748 843; x_wconf 74' lang='grc' dir='ltr'><em>σανεςὶἑσι.</em></span> <span class='ocrx_word' id='word_1_46' title='bbox 806 782 1116 849; x_wconf 74' lang='grc' dir='ltr'><em>προδέδοσθε.</em></span> <span class='ocrx_word' id='word_1_47' title='bbox 1177 784 1203 844; x_wconf 77' lang='grc' dir='ltr'><em>ἦ</em></span> <span class='ocrx_word' id='word_1_48' title='bbox 1265 785 1387 850; x_wconf 88' lang='grc' dir='ltr'><em>παρ’</em></span> <span class='ocrx_word' id='word_1_49' title='bbox 1447 783 1595 848; x_wconf 79' lang='grc' dir='ltr'><em>ἐμοὶ</em></span> <span class='ocrx_word' id='word_1_50' title='bbox 1654 783 1803 849; x_wconf 83' lang='grc' dir='ltr'><em>μόνον</em></span> <span class='ocrx_word' id='word_1_51' title='bbox 1861 783 2029 839; x_wconf 78' lang='grc' dir='ltr'><em>εὔνοια</em></span> 
     </span>
     <span class='ocr_line' id='line_1_8' title="bbox 24 868 2027 948; baseline -0.003 -15"><span class='ocrx_word' id='word_1_52' title='bbox 24 878 224 948; x_wconf 57' lang='lat' dir='ltr'><strong>fuxoni.</strong></span> <span class='ocrx_word' id='word_1_53' title='bbox 306 873 449 928; x_wconf 84' lang='lat' dir='ltr'>Fieri</span> <span class='ocrx_word' id='word_1_54' title='bbox 492 889 596 926; x_wconf 87' lang='lat' dir='ltr'><strong>non</strong></span> <span class='ocrx_word' id='word_1_55' title='bbox 639 877 812 942; x_wconf 86' lang='lat' dir='ltr'><strong>potest</strong></span> <span class='ocrx_word' id='word_1_56' title='bbox 852 871 981 942; x_wconf 89' lang='lat' dir='ltr'><strong>quin</strong></span> <span class='ocrx_word' id='word_1_57' title='bbox 1039 868 1231 923; x_wconf 89' lang='lat' dir='ltr'><strong>Orator</strong></span> <span class='ocrx_word' id='word_1_58' title='bbox 1268 871 1581 941; x_wconf 80' lang='lat' dir='ltr'>scripserit:</span> <span class='ocrx_word' id='word_1_59' title='bbox 1625 874 1653 935; x_wconf 81' lang='grc' dir='ltr'><strong><em>ἧ</em></strong></span> <span class='ocrx_word' id='word_1_60' title='bbox 1694 875 1817 940; x_wconf 83' lang='grc' dir='ltr'><em>παρ’</em></span> <span class='ocrx_word' id='word_1_61' title='bbox 1865 874 2027 937; x_wconf 80' lang='grc' dir='ltr'><em>ἐμοῦ</em></span> 
     </span>
     <span class='ocr_line' id='line_1_9' title="bbox 34 957 2025 1036; baseline -0.004 -15"><span class='ocrx_word' id='word_1_62' title='bbox 34 966 200 1036; x_wconf 76' lang='grc' dir='ltr'><em>,μόνον</em></span> <span class='ocrx_word' id='word_1_63' title='bbox 238 962 439 1024; x_wconf 78' lang='grc' dir='ltr'><em>εὔνοια,</em></span> <span class='ocrx_word' id='word_1_64' title='bbox 493 967 554 1013; x_wconf 92' lang='lat' dir='ltr'><strong>ut</strong></span> <span class='ocrx_word' id='word_1_65' title='bbox 597 959 763 1013; x_wconf 81' lang='lat' dir='ltr'><strong>Attici</strong></span> <span class='ocrx_word' id='word_1_66' title='bbox 805 974 991 1013; x_wconf 91' lang='lat' dir='ltr'><strong>omnes</strong></span> <span class='ocrx_word' id='word_1_67' title='bbox 1040 963 1351 1011; x_wconf 72' lang='lat' dir='ltr'><strong>constanter</strong></span> <span class='ocrx_word' id='word_1_68' title='bbox 1390 957 1703 1029; x_wconf 89' lang='lat' dir='ltr'><strong>loquuntur.</strong></span> <span class='ocrx_word' id='word_1_69' title='bbox 1784 960 1932 1014; x_wconf 85' lang='lat' dir='ltr'><strong>Plato</strong></span> <span class='ocrx_word' id='word_1_70' title='bbox 1973 961 2025 1014; x_wconf 89' lang='lat' dir='ltr'><strong>iu</strong></span> 
     </span>
     <span class='ocr_line' id='line_1_10' title="bbox 19 989 2029 1121; baseline -0.003 -12"><span class='ocrx_word' id='word_1_71' title='bbox 19 989 292 1112; x_wconf 33' lang='lat' dir='ltr'><strong>&amp;Phaedro</strong></span> <span class='ocrx_word' id='word_1_72' title='bbox 344 1066 394 1121; x_wconf 87' lang='lat' dir='ltr'><strong>p.</strong></span> <span class='ocrx_word' id='word_1_73' title='bbox 431 1051 557 1102; x_wconf 76' lang='lat'><strong>252.</strong></span> <span class='ocrx_word' id='word_1_74' title='bbox 597 1048 661 1102; x_wconf 85' lang='lat' dir='ltr'><strong>A.</strong></span> <span class='ocrx_word' id='word_1_75' title='bbox 720 1049 836 1102; x_wconf 72' lang='grc' dir='ltr'><em>ἀντὶ</em></span> <span class='ocrx_word' id='word_1_76' title='bbox 889 1055 982 1110; x_wconf 82' lang='grc' dir='ltr'><em>τῆς</em></span> <span class='ocrx_word' id='word_1_77' title='bbox 1038 1044 1185 1108; x_wconf 73' lang='grc' dir='ltr'><em>δόξης</em></span> <span class='ocrx_word' id='word_1_78' title='bbox 1235 1053 1329 1109; x_wconf 79' lang='grc' dir='ltr'><em>τῆς</em></span> <span class='ocrx_word' id='word_1_79' title='bbox 1384 1047 1529 1113; x_wconf 72' lang='grc' dir='ltr'><em>παρα</em></span> <span class='ocrx_word' id='word_1_80' title='bbox 1588 1049 1686 1101; x_wconf 77' lang='grc' dir='ltr'><strong>τῶν</strong></span> <span class='ocrx_word' id='word_1_81' title='bbox 1743 1049 2029 1115; x_wconf 70' lang='grc' dir='ltr'><em>ἀνθρώπων.</em></span> 
     </span>
     <span class='ocr_line' id='line_1_11' title="bbox 53 1132 2030 1211; baseline -0.003 -13.105"><span class='ocrx_word' id='word_1_82' title='bbox 23 1141 143 1202; x_wconf 81' lang='lat' dir='ltr'><strong>Sic</strong></span> <span class='ocrx_word' id='word_1_83' title='bbox 195 1155 352 1211; x_wconf 83' lang='lat' dir='ltr'>saepe</span> <span class='ocrx_word' id='word_1_84' title='bbox 401 1136 622 1203; x_wconf 86' lang='grc' dir='ltr'><em>τιμωρία</em></span> <span class='ocrx_word' id='word_1_85' title='bbox 675 1135 820 1204; x_wconf 72' lang='grc' dir='ltr'><em>παρά</em></span> <span class='ocrx_word' id='word_1_86' title='bbox 877 1154 1010 1194; x_wconf 83' lang='grc' dir='ltr'><em>τινος</em></span> <span class='ocrx_word' id='word_1_87' title='bbox 1051 1132 1254 1187; x_wconf 82' lang='lat' dir='ltr'><strong>dicitur</strong></span> <span class='ocrx_word' id='word_1_88' title='bbox 1293 1140 1344 1187; x_wconf 84' lang='lat' dir='ltr'><strong>et</strong></span> <span class='ocrx_word' id='word_1_89' title='bbox 1387 1135 1648 1202; x_wconf 84' lang='grc' dir='ltr'><em>ἐπικουρία</em></span> <span class='ocrx_word' id='word_1_90' title='bbox 1703 1141 1755 1188; x_wconf 82' lang='lat' dir='ltr'><strong>et</strong></span> <span class='ocrx_word' id='word_1_91' title='bbox 1788 1137 2030 1202; x_wconf 80' lang='grc' dir='ltr'><em>βοήθεια,</em></span> 
     </span>
     <span class='ocr_line' id='line_1_12' title="bbox 20 1220 2028 1296; baseline -0.003 -12"><span class='ocrx_word' id='word_1_92' title='bbox 20 1236 109 1290; x_wconf 56' lang='lat' dir='ltr'><strong>,flet</strong></span> <span class='ocrx_word' id='word_1_93' title='bbox 143 1230 340 1292; x_wconf 75' lang='grc' dir='ltr'><em>δεήσεις</em></span> <span class='ocrx_word' id='word_1_94' title='bbox 380 1231 434 1280; x_wconf 78' lang='lat' dir='ltr'><strong>et</strong></span> <span class='ocrx_word' id='word_1_95' title='bbox 472 1225 639 1294; x_wconf 82' lang='grc' dir='ltr'><em>φόβος</em></span> <span class='ocrx_word' id='word_1_96' title='bbox 675 1222 820 1291; x_wconf 71' lang='grc' dir='ltr'><em>παρα</em></span> <span class='ocrx_word' id='word_1_97' title='bbox 858 1243 1022 1285; x_wconf 87' lang='grc' dir='ltr'><em>τινος,</em></span> <span class='ocrx_word' id='word_1_98' title='bbox 1063 1220 1153 1275; x_wconf 89' lang='lat' dir='ltr'><strong>sed</strong></span> <span class='ocrx_word' id='word_1_99' title='bbox 1190 1222 1504 1293; x_wconf 83' lang='lat' dir='ltr'>saepissime</span> <span class='ocrx_word' id='word_1_100' title='bbox 1544 1222 1712 1277; x_wconf 81' lang='grc' dir='ltr'><em>εὔνοια</em></span> <span class='ocrx_word' id='word_1_101' title='bbox 1734 1263 1748 1285; x_wconf 93' lang='grc'><em>,</em></span> <span class='ocrx_word' id='word_1_102' title='bbox 1789 1230 1851 1278; x_wconf 83' lang='lat' dir='ltr'><strong>ut</strong></span> <span class='ocrx_word' id='word_1_103' title='bbox 1889 1224 2028 1296; x_wconf 85' lang='lat' dir='ltr'><strong>apud</strong></span> 
     </span>
     <span class='ocr_line' id='line_1_13' title="bbox 20 1310 2034 1383; baseline -0.004 -8"><span class='ocrx_word' id='word_1_104' title='bbox 20 1314 328 1378; x_wconf 45' lang='lat' dir='ltr'><strong>inemosth.</strong></span> <span class='ocrx_word' id='word_1_105' title='bbox 371 1313 436 1368; x_wconf 88' lang='lat' dir='ltr'>de</span> <span class='ocrx_word' id='word_1_106' title='bbox 474 1312 679 1367; x_wconf 87' lang='lat' dir='ltr'><strong>Corona</strong></span> <span class='ocrx_word' id='word_1_107' title='bbox 723 1314 753 1383; x_wconf 87' lang='lat'>§</span> <span class='ocrx_word' id='word_1_108' title='bbox 794 1316 846 1366; x_wconf 84' lang='lat'><strong>5.</strong></span> <span class='ocrx_word' id='word_1_109' title='bbox 887 1317 980 1373; x_wconf 78' lang='grc' dir='ltr'><em>τῆς</em></span> <span class='ocrx_word' id='word_1_110' title='bbox 1021 1311 1143 1376; x_wconf 89' lang='grc' dir='ltr'><em>παρ’</em></span> <span class='ocrx_word' id='word_1_111' title='bbox 1184 1311 1321 1374; x_wconf 84' lang='grc' dir='ltr'><em>ὑμῶν</em></span> <span class='ocrx_word' id='word_1_112' title='bbox 1363 1310 1557 1372; x_wconf 81' lang='grc' dir='ltr'><em>εὐνοίας</em></span> <span class='ocrx_word' id='word_1_113' title='bbox 1598 1311 1938 1379; x_wconf 83' lang='grc' dir='ltr'><em>διαμαρτεῖν,</em></span> <span class='ocrx_word' id='word_1_114' title='bbox 1979 1318 2034 1367; x_wconf 83' lang='lat' dir='ltr'><strong>et</strong></span> 
     </span>
     <span class='ocr_line' id='line_1_14' title="bbox 18 1387 2030 1471; baseline -0.004 -9"><span class='ocrx_word' id='word_1_115' title='bbox 18 1387 32 1443; x_wconf 39' lang='lat'><strong>³⁹</strong></span> <span class='ocrx_word' id='word_1_116' title='bbox 51 1406 177 1463; x_wconf 84' lang='lat' dir='ltr'><strong>alibi</strong></span> <span class='ocrx_word' id='word_1_117' title='bbox 220 1407 250 1469; x_wconf 81' lang='grc' dir='ltr'><em>ἧ</em></span> <span class='ocrx_word' id='word_1_118' title='bbox 291 1402 437 1471; x_wconf 70' lang='grc' dir='ltr'><em>παρὰ</em></span> <span class='ocrx_word' id='word_1_119' title='bbox 475 1402 594 1455; x_wconf 80' lang='grc' dir='ltr'><em>θεῶν</em></span> <span class='ocrx_word' id='word_1_120' title='bbox 633 1399 819 1455; x_wconf 83' lang='grc' dir='ltr'><em>εὔνοια.</em></span> <span class='ocrx_word' id='word_1_121' title='bbox 900 1397 1097 1453; x_wconf 84' lang='lat' dir='ltr'><strong>Eodem</strong></span> <span class='ocrx_word' id='word_1_122' title='bbox 1143 1397 1298 1452; x_wconf 89' lang='lat' dir='ltr'><strong>modo</strong></span> <span class='ocrx_word' id='word_1_123' title='bbox 1337 1399 1359 1452; x_wconf 85' lang='grc' dir='ltr'><em>ὂ</em></span> <span class='ocrx_word' id='word_1_124' title='bbox 1400 1401 1523 1466; x_wconf 86' lang='grc' dir='ltr'><em>παρ’</em></span> <span class='ocrx_word' id='word_1_125' title='bbox 1565 1400 1688 1465; x_wconf 79' lang='grc' dir='ltr'><em>ἐμοῦ</em></span> <span class='ocrx_word' id='word_1_126' title='bbox 1742 1401 1899 1466; x_wconf 73' lang='grc' dir='ltr'><em>λόγος</em></span> <span class='ocrx_word' id='word_1_127' title='bbox 1954 1400 2030 1454; x_wconf 88' lang='lat' dir='ltr'><strong>di-</strong></span> 
     </span>
     <span class='ocr_line' id='line_1_15' title="bbox 17 1469 2028 1557; baseline -0.003 -7"><span class='ocrx_word' id='word_1_128' title='bbox 17 1469 244 1551; x_wconf 56' lang='lat' dir='ltr'><strong>&#39;fuebant</strong></span> <span class='ocrx_word' id='word_1_129' title='bbox 283 1498 339 1546; x_wconf 80' lang='lat' dir='ltr'><strong>et</strong></span> <span class='ocrx_word' id='word_1_130' title='bbox 376 1490 448 1544; x_wconf 72' lang='grc' dir='ltr'><em>τὰ</em></span> <span class='ocrx_word' id='word_1_131' title='bbox 489 1491 612 1557; x_wconf 89' lang='grc' dir='ltr'><em>παρ’</em></span> <span class='ocrx_word' id='word_1_132' title='bbox 652 1490 809 1555; x_wconf 83' lang='grc' dir='ltr'><em>ἐμοῦ,</em></span> <span class='ocrx_word' id='word_1_133' title='bbox 848 1487 921 1542; x_wconf 70' lang='grc' dir='ltr'><strong>τοὶ</strong></span> <span class='ocrx_word' id='word_1_134' title='bbox 958 1491 1079 1552; x_wconf 91' lang='grc' dir='ltr'><em>παρ’</em></span> <span class='ocrx_word' id='word_1_135' title='bbox 1117 1488 1255 1552; x_wconf 74' lang='grc' dir='ltr'><em>ἡμῶν</em></span> <span class='ocrx_word' id='word_1_136' title='bbox 1297 1493 1351 1542; x_wconf 83' lang='lat' dir='ltr'><strong>et</strong></span> <span class='ocrx_word' id='word_1_137' title='bbox 1387 1490 1506 1540; x_wconf 90' lang='lat' dir='ltr'><strong>sim.</strong></span> <span class='ocrx_word' id='word_1_138' title='bbox 1549 1486 1640 1542; x_wconf 87' lang='lat' dir='ltr'><strong>sed</strong></span> <span class='ocrx_word' id='word_1_139' title='bbox 1677 1489 1805 1543; x_wconf 84' lang='lat' dir='ltr'><strong>vitio</strong></span> <span class='ocrx_word' id='word_1_140' title='bbox 1844 1488 2028 1544; x_wconf 81' lang='lat' dir='ltr'><strong>eadem</strong></span> 
     </span>
     <span class='ocr_line' id='line_1_16' title="bbox 23 1574 1694 1648; baseline -0.005 -10"><span class='ocrx_word' id='word_1_141' title='bbox 23 1581 255 1638; x_wconf 74' lang='lat' dir='ltr'><strong>&#39;locutio</strong></span> <span class='ocrx_word' id='word_1_142' title='bbox 289 1586 413 1633; x_wconf 91' lang='lat' dir='ltr'><strong>nata</strong></span> <span class='ocrx_word' id='word_1_143' title='bbox 454 1586 537 1632; x_wconf 92' lang='lat' dir='ltr'><strong>est</strong></span> <span class='ocrx_word' id='word_1_144' title='bbox 575 1577 717 1648; x_wconf 90' lang='lat' dir='ltr'><strong>apud</strong></span> <span class='ocrx_word' id='word_1_145' title='bbox 757 1574 1168 1644; x_wconf 82' lang='lat' dir='ltr'><strong>Aristophanem</strong></span> <span class='ocrx_word' id='word_1_146' title='bbox 1214 1576 1266 1628; x_wconf 90' lang='lat' dir='ltr'><strong>in</strong></span> <span class='ocrx_word' id='word_1_147' title='bbox 1302 1575 1529 1648; x_wconf 87' lang='lat' dir='ltr'><strong>Lysistr.</strong></span> <span class='ocrx_word' id='word_1_148' title='bbox 1567 1579 1694 1630; x_wconf 76' lang='lat'><strong>245.</strong></span> 
     </span>
    </p>

    <p class='ocr_par' dir='ltr' id='par_1_4' title="bbox 24 1654 1677 1914">
     <span class='ocr_line' id='line_1_17' title="bbox 24 1654 1677 1732; baseline -0.002 -10"><span class='ocrx_word' id='word_1_149' title='bbox 24 1654 26 1657; x_wconf 69' lang='lat'><em>,</em></span> <span class='ocrx_word' id='word_1_150' title='bbox 353 1668 417 1722; x_wconf 85' lang='grc' dir='ltr'><strong>σὺ</strong></span> <span class='ocrx_word' id='word_1_151' title='bbox 457 1668 553 1732; x_wconf 79' lang='grc' dir='ltr'><em>μὲν</em></span> <span class='ocrx_word' id='word_1_152' title='bbox 590 1665 778 1732; x_wconf 76' lang='grc' dir='ltr'><em>βοὶδιζε</em></span> <span class='ocrx_word' id='word_1_153' title='bbox 819 1664 906 1718; x_wconf 80' lang='grc' dir='ltr'><strong>καὶ</strong></span> <span class='ocrx_word' id='word_1_154' title='bbox 947 1664 1019 1716; x_wconf 73' lang='grc' dir='ltr'><strong>τοὶ</strong></span> <span class='ocrx_word' id='word_1_155' title='bbox 1060 1665 1181 1730; x_wconf 89' lang='grc' dir='ltr'><em>παρ’</em></span> <span class='ocrx_word' id='word_1_156' title='bbox 1223 1664 1384 1729; x_wconf 80' lang='grc' dir='ltr'><em>ὑμῶν</em></span> <span class='ocrx_word' id='word_1_157' title='bbox 1426 1661 1483 1718; x_wconf 81' lang='grc' dir='ltr'><strong>εὖ</strong></span> <span class='ocrx_word' id='word_1_158' title='bbox 1517 1666 1677 1728; x_wconf 83' lang='grc' dir='ltr'><em>τίθει,</em></span> 
     </span>
     <span class='ocr_line' id='line_1_18' title="bbox 354 1750 1546 1820; baseline -0.003 -11"><span class='ocrx_word' id='word_1_159' title='bbox 354 1755 508 1810; x_wconf 75' lang='grc' dir='ltr'><em>τασδὶ</em></span> <span class='ocrx_word' id='word_1_160' title='bbox 546 1755 589 1808; x_wconf 84' lang='grc' dir='ltr'><strong>δ’</strong></span> <span class='ocrx_word' id='word_1_161' title='bbox 624 1755 836 1820; x_wconf 73' lang='grc' dir='ltr'><em>ὁμήρους</em></span> <span class='ocrx_word' id='word_1_162' title='bbox 876 1750 1139 1819; x_wconf 70' lang='grc' dir='ltr'><em>κατάλιφ’</em></span> <span class='ocrx_word' id='word_1_163' title='bbox 1183 1754 1303 1817; x_wconf 77' lang='grc' dir='ltr'><em>ἡμῖν</em></span> <span class='ocrx_word' id='word_1_164' title='bbox 1338 1752 1546 1816; x_wconf 74' lang='grc' dir='ltr'><em>ε’νθοέδε,</em></span> 
     </span>
     <span class='ocr_line' id='line_1_19' title="bbox 51 1839 1198 1914; baseline -0.01 -11"><span class='ocrx_word' id='word_1_165' title='bbox 51 1846 145 1903; x_wconf 87' lang='lat' dir='ltr'><strong>ubi</strong></span> <span class='ocrx_word' id='word_1_166' title='bbox 184 1844 453 1901; x_wconf 88' lang='lat' dir='ltr'><strong>sententia</strong></span> <span class='ocrx_word' id='word_1_167' title='bbox 491 1843 721 1914; x_wconf 80' lang='lat' dir='ltr'>requirit</span> <span class='ocrx_word' id='word_1_168' title='bbox 761 1842 830 1896; x_wconf 74' lang='grc' dir='ltr'><em>τὰ</em></span> <span class='ocrx_word' id='word_1_169' title='bbox 871 1843 995 1906; x_wconf 87' lang='grc' dir='ltr'><em>παρ’</em></span> <span class='ocrx_word' id='word_1_170' title='bbox 1036 1839 1198 1904; x_wconf 84' lang='grc' dir='ltr'><em>ὑμῖν.</em></span> 
     </span>
    </p>

    <p class='ocr_par' dir='ltr' id='par_1_5' title="bbox 0 1927 2033 3323">
     <span class='ocr_line' id='line_1_20' title="bbox 128 1927 2030 2001; baseline -0.002 -13"><span class='ocrx_word' id='word_1_171' title='bbox 128 1934 241 1990; x_wconf 86' lang='grc' dir='ltr'><em>Νοη</em></span> <span class='ocrx_word' id='word_1_172' title='bbox 278 1933 370 1986; x_wconf 90' lang='lat' dir='ltr'><strong>uni</strong></span> <span class='ocrx_word' id='word_1_173' title='bbox 416 1930 531 1985; x_wconf 84' lang='lat' dir='ltr'><strong>loco</strong></span> <span class='ocrx_word' id='word_1_174' title='bbox 567 1928 917 1984; x_wconf 82' lang='lat' dir='ltr'><strong>emaculando</strong></span> <span class='ocrx_word' id='word_1_175' title='bbox 974 1927 1124 1981; x_wconf 83' lang='lat' dir='ltr'><strong>utilia</strong></span> <span class='ocrx_word' id='word_1_176' title='bbox 1174 1933 1303 1980; x_wconf 86' lang='lat' dir='ltr'><strong>sunt</strong></span> <span class='ocrx_word' id='word_1_177' title='bbox 1343 1927 1501 1982; x_wconf 82' lang='lat' dir='ltr'><strong>verba</strong></span> <span class='ocrx_word' id='word_1_178' title='bbox 1559 1929 1925 2001; x_wconf 82' lang='lat' dir='ltr'><strong>Xenophontis</strong></span> <span class='ocrx_word' id='word_1_179' title='bbox 1975 1932 2030 1984; x_wconf 90' lang='lat' dir='ltr'><strong>in</strong></span> 
     </span>
     <span class='ocr_line' id='line_1_21' title="bbox 54 2017 2031 2087; baseline -0.003 -10"><span class='ocrx_word' id='word_1_180' title='bbox 54 2022 212 2079; x_wconf 71' lang='lat' dir='ltr'><strong>Hem.</strong></span> <span class='ocrx_word' id='word_1_181' title='bbox 249 2020 316 2075; x_wconf 87' lang='lat' dir='ltr'><strong>ll.</strong></span> <span class='ocrx_word' id='word_1_182' title='bbox 360 2037 431 2074; x_wconf 80' lang='lat' dir='ltr'><strong>tx·</strong></span> <span class='ocrx_word' id='word_1_183' title='bbox 476 2024 526 2074; x_wconf 77' lang='lat'><strong>5.</strong></span> <span class='ocrx_word' id='word_1_184' title='bbox 577 2019 790 2083; x_wconf 78' lang='grc' dir='ltr'><em>νομίσας</em></span> <span class='ocrx_word' id='word_1_185' title='bbox 826 2018 877 2071; x_wconf 81' lang='grc' dir='ltr'><strong>δὲ</strong></span> <span class='ocrx_word' id='word_1_186' title='bbox 925 2017 947 2069; x_wconf 83' lang='grc' dir='ltr'><em>ὁ</em></span> <span class='ocrx_word' id='word_1_187' title='bbox 986 2017 1309 2083; x_wconf 83' lang='grc' dir='ltr'><em>Ἀρχέδημος</em></span> <span class='ocrx_word' id='word_1_188' title='bbox 1350 2018 1650 2085; x_wconf 77' lang='grc' dir='ltr'><em>οὶποςροφήν</em></span> <span class='ocrx_word' id='word_1_189' title='bbox 1690 2021 1732 2073; x_wconf 86' lang='grc' dir='ltr'><em>οἱ</em></span> <span class='ocrx_word' id='word_1_190' title='bbox 1782 2019 1868 2073; x_wconf 81' lang='grc' dir='ltr'><strong>τὸν</strong></span> <span class='ocrx_word' id='word_1_191' title='bbox 1916 2021 2031 2087; x_wconf 86' lang='grc' dir='ltr'><em>Κρί-</em></span> 
     </span>
     <span class='ocr_line' id='line_1_22' title="bbox 53 2103 2033 2173; baseline -0.003 -6"><span class='ocrx_word' id='word_1_192' title='bbox 53 2130 207 2171; x_wconf 85' lang='grc' dir='ltr'><em>τωνος</em></span> <span class='ocrx_word' id='word_1_193' title='bbox 246 2105 376 2164; x_wconf 80' lang='grc' dir='ltr'><em>οἷκον</em></span> <span class='ocrx_word' id='word_1_194' title='bbox 411 2106 568 2172; x_wconf 70' lang='grc' dir='ltr'><em>μάλα</em></span> <span class='ocrx_word' id='word_1_195' title='bbox 610 2113 963 2173; x_wconf 78' lang='grc' dir='ltr'><em>περιεῖπεν</em></span> <span class='ocrx_word' id='word_1_196' title='bbox 999 2104 1172 2158; x_wconf 78' lang='grc' dir='ltr'><em>αὐτόν.</em></span> <span class='ocrx_word' id='word_1_197' title='bbox 1252 2103 1430 2157; x_wconf 80' lang='lat' dir='ltr'><strong>Ionica</strong></span> <span class='ocrx_word' id='word_1_198' title='bbox 1474 2104 1634 2159; x_wconf 87' lang='lat' dir='ltr'><strong>huius</strong></span> <span class='ocrx_word' id='word_1_199' title='bbox 1678 2106 1824 2160; x_wconf 89' lang='lat' dir='ltr'><strong>verbi</strong></span> <span class='ocrx_word' id='word_1_200' title='bbox 1862 2107 2033 2162; x_wconf 79' lang='lat' dir='ltr'><strong>forma</strong></span> 
     </span>
     <span class='ocr_line' id='line_1_23' title="bbox 48 2192 2030 2264; baseline -0.002 -10"><span class='ocrx_word' id='word_1_201' title='bbox 48 2195 319 2255; x_wconf 85' lang='lat' dir='ltr'><strong>reddenda</strong></span> <span class='ocrx_word' id='word_1_202' title='bbox 362 2194 648 2251; x_wconf 87' lang='lat' dir='ltr'><strong>Parthenio</strong></span> <span class='ocrx_word' id='word_1_203' title='bbox 688 2201 770 2248; x_wconf 76' lang='lat' dir='ltr'><strong>est</strong></span> <span class='ocrx_word' id='word_1_204' title='bbox 811 2194 864 2246; x_wconf 91' lang='lat' dir='ltr'><strong>in</strong></span> <span class='ocrx_word' id='word_1_205' title='bbox 908 2192 1119 2246; x_wconf 85' lang='lat' dir='ltr'>Narrat.</span> <span class='ocrx_word' id='word_1_206' title='bbox 1167 2192 1401 2246; x_wconf 80' lang='lat' dir='ltr'><strong>Amator.</strong></span> <span class='ocrx_word' id='word_1_207' title='bbox 1461 2210 1575 2264; x_wconf 81' lang='lat' dir='ltr'><strong>cap.</strong></span> <span class='ocrx_word' id='word_1_208' title='bbox 1620 2198 1704 2247; x_wconf 89' lang='lat'><strong>15.</strong></span> <span class='ocrx_word' id='word_1_209' title='bbox 1766 2196 1819 2249; x_wconf 81' lang='grc' dir='ltr'><em>οὐ</em></span> <span class='ocrx_word' id='word_1_210' title='bbox 1868 2197 2030 2260; x_wconf 81' lang='grc' dir='ltr'><em>μεθίει</em></span> 
     </span>
     <span class='ocr_line' id='line_1_24' title="bbox 47 2279 2029 2353; baseline -0.004 -8"><span class='ocrx_word' id='word_1_211' title='bbox 47 2309 108 2345; x_wconf 88' lang='grc' dir='ltr'><strong>τε</strong></span> <span class='ocrx_word' id='word_1_212' title='bbox 145 2288 302 2343; x_wconf 78' lang='grc' dir='ltr'><em>αὐτὸν</em></span> <span class='ocrx_word' id='word_1_213' title='bbox 359 2279 833 2353; x_wconf 67' lang='grc' dir='ltr'><em>ἀμφιπεσοῦσα</em></span> <span class='ocrx_word' id='word_1_214' title='bbox 876 2300 935 2333; x_wconf 87' lang='grc' dir='ltr'><strong>τε</strong></span> <span class='ocrx_word' id='word_1_215' title='bbox 983 2281 1070 2334; x_wconf 76' lang='grc' dir='ltr'><strong>καὶ</strong></span> <span class='ocrx_word' id='word_1_216' title='bbox 1119 2279 1431 2348; x_wconf 74' lang='grc' dir='ltr'><em>ἐξηρτημένη</em></span> <span class='ocrx_word' id='word_1_217' title='bbox 1475 2285 1654 2336; x_wconf 65' lang='grc' dir='ltr'><em>πᾶσαν</em></span> <span class='ocrx_word' id='word_1_218' title='bbox 1694 2280 1851 2349; x_wconf 71' lang='grc' dir='ltr'><em>ὥραν,</em></span> <span class='ocrx_word' id='word_1_219' title='bbox 1905 2300 2029 2338; x_wconf 82' lang='lat' dir='ltr'><strong>nam</strong></span> 
     </span>
     <span class='ocr_line' id='line_1_25' title="bbox 49 2367 2029 2440; baseline -0.003 -8"><span class='ocrx_word' id='word_1_220' title='bbox 49 2375 317 2433; x_wconf 71' lang='lat' dir='ltr'><strong>sententia</strong></span> <span class='ocrx_word' id='word_1_221' title='bbox 371 2373 474 2427; x_wconf 81' lang='lat' dir='ltr'><strong>loci</strong></span> <span class='ocrx_word' id='word_1_222' title='bbox 513 2371 860 2439; x_wconf 80' lang='grc' dir='ltr'><em>οὶμφιέπουσα</em></span> <span class='ocrx_word' id='word_1_223' title='bbox 909 2367 1160 2440; x_wconf 80' lang='lat' dir='ltr'><strong>postulat.</strong></span> <span class='ocrx_word' id='word_1_224' title='bbox 1243 2368 1359 2423; x_wconf 83' lang='lat' dir='ltr'><strong>Alio</strong></span> <span class='ocrx_word' id='word_1_225' title='bbox 1403 2369 1556 2423; x_wconf 83' lang='lat' dir='ltr'><strong>modo</strong></span> <span class='ocrx_word' id='word_1_226' title='bbox 1605 2371 1861 2437; x_wconf 80' lang='grc' dir='ltr'><em>περιέπειν</em></span> <span class='ocrx_word' id='word_1_227' title='bbox 1908 2390 2029 2426; x_wconf 83' lang='lat' dir='ltr'><strong>con·</strong></span> 
     </span>
     <span class='ocr_line' id='line_1_26' title="bbox 45 2456 2028 2538; baseline -0.003 -18"><span class='ocrx_word' id='word_1_228' title='bbox 45 2465 188 2538; x_wconf 75' lang='lat' dir='ltr'><strong>oepit</strong></span> <span class='ocrx_word' id='word_1_229' title='bbox 239 2463 431 2517; x_wconf 88' lang='lat' dir='ltr'><strong>vitium</strong></span> <span class='ocrx_word' id='word_1_230' title='bbox 474 2459 616 2533; x_wconf 82' lang='lat' dir='ltr'><strong>apud</strong></span> <span class='ocrx_word' id='word_1_231' title='bbox 660 2457 998 2512; x_wconf 83' lang='lat' dir='ltr'><strong>Heliodorum</strong></span> <span class='ocrx_word' id='word_1_232' title='bbox 1054 2459 1104 2510; x_wconf 88' lang='lat' dir='ltr'><strong>in</strong></span> <span class='ocrx_word' id='word_1_233' title='bbox 1156 2456 1447 2526; x_wconf 84' lang='lat' dir='ltr'><strong>Hirsehigii</strong></span> <span class='ocrx_word' id='word_1_234' title='bbox 1503 2457 1735 2511; x_wconf 87' lang='lat' dir='ltr'><strong>Eroticis</strong></span> <span class='ocrx_word' id='word_1_235' title='bbox 1794 2477 1840 2530; x_wconf 88' lang='lat' dir='ltr'><strong>p.</strong></span> <span class='ocrx_word' id='word_1_236' title='bbox 1884 2463 2028 2525; x_wconf 81' lang='lat'><strong>265,</strong></span> 
     </span>
     <span class='ocr_line' id='line_1_27' title="bbox 48 2546 2028 2618; baseline -0.003 -9"><span class='ocrx_word' id='word_1_237' title='bbox 48 2557 139 2609; x_wconf 76' lang='lat'><strong>515.</strong></span> <span class='ocrx_word' id='word_1_238' title='bbox 179 2552 273 2618; x_wconf 73' lang='grc' dir='ltr'><strong>ἐμὲ</strong></span> <span class='ocrx_word' id='word_1_239' title='bbox 306 2552 349 2606; x_wconf 83' lang='grc' dir='ltr'><strong>δ’</strong></span> <span class='ocrx_word' id='word_1_240' title='bbox 383 2547 690 2616; x_wconf 74' lang='grc' dir='ltr'><em>ἐμακάριζον</em></span> <span class='ocrx_word' id='word_1_241' title='bbox 725 2547 811 2601; x_wconf 77' lang='grc' dir='ltr'><strong>καὶ</strong></span> <span class='ocrx_word' id='word_1_242' title='bbox 850 2546 1300 2612; x_wconf 81' lang='grc' dir='ltr'><em>περιείποντο</em></span> <span class='ocrx_word' id='word_1_243' title='bbox 1341 2547 1569 2599; x_wconf 81' lang='grc' dir='ltr'><em>ἐντεῦθεν</em></span> <span class='ocrx_word' id='word_1_244' title='bbox 1607 2546 1876 2608; x_wconf 82' lang='grc' dir='ltr'><em>παντοίως.</em></span> <span class='ocrx_word' id='word_1_245' title='bbox 1935 2549 2028 2604; x_wconf 87' lang='lat' dir='ltr'>Le-</span> 
     </span>
     <span class='ocr_line' id='line_1_28' title="bbox 24 2632 2029 2714; baseline -0.002 -18"><span class='ocrx_word' id='word_1_246' title='bbox 24 2641 277 2714; x_wconf 71' lang='lat' dir='ltr'><strong>jnissirno</strong></span> <span class='ocrx_word' id='word_1_247' title='bbox 321 2636 558 2693; x_wconf 84' lang='lat' dir='ltr'><strong>remedio</strong></span> <span class='ocrx_word' id='word_1_248' title='bbox 597 2635 812 2690; x_wconf 83' lang='lat' dir='ltr'><strong>sanabis</strong></span> <span class='ocrx_word' id='word_1_249' title='bbox 867 2633 1042 2687; x_wconf 81' lang='lat' dir='ltr'><strong>locum</strong></span> <span class='ocrx_word' id='word_1_250' title='bbox 1105 2632 1482 2688; x_wconf 78' lang='lat' dir='ltr'><strong>rescribendo:</strong></span> <span class='ocrx_word' id='word_1_251' title='bbox 1542 2641 1798 2702; x_wconf 83' lang='grc' dir='ltr'><em>περιεῖπον</em></span> <span class='ocrx_word' id='word_1_252' title='bbox 1847 2638 1904 2690; x_wconf 80' lang='grc' dir='ltr'><em>τὸ</em></span> <span class='ocrx_word' id='word_1_253' title='bbox 1956 2637 2029 2691; x_wconf 86' lang='grc' dir='ltr'><em>ε’ν-</em></span> 
     </span>
     <span class='ocr_line' id='line_1_29' title="bbox 45 2719 2028 2794; baseline -0.003 -11"><span class='ocrx_word' id='word_1_254' title='bbox 45 2729 239 2784; x_wconf 76' lang='grc' dir='ltr'><em>τεῦθεν.</em></span> <span class='ocrx_word' id='word_1_255' title='bbox 317 2726 546 2782; x_wconf 82' lang='lat' dir='ltr'><strong>Gravius</strong></span> <span class='ocrx_word' id='word_1_256' title='bbox 586 2722 756 2778; x_wconf 84' lang='lat' dir='ltr'><strong>multo</strong></span> <span class='ocrx_word' id='word_1_257' title='bbox 795 2722 1016 2777; x_wconf 83' lang='lat' dir='ltr'><strong>verbum</strong></span> <span class='ocrx_word' id='word_1_258' title='bbox 1062 2719 1200 2774; x_wconf 85' lang='lat' dir='ltr'>idem</span> <span class='ocrx_word' id='word_1_259' title='bbox 1251 2729 1564 2793; x_wconf 85' lang='lat' dir='ltr'><strong>corruptum</strong></span> <span class='ocrx_word' id='word_1_260' title='bbox 1602 2730 1683 2776; x_wconf 90' lang='lat' dir='ltr'><strong>est</strong></span> <span class='ocrx_word' id='word_1_261' title='bbox 1721 2723 1859 2794; x_wconf 85' lang='lat' dir='ltr'><strong>apud</strong></span> <span class='ocrx_word' id='word_1_262' title='bbox 1906 2724 2028 2779; x_wconf 86' lang='lat' dir='ltr'><strong>Plu·</strong></span> 
     </span>
     <span class='ocr_line' id='line_1_30' title="bbox 0 2810 2028 2884; baseline -0.002 -12"><span class='ocrx_word' id='word_1_263' title='bbox 0 2876 2 2884; x_wconf 46' lang='lat'>‚</span> <span class='ocrx_word' id='word_1_264' title='bbox 49 2815 299 2872; x_wconf 71' lang='lat' dir='ltr'><strong>iambum</strong></span> <span class='ocrx_word' id='word_1_265' title='bbox 340 2815 404 2869; x_wconf 83' lang='lat' dir='ltr'>de</span> <span class='ocrx_word' id='word_1_266' title='bbox 444 2812 693 2868; x_wconf 76' lang='lat' dir='ltr'><strong>Herodoti</strong></span> <span class='ocrx_word' id='word_1_267' title='bbox 729 2811 1057 2883; x_wconf 74' lang='lat' dir='ltr'><strong>maliqnilale</strong></span> <span class='ocrx_word' id='word_1_268' title='bbox 1098 2826 1143 2879; x_wconf 81' lang='grc' dir='ltr'><strong>Ι).</strong></span> <span class='ocrx_word' id='word_1_269' title='bbox 1176 2813 1304 2863; x_wconf 89' lang='grc'><strong>867.</strong></span> <span class='ocrx_word' id='word_1_270' title='bbox 1351 2810 1409 2864; x_wconf 86' lang='lat' dir='ltr'><strong>E.</strong></span> <span class='ocrx_word' id='word_1_271' title='bbox 1455 2811 1685 2879; x_wconf 80' lang='grc' dir='ltr'><em>τρηχέως</em></span> <span class='ocrx_word' id='word_1_272' title='bbox 1724 2811 1776 2865; x_wconf 83' lang='grc' dir='ltr'><strong>δὲ</strong></span> <span class='ocrx_word' id='word_1_273' title='bbox 1813 2833 2028 2880; x_wconf 77' lang='grc' dir='ltr'><em>περιε-</em></span> 
     </span>
     <span class='ocr_line' id='line_1_31' title="bbox 47 2898 2026 2974; baseline -0.002 -15"><span class='ocrx_word' id='word_1_274' title='bbox 47 2903 416 2974; x_wconf 77' lang='grc' dir='ltr'><em>νεχθέντες</em></span> <span class='ocrx_word' id='word_1_275' title='bbox 455 2932 532 2944; x_wconf 91' lang='grc'>-</span> <span class='ocrx_word' id='word_1_276' title='bbox 570 2902 790 2968; x_wconf 79' lang='grc' dir='ltr'><em>δρησμὸν</em></span> <span class='ocrx_word' id='word_1_277' title='bbox 826 2899 1098 2965; x_wconf 81' lang='grc' dir='ltr'><em>ἐβούλευον</em></span> <span class='ocrx_word' id='word_1_278' title='bbox 1140 2898 1210 2958; x_wconf 80' lang='grc' dir='ltr'><strong>εἱς</strong></span> <span class='ocrx_word' id='word_1_279' title='bbox 1250 2899 1343 2960; x_wconf 73' lang='grc' dir='ltr'><strong>την</strong></span> <span class='ocrx_word' id='word_1_280' title='bbox 1382 2900 1641 2954; x_wconf 74' lang='grc' dir='ltr'><em>Ἐλλάδα.</em></span> <span class='ocrx_word' id='word_1_281' title='bbox 1723 2900 1876 2971; x_wconf 85' lang='lat' dir='ltr'><strong>Apud</strong></span> <span class='ocrx_word' id='word_1_282' title='bbox 1928 2902 2026 2957; x_wconf 85' lang='lat' dir='ltr'>He-</span> 
     </span>
     <span class='ocr_line' id='line_1_32' title="bbox 46 2982 2025 3060; baseline -0.004 -11"><span class='ocrx_word' id='word_1_283' title='bbox 46 2991 296 3051; x_wconf 82' lang='lat' dir='ltr'><strong>rodotum</strong></span> <span class='ocrx_word' id='word_1_284' title='bbox 352 2990 567 3060; x_wconf 71' lang='lat' dir='ltr'><strong>benique</strong></span> <span class='ocrx_word' id='word_1_285' title='bbox 618 2988 806 3042; x_wconf 78' lang='lat' dir='ltr'><strong>habere</strong></span> <span class='ocrx_word' id='word_1_286' title='bbox 860 2986 964 3040; x_wconf 79' lang='lat' dir='ltr'><strong>«tici</strong></span> <span class='ocrx_word' id='word_1_287' title='bbox 1010 2984 1141 3038; x_wconf 83' lang='lat' dir='ltr'><strong>solet</strong></span> <span class='ocrx_word' id='word_1_288' title='bbox 1187 2982 1244 3040; x_wconf 83' lang='grc' dir='ltr'><strong>εὖ</strong></span> <span class='ocrx_word' id='word_1_289' title='bbox 1283 2986 1570 3054; x_wconf 84' lang='grc' dir='ltr'><em>περιέπειν,</em></span> <span class='ocrx_word' id='word_1_290' title='bbox 1625 2993 1677 3041; x_wconf 85' lang='lat' dir='ltr'><strong>et</strong></span> <span class='ocrx_word' id='word_1_291' title='bbox 1717 2988 1855 3042; x_wconf 84' lang='lat' dir='ltr'><strong>male</strong></span> <span class='ocrx_word' id='word_1_292' title='bbox 1894 2990 2025 3043; x_wconf 86' lang='lat' dir='ltr'><strong>mul-</strong></span> 
     </span>
     <span class='ocr_line' id='line_1_33' title="bbox 47 3074 2024 3147; baseline -0.002 -12"><span class='ocrx_word' id='word_1_293' title='bbox 47 3098 201 3145; x_wconf 67' lang='lat' dir='ltr'>cere,</span> <span class='ocrx_word' id='word_1_294' title='bbox 239 3078 471 3147; x_wconf 81' lang='grc' dir='ltr'><em>τρηχέως</em></span> <span class='ocrx_word' id='word_1_295' title='bbox 513 3077 800 3143; x_wconf 83' lang='grc' dir='ltr'><em>περιέπειν,</em></span> <span class='ocrx_word' id='word_1_296' title='bbox 842 3074 1098 3142; x_wconf 83' lang='grc' dir='ltr'><em>περιέπειν</em></span> <span class='ocrx_word' id='word_1_297' title='bbox 1145 3074 1477 3143; x_wconf 70' lang='grc' dir='ltr'><em>τρηχύτατα.</em></span> <span class='ocrx_word' id='word_1_298' title='bbox 1558 3075 1743 3146; x_wconf 77' lang='lat' dir='ltr'><strong>Itaque</strong></span> <span class='ocrx_word' id='word_1_299' title='bbox 1794 3077 2024 3144; x_wconf 82' lang='grc' dir='ltr'><em>τρηχέως</em></span> 
     </span>
     <span class='ocr_line' id='line_1_34' title="bbox 0 3163 2023 3236; baseline -0.003 -10"><span class='ocrx_word' id='word_1_300' title='bbox 0 3190 2 3197; x_wconf 70' lang='grc'>’</span> <span class='ocrx_word' id='word_1_301' title='bbox 46 3169 102 3227; x_wconf 65' lang='grc' dir='ltr'><strong>δ)</strong></span> <span class='ocrx_word' id='word_1_302' title='bbox 141 3166 638 3236; x_wconf 78' lang='grc' dir='ltr'><em>περιεφθέντες</em></span> <span class='ocrx_word' id='word_1_303' title='bbox 690 3170 837 3218; x_wconf 86' lang='lat' dir='ltr'><strong>certa</strong></span> <span class='ocrx_word' id='word_1_304' title='bbox 879 3163 1190 3217; x_wconf 85' lang='lat' dir='ltr'><strong>coniectura</strong></span> <span class='ocrx_word' id='word_1_305' title='bbox 1227 3164 1412 3234; x_wconf 88' lang='lat' dir='ltr'><strong>reponi</strong></span> <span class='ocrx_word' id='word_1_306' title='bbox 1447 3164 1740 3234; x_wconf 83' lang='lat' dir='ltr'><strong>potuisset,</strong></span> <span class='ocrx_word' id='word_1_307' title='bbox 1781 3167 1941 3218; x_wconf 86' lang='lat' dir='ltr'><strong>etiam</strong></span> <span class='ocrx_word' id='word_1_308' title='bbox 1978 3166 2023 3219; x_wconf 93' lang='lat' dir='ltr'>si</span> 
     </span>
     <span class='ocr_line' id='line_1_35' title="bbox 0 3249 1867 3323; baseline -0.004 -10"><span class='ocrx_word' id='word_1_309' title='bbox 0 3301 1 3305; x_wconf 16' lang='grc' dir='ltr'>η</span> <span class='ocrx_word' id='word_1_310' title='bbox 46 3272 174 3313; x_wconf 76' lang='lat' dir='ltr'><strong>vera</strong></span> <span class='ocrx_word' id='word_1_311' title='bbox 214 3256 374 3310; x_wconf 86' lang='lat' dir='ltr'><strong>lectio</strong></span> <span class='ocrx_word' id='word_1_312' title='bbox 410 3271 512 3308; x_wconf 89' lang='lat' dir='ltr'><strong>non</strong></span> <span class='ocrx_word' id='word_1_313' title='bbox 562 3252 742 3306; x_wconf 79' lang='lat' dir='ltr'><strong>illaesa</strong></span> <span class='ocrx_word' id='word_1_314' title='bbox 784 3250 921 3323; x_wconf 87' lang='lat' dir='ltr'><strong>apud</strong></span> <span class='ocrx_word' id='word_1_315' title='bbox 964 3249 1287 3305; x_wconf 81' lang='lat' dir='ltr'><strong>Herodotum</strong></span> <span class='ocrx_word' id='word_1_316' title='bbox 1327 3259 1560 3306; x_wconf 81' lang='lat' dir='ltr'><strong>exstaret</strong></span> <span class='ocrx_word' id='word_1_317' title='bbox 1600 3251 1735 3305; x_wconf 83' lang='lat' dir='ltr'><strong>Vttl.</strong></span> <span class='ocrx_word' id='word_1_318' title='bbox 1785 3255 1867 3305; x_wconf 84' lang='lat'><strong>18.</strong></span> 
     </span>
    </p>

    <p class='ocr_par' dir='ltr' id='par_1_6' title="bbox 0 3338 2025 3590">
     <span class='ocr_line' id='line_1_36' title="bbox 124 3338 2022 3407; baseline -0.003 -8"><span class='ocrx_word' id='word_1_319' title='bbox 124 3342 332 3400; x_wconf 75' lang='lat' dir='ltr'>Accede</span> <span class='ocrx_word' id='word_1_320' title='bbox 372 3358 515 3395; x_wconf 83' lang='lat' dir='ltr'><strong>nunc</strong></span> <span class='ocrx_word' id='word_1_321' title='bbox 555 3343 619 3394; x_wconf 81' lang='lat' dir='ltr'><strong>ad</strong></span> <span class='ocrx_word' id='word_1_322' title='bbox 656 3339 789 3394; x_wconf 77' lang='lat' dir='ltr'><strong>duos</strong></span> <span class='ocrx_word' id='word_1_323' title='bbox 829 3338 993 3394; x_wconf 77' lang='lat' dir='ltr'><strong>libros</strong></span> <span class='ocrx_word' id='word_1_324' title='bbox 1028 3340 1138 3407; x_wconf 75' lang='grc' dir='ltr'><em>περὶ</em></span> <span class='ocrx_word' id='word_1_325' title='bbox 1176 3347 1269 3402; x_wconf 75' lang='grc' dir='ltr'><em>τῆς</em></span> <span class='ocrx_word' id='word_1_326' title='bbox 1303 3341 1720 3404; x_wconf 83' lang='grc' dir='ltr'><em>Λακεδαιμονίων</em></span> <span class='ocrx_word' id='word_1_327' title='bbox 1755 3342 2022 3402; x_wconf 82' lang='grc' dir='ltr'><em>πολιτείας</em></span> 
     </span>
     <span class='ocr_line' id='line_1_37' title="bbox 48 3427 2024 3500; baseline -0.002 -13"><span class='ocrx_word' id='word_1_328' title='bbox 48 3439 103 3490; x_wconf 82' lang='lat' dir='ltr'><strong>et</strong></span> <span class='ocrx_word' id='word_1_329' title='bbox 161 3431 271 3498; x_wconf 76' lang='grc' dir='ltr'><em>περὶ</em></span> <span class='ocrx_word' id='word_1_330' title='bbox 325 3437 417 3492; x_wconf 79' lang='grc' dir='ltr'><em>τῆς</em></span> <span class='ocrx_word' id='word_1_331' title='bbox 470 3428 747 3491; x_wconf 81' lang='grc' dir='ltr'><em>Ἀθηναίων</em></span> <span class='ocrx_word' id='word_1_332' title='bbox 793 3429 1087 3490; x_wconf 67' lang='grc' dir='ltr'><em>πολιτείας,</em></span> <span class='ocrx_word' id='word_1_333' title='bbox 1144 3428 1236 3498; x_wconf 82' lang='lat' dir='ltr'><strong>qui</strong></span> <span class='ocrx_word' id='word_1_334' title='bbox 1296 3444 1618 3498; x_wconf 83' lang='lat' dir='ltr'><strong>quamquam</strong></span> <span class='ocrx_word' id='word_1_335' title='bbox 1675 3444 1703 3480; x_wconf 84' lang='lat' dir='ltr'><strong>a</strong></span> <span class='ocrx_word' id='word_1_336' title='bbox 1756 3427 2024 3500; x_wconf 75' lang='lat' dir='ltr'><strong>plerisque</strong></span> 
     </span>
     <span class='ocr_line' id='line_1_38' title="bbox 0 3515 2025 3590; baseline -0 -19"><span class='ocrx_word' id='word_1_337' title='bbox 0 3515 2 3571; x_wconf 75' lang='lat' dir='ltr'>j</span> <span class='ocrx_word' id='word_1_338' title='bbox 48 3537 153 3575; x_wconf 86' lang='lat' dir='ltr'><strong>non</strong></span> <span class='ocrx_word' id='word_1_339' title='bbox 195 3535 310 3574; x_wconf 74' lang='lat' dir='ltr'>esse</span> <span class='ocrx_word' id='word_1_340' title='bbox 351 3517 521 3590; x_wconf 74' lang='lat' dir='ltr'><strong>ipsius</strong></span> <span class='ocrx_word' id='word_1_341' title='bbox 561 3515 926 3587; x_wconf 85' lang='lat' dir='ltr'><strong>Xenophontis</strong></span> <span class='ocrx_word' id='word_1_342' title='bbox 967 3522 1256 3587; x_wconf 87' lang='lat' dir='ltr'><strong>putantur,</strong></span> <span class='ocrx_word' id='word_1_343' title='bbox 1310 3516 1518 3585; x_wconf 77' lang='lat' dir='ltr'><strong>antiqui</strong></span> <span class='ocrx_word' id='word_1_344' title='bbox 1569 3521 1743 3569; x_wconf 84' lang='lat' dir='ltr'><strong>tamen</strong></span> <span class='ocrx_word' id='word_1_345' title='bbox 1801 3523 1850 3570; x_wconf 85' lang='lat' dir='ltr'><strong>et</strong></span> <span class='ocrx_word' id='word_1_346' title='bbox 1902 3515 2025 3570; x_wconf 91' lang='lat' dir='ltr'><strong>honi</strong></span> 
     </span>
    </p>
   </div>
   <div class='ocr_carea' id='block_1_3' title="bbox 50 3601 2026 3726">
    <p class='ocr_par' dir='ltr' id='par_1_7' title="bbox 50 3601 2026 3726">
     <span class='ocr_line' id='line_1_39' title="bbox 50 3601 2026 3679; baseline -0.002 -17"><span class='ocrx_word' id='word_1_347' title='bbox 50 3606 331 3679; x_wconf 76' lang='lat' dir='ltr'><strong>scriptoris</strong></span> <span class='ocrx_word' id='word_1_348' title='bbox 370 3621 485 3660; x_wconf 87' lang='lat' dir='ltr'>esse</span> <span class='ocrx_word' id='word_1_349' title='bbox 526 3603 677 3659; x_wconf 75' lang='lat' dir='ltr'><strong>facile</strong></span> <span class='ocrx_word' id='word_1_350' title='bbox 722 3610 802 3658; x_wconf 85' lang='lat' dir='ltr'><strong>est</strong></span> <span class='ocrx_word' id='word_1_351' title='bbox 854 3604 1145 3674; x_wconf 77' lang='lat' dir='ltr'><strong>unicuique</strong></span> <span class='ocrx_word' id='word_1_352' title='bbox 1183 3602 1247 3657; x_wconf 83' lang='lat' dir='ltr'><strong>ad</strong></span> <span class='ocrx_word' id='word_1_353' title='bbox 1287 3601 1710 3673; x_wconf 76' lang='lat' dir='ltr'><strong>intelligendum.</strong></span> <span class='ocrx_word' id='word_1_354' title='bbox 1795 3603 2026 3675; x_wconf 83' lang='lat' dir='ltr'><strong>Uterque</strong></span> 
     </span>
     <span class='ocr_line' id='line_1_40' title="bbox 1606 3698 1650 3726; baseline 0.023 -1"><span class='ocrx_word' id='word_1_355' title='bbox 1606 3698 1650 3726; x_wconf 74' lang='lat'><strong>50</strong></span> 
     </span>
    </p>
   </div>
   <div class='ocr_carea' id='block_1_4' title="bbox 0 1893 4 3279">
    <p class='ocr_par' dir='ltr' id='par_1_8' title="bbox 0 1893 4 3279">
     <span class='ocr_line' id='line_1_41' title="bbox 0 1893 4 3279; baseline 0 0"><span class='ocrx_word' id='word_1_356' title='bbox 0 1893 4 3279; x_wconf 95' lang='lat' dir='ltr'><strong> </strong></span> 
     </span>
    </p>
   </div>
  </div>
 </body>
</html>
