2436 4068
1129 246 1158 296 ὃ

144 405 268 444 nam
309 404 536 442 coronae
578 388 778 442 mentio
818 387 1022 444 indicat
1063 388 1139 444 ὅτι
1186 389 1291 445 ἄπο
1339 388 1539 445 δείπνου
1582 388 1739 454 ἦσαν,
1789 395 1846 444 ut
1886 395 1938 444 et
1978 391 2133 463 paulo

143 483 268 531 ante
308 493 358 547 p.
396 479 522 530 685.
566 476 620 529 B.
665 475 1014 532 Philoxenus:

370 565 511 618 κατα
549 563 720 632 χειρὸς
761 566 903 628 ἤλυθ’
939 562 1062 632 ὕδωρ
1084 562 1276 619 -εἶτ’
1315 564 1468 635 ἔφερε
1503 564 1747 636 ςέφανον.

144 651 233 707 Sic
280 658 333 706 et
373 651 660 707 Clearchus
700 651 958 706 Athenaei
1002 652 1141 707 XIV.
1182 669 1231 724 p.
1276 657 1404 708 642.
1438 654 1494 708 Β.

445 738 580 804 λάβ’
620 738 744 806 ὕδωρ
786 738 927 793 κατὰ
967 738 1157 807 χειρός.
1200 771 1274 781 -
1317 743 1345 803 ἦ
1380 740 1792 805 πῶμ’-ἐπιτίθει

444 827 528 881 ἐπὶ
567 828 658 889 τὴν
697 825 963 894 τράπεζαν
1002 826 1170 895 κάρυα
1206 828 1293 881 καὶ
1333 825 1682 896 τραγήματα.
1776 868 1778 874 ,

141 914 400 968 Praemisi
442 913 572 968 haec
608 915 788 969 omnia
828 921 890 968 ut
926 914 1209 986 Posidippo
1246 932 1397 986 opem
1434 916 1605 971 feram
1642 916 1838 972 misere
1868 914 2133 971 laboranti

139 1001 281 1074 apud
336 1000 669 1057 Athenaeum
705 1001 796 1056 IX.
836 1005 963 1056 577.
1002 1002 1073 1066 B,
1123 1002 1211 1057 uhi
1250 1004 1616 1069 εἷσελήλυθεν,.
1656 1005 1863 1076 inquit,
1907 1003 2136 1059 ‘conviva

140 1089 420 1145 famelicus

520 1180 599 1232 ἐκ.
617 1178 987 1246 πεντεκαίδεχ’
1023 1180 1219 1248 ἡμερῶν
1257 1182 1582 1249 προηλπικώς

517 1268 576 1323 τὲ
616 1268 842 1331 δεῖπνον,
882 1267 1039 1335 ὁρμῆς
1077 1269 1266 1333 μεςὸς,
1305 1268 1678 1335 ἐκλελυμένος,

519 1361 679 1424 τηρῶν
716 1354 836 1410 πότ’
876 1354 961 1409 ἐπὶ
999 1355 1099 1417 τὰς
1135 1363 1321 1425 χεῖρας
1355 1356 1478 1412 οἴσει
1520 1378 1617 1418 τις.

142 1443 293 1500 Satin
334 1450 544 1499 certum
585 1442 802 1498 videtur
841 1442 1209 1515 reponendum
1247 1461 1364 1499 esse

439 1533 599 1600 τηρῶν
633 1531 789 1586 ὁπότε
826 1531 969 1586 κατὰ
1007 1532 1179 1599 χειρὸς
1217 1531 1339 1587 οἴσει
1380 1554 1486 1595 τις.

138 1618 408 1691 vulgatam
451 1620 780 1692 scripturam
818 1620 1026 1692 peperit
1064 1619 1228 1675 codex
1267 1620 1530 1685 detritus,
1582 1620 1740 1675 euius
1779 1619 2001 1675 lacunas
2042 1620 2150 1674 aut

140 1706 392 1763 evanidas
440 1707 647 1763 litteras
698 1707 895 1762 sciolus
947 1714 1243 1780 utcumque
1287 1709 1536 1782 explevit.
1617 1707 1764 1763 Idem
1815 1708 1871 1761 in
1923 1724 2136 1780 praece·

138 1795 298 1851 dente
337 1794 603 1851 versiculo
642 1793 843 1850 factum
883 1813 999 1851 esse
1039 1796 1187 1851 vides
1219 1798 1274 1852 in
1307 1796 1680 1864 ἐκλελυμένος,
1722 1795 1866 1867 quod
1890 1802 2137 1851 metrum

138 1885 342 1957 pariter
390 1891 443 1939 et
495 1885 761 1939 sententia
815 1883 917 1937 loci
967 1892 1247 1956 respuunt.
1329 1885 1473 1939 Nihil
1521 1886 1653 1950 iste,
1706 1884 1953 1955 quisquis
2001 1882 2134 1947 fuit,

140 1973 322 2027 minus
377 1956 494 2027 erat
545 1988 707 2044 quam
758 1972 1116 2038 ἐκλελυμένος.
1199 1973 1350 2040 Quod
1403 1973 1701 2036 Meinekius
1750 1972 1815 2026 de
1856 1989 1952 2026 suo
1989 1971 2137 2026 dedit

139 2060 519 2126 ἐκλελεγμένος
574 2066 811 2115 metrum
863 2059 1045 2125 fulcit,
1096 2062 1394 2115 sententiae
1455 2077 1561 2114 non
1620 2060 1852 2131 prodest.
1920 2069 2028 2115 ΕΚ.
2071 2069 2133 2115 Ε.

139 2155 526 2211 ΛΤΜΕΝΟΣ,
595 2146 784 2211 credo,
846 2155 1151 2218 supererat,
1215 2148 1357 2203 unde
1412 2165 1519 2203 non
1578 2151 2136 2204 ΕΚΛΕΛΤΜΕΝΟΣ

134 2243 254 2292 erat
282 2235 580 2291 eruendum
616 2234 710 2290 sed
737 2241 1357 2303 ΕΚΚΕΚΑΤΜΕΝΟΣ,
1398 2244 1621 2310 eratque
1651 2236 1738 2291 ille
1767 2238 1923 2305 ὁρμῆς
1957 2237 2136 2303 μεςός,

133 2324 528 2391 ἐκκεκαυμένος.

211 2411 428 2467 Lacuna
465 2412 661 2485 duplex
708 2420 762 2468 et
799 2413 959 2469 verba
996 2420 1335 2486 praepostere
1374 2415 1519 2469 iuter
1566 2430 1655 2469 eos
1695 2414 1788 2485 qui
1823 2413 2131 2486 colloquun-

130 2507 230 2555 tur
266 2499 437 2556 divisa
474 2501 798 2574 Antiphanis
836 2501 1167 2574 perfacetum
1210 2509 1263 2558 et
1291 2502 1528 2575 lepidum
1558 2501 1735 2557 locum
1767 2501 1909 2574 apud
1940 2502 2133 2558 Athen.

137 2587 200 2644 X.
248 2593 374 2644 450.
415 2589 478 2644 Ε.
539 2589 695 2662 plane
735 2589 1237 2663 pessumdederunt.
1316 2591 1483 2646 Docta
1523 2591 1700 2663 puella
1743 2590 1955 2664 Sappho
1991 2593 2131 2664 patri

135 2678 382 2750 aenigma
419 2676 518 2733 hoc
555 2678 730 2751 ponit:

436 2765 511 2825 ἔςι
544 2767 704 2837 φύσις
745 2769 926 2832 θήλεια
959 2767 1134 2837 βρέφη
1176 2767 1385 2836 σώζουσ’
1419 2768 1516 2823 ὑπὸ
1557 2767 1767 2831 κόλποις

436 2856 631 2921 αὐτῆς,
670 2855 792 2911 ὄντα
835 2856 878 2911 δ’
917 2855 1108 2923 ἄφωνα
1146 2858 1273 2923 βοὴν
1313 2855 1450 2919 ἴςησι
1493 2856 1722 2922 γεγωνόν

338 2940 341 2942 ’
434 2944 522 2998 καὶ
562 2943 647 2998 διὰ
692 2944 895 3000 πόντιον
933 2942 1091 3011 οἶδμα
1129 2945 1217 2999 καὶ
1259 2946 1463 3014 ἠπείρου
1506 2945 1590 2999 διὰ
1625 2943 1801 3008 ποέσης

432 3027 503 3092 οἷς
545 3031 704 3087 ἐθέλει
746 3034 961 3097 θνητῶν,
994 3040 1100 3095 τοῖς
1141 3034 1184 3087 δ’
1229 3034 1338 3089 οὐδὲ
1379 3037 1628 3101 παροῦσιν
1663 3034 1866 3088 duodena

434 3117 626 3184 ἔξεςιν,
669 3122 849 3191 κωφὴν
886 3121 930 3175 δ’
965 3122 1122 3185 οἷκοῆς
1157 3121 1389 3185 αἴσθησιν
1423 3121 1648 3188 ἔχουσιν.

135 3205 293 3262 Pater
331 3223 517 3263 scurra
560 3209 734 3280 magis
773 3224 935 3281 quam
972 3209 1319 3282 philosophus
1359 3210 1474 3264 sine
1516 3226 1665 3263 mora
1708 3210 1783 3264 ita
1824 3208 2006 3266 solvit:

435 3299 464 3359 ἡ
507 3297 603 3363 μὲν
640 3298 801 3365 φύσις
841 3298 946 3366 γὰρ
982 3296 1039 3361 ἣν
1077 3298 1252 3364 λέγεις
1294 3299 1399 3356 ε’ςὶν
1434 3297 1622 3362 πόλις,

434 3384 607 3454 βρέφη
649 3385 692 3439 δ’
730 3386 782 3439 ἐν
817 3387 951 3455 αὐτῇ
987 3386 1252 3455 διατρέφει
1292 3387 1409 3447 τοὺς
1446 3388 1687 3454 ῥήτορας.

435 3469 571 3527 οὗτοι
610 3473 925 3540 κεκραγότες
967 3474 1019 3528 δὲ
1050 3475 1121 3530 τοὶ
1161 3474 1436 3530 διαπόντια

439 3562 542 3615 κοξκ
583 3568 675 3624 τῆς
712 3562 897 3624 Ἀσίας
935 3564 1022 3618 καὶ
1057 3565 1199 3619 τάπὸ
1241 3565 1447 3634 Θρᾴκης
1478 3563 1743 3629 λήμματα

442 3646 644 3705 ἕλκουσι
684 3649 847 3718 δεῦρο.
892 3652 1179 3719 νεμομένων
1211 3652 1262 3707 δὲ
1301 3651 1517 3715 πλησΙον
