2436 4068
1083 254 1185 306 155

139 401 328 457 Procul
370 398 590 454 aberant
625 397 955 471 Antiphanes
990 405 1042 452 et
1076 394 1323 468 aequales
1362 394 1428 449 ab
1464 393 1568 450 illis
1600 395 1875 464 sordibus,
1917 398 2110 470 quihus

135 489 381 544 Graeculi
438 489 704 541 maiorum
773 486 1013 557 linguam
1080 484 1517 539 contaminarunt
1584 501 1750 555 quum
1820 495 2109 559 coeperunt

129 580 381 645 ἀκροασαι
420 575 598 631 (licere
636 592 730 647 pro
763 577 923 643 ἀκροᾷ
968 573 1180 646 (Moeris
1219 572 1381 626 Attio.
1423 588 1475 642 p.
1523 572 1611 645 16)
1654 580 1706 627 et
1756 576 1966 641 ἦκροοῖσο
2015 593 2109 647 pro

131 667 309 731 ἦκροῶ,
366 663 573 735 decepti
622 662 838 724 formis,
878 661 1062 731 quales
1103 666 1230 713 sunt
1280 660 1523 722 δύνασαι,
1578 660 1859 726 ἕπίςασαι,
1912 662 2109 720 ἵςασαι.

134 751 270 806 Vere
310 749 651 824 Phrynichus
698 750 754 802 in
793 749 954 803 Bekk.
992 747 1193 802 Anecd.
1235 765 1285 819 p.
1334 752 1430 812 18,
1472 751 1524 802 9.
1579 749 1841 821 aivam&
1897 751 2110 806 τόνδεε

128 842 172 894 οἱ
208 841 261 894 δὲ
300 841 522 904 ἀμαθεῖς
557 835 817 904 προσθέσει
856 843 949 898 τῆς
999 856 1088 889 σαι
1128 837 1522 891 ἀνακτᾶσαι
1562 837 1821 903 λέγουσιν.
1901 838 2114 894 ludaeis

131 926 505 983 Alexandrinis
543 924 674 979 haec
723 922 1074 994 relinquenda
1114 930 1240 976 sunt
1280 931 1333 977 et
1373 924 1419 976 si
1461 925 1553 995 qui
1593 925 1684 979 alii
1726 927 1779 979 in
1821 928 2112 998 provinciis

125 1022 222 1070 aut
262 1031 379 1070 sero
417 1014 527 1068 nati
568 1013 824 1068 Graecam
862 1011 1102 1082 linguam
1145 1012 1325 1082 inepte
1363 1011 1627 1082 loquendo
1674 1015 2107 1086 corrumpebant.

129 1102 486 1175 Antiphanem
530 1102 609 1155 sic
649 1099 849 1155 dixisse
901 1100 1024 1171 quis
1062 1098 1243 1154 credet
1291 1099 1714 1163 Antiatticistae,
1764 1102 1858 1171 qui
1913 1103 2113 1157 nullius

129 1191 313 1246 iudicii
355 1191 512 1245 homo
551 1197 632 1245 est
671 1198 724 1245 et
768 1188 1204 1245 membranarum
1261 1188 1623 1259 mancipium,
1665 1190 1753 1242 cui
1789 1190 2014 1260 quodvis
2053 1192 2111 1246 li-

128 1281 346 1335 brorum
407 1278 660 1334 mendum
722 1277 974 1350 imponit,
1018 1283 1076 1329 ut
1131 1276 1185 1328 in
1234 1276 1510 1347 superiore
1562 1282 1714 1346 parte
1760 1277 2110 1333 ostendimus,

127 1369 463 1439 Quamquam
505 1384 650 1421 nunc
685 1365 902 1438 quidem
944 1381 1046 1418 non
1084 1371 1354 1418 errantem
1397 1362 1678 1417 librarium
1716 1370 1918 1420 temere
1962 1383 2109 1422 secu-

128 1465 216 1512 tus
254 1456 501 1521 videtur,
552 1454 645 1510 sed
698 1455 811 1527 ipse
860 1451 1003 1506 ultro
1049 1452 1243 1506 inscite
1291 1449 1689 1506 barbarismum
1739 1453 2004 1510 invexisse
2047 1473 2111 1511 ex

125 1545 410 1600 sanissima
446 1543 715 1614 scriptura
745 1548 1111 1603 ΗΚΡΟΑΣΟ,
1156 1538 1298 1593 unde
1330 1540 1433 1593 iste
1467 1538 1654 1594 elicuit
1687 1543 1926 1609 ἦκροῖισο,
1968 1544 2108 1615 quod
2164 1553 2166 1556 ’

123 1632 277 1688 avide
315 1632 381 1687 ad
422 1632 700 1686 Atticistas
739 1628 1054 1685 refellendos
1093 1628 1343 1699 arripuit,
1379 1645 1484 1682 non
1518 1627 1762 1684 facturus
1799 1631 1845 1684 si
1886 1630 2106 1687 vidisset

123 1721 336 1788 ἦκρόασο
373 1736 488 1775 esse
524 1718 833 1790 legendum,
875 1734 1013 1789 quae
1049 1715 1220 1770 forma
1260 1724 1366 1771 tam
1410 1716 1572 1788 proba
1611 1724 1692 1771 est
1727 1724 1888 1790 atque
1929 1720 2104 1787 ἠκρόα-

119 1830 234 1871 eae,
273 1808 419 1863 ἴασαι
456 1806 794 1879 similesque,
835 1814 896 1861 ut
937 1806 991 1859 in
1037 1805 1177 1859 notis
1216 1806 1469 1859 senariis:

495 1897 538 1951 εἰ
577 1897 652 1960 μὴ
690 1895 933 1949 τεθέασαι
973 1894 1074 1955 τοὶς
1114 1893 1363 1957 Ἀθήνας,
1404 1893 1623 1962 ςέλεχος
1665 1891 1739 1959 εἷ,

498 1985 542 2038 εἶ
582 1984 634 2038 δὲ
673 1983 916 2037 τεθέασαι
955 1984 1029 2048 μὴ
1069 1982 1365 2048 τεθήρευσαι
1405 1982 1468 2044 δ’,
1507 1981 1631 2043 ὄνος.

195 2072 516 2144 Antiphanis
550 2071 656 2126 duo
703 2070 954 2126 versiculi
989 2070 1132 2142 apud
1159 2069 1445 2125 Stobaeum
1485 2069 1666 2124 Floril.
1709 2070 1844 2126 L111.
1883 2074 1935 2127 9.
1973 2072 2100 2128 olim

119 2159 372 2232 perfaceti
414 2176 559 2214 nunc
599 2159 762 2214 unius
811 2158 1053 2214 vocabuli
1093 2157 1399 2230 corruptela
1439 2156 1572 2211 nihil
1628 2175 1848 2229 prorsus
1901 2160 2102 2232 signifi-

116 2255 258 2303 cant.
337 2246 449 2301 Nisi
489 2248 612 2318 quis
644 2246 781 2301 sorte
819 2246 922 2301 sibi
964 2246 1176 2301 videtur
1213 2246 1343 2300 haec
1382 2245 1706 2316 intelligere:

418 2335 498 2395 τίς
537 2335 582 2389 δ’
620 2334 740 2403 οὐχὶ
782 2335 1003 2390 θανάτου
1043 2335 1373 2404 μισθοφόρος,
1417 2332 1452 2388 ὦ
1494 2333 1765 2403 φιλτάτη,

417 2421 468 2485 ὃς
506 2421 656 2478 ἕνεκα
695 2428 785 2479 τοῦ
825 2423 914 2492 ζῆν
954 2423 1127 2491 ἔρχετ’
1165 2424 1601 2489 αποθανούμενος;

116 2510 349 2568 Verbum
390 2512 753 2567 necessarium
801 2511 1024 2584 proclivi
1074 2528 1255 2566 errore
1296 2511 1565 2567 scribendi
1605 2512 1660 2566 in
1704 2529 1894 2568 nomen
1941 2514 2101 2581 abiit,

115 2599 255 2674 quod
295 2601 616 2656 sententiam
659 2617 879 2673 prorsus
915 2598 1165 2672 perdidit.
1229 2599 1430 2673 Nempe
1469 2599 1829 2655 revocandum
1868 2609 1950 2657 est
1987 2620 2100 2659 ver·

115 2687 269 2754 bum,
310 2688 451 2761 quod
481 2694 552 2744 -et
599 2688 740 2761 apud
780 2688 912 2743 alios
953 2687 1141 2743 crebro
1183 2687 1382 2759 legitur
1417 2696 1470 2745 et
1518 2690 1572 2743 in
1619 2689 1793 2744 iocoso
1832 2689 1947 2746 loco
1987 2692 2099 2746 Pla-

115 2779 256 2832 tonis
290 2778 341 2831 in
379 2776 659 2833 Phaedone
690 2794 744 2850 p.
778 2780 869 2832 64.
904 2777 961 2831 B.
996 2778 1066 2845 τῷ
1097 2776 1198 2832 ὄντι
1232 2779 1274 2831 οἱ
1307 2781 1715 2847 φιλοσοφοῦντες
1754 2779 2098 2835 θανατῶσι

114 2866 199 2921 καὶ
240 2870 386 2935 σφας
426 2887 493 2932 ’γε
530 2867 584 2920 οὐ
624 2868 903 2930 λελήθασιν
939 2862 1016 2921 ὅτι
1057 2864 1192 2929 ἄξιοί
1237 2868 1334 2920 εἶσι
1387 2871 1534 2921 τοῦτο
1575 2865 1823 2935 πάσχειν.
1906 2866 2098 2923 Omnia

114 2954 309 3027 optime
352 2954 651 3019 habebunt,
694 2954 783 3009 ubi
824 2954 1218 3010 emendaveris:

411 3044 489 3103 τίς
531 3044 576 3098 δ’
617 3044 735 3112 οὐχὶ
777 3045 979 3112 θανατᾷ
1019 3043 1353 3111 μισθοφόρος,
1393 3041 1429 3097 ὦ
1469 3044 1733 3113 φιλτάτη.

186 3129 418 3186 Solemni
458 3130 746 3187 admodum
790 3139 843 3186 et
873 3130 1138 3202 frequenti
1179 3130 1487 3186 confusione
1521 3132 1662 3186 inter
1698 3147 1752 3186 se
1786 3139 2095 3203 permutan-

112 3222 202 3273 tur
242 3218 293 3272 in
328 3218 479 3273 libris
513 3221 721 3288 ἆφελής
761 3227 814 3275 et
854 3221 1137 3288 ἀσφαλής,
1186 3221 1400 3287 ἀφελῶς
1441 3227 1494 3275 et
1530 3222 1822 3289 ἀσφαλῶς,
1861 3220 2090 3289 ἀφέλεια

111 3311 164 3361 et
182 3306 458 3375 ἀσφάλεια
481 3308 583 3372 sic,
620 3316 679 3362 ut
714 3307 1056 3378 υὺίοὶφέλεια
1091 3308 1389 3380 requiritur
1425 3309 1622 3381 passim
1661 3307 1938 3377 ἀσφάλεια
1976 3324 2090 3378 per·

113 3393 290 3466 inepte
324 3394 550 3466 legatur.
611 3395 875 3452 Videntur
920 3398 1160 3466 αφελής,
1199 3399 1415 3465 ἀφελῶς
1457 3404 1511 3451 et
1546 3397 1779 3466 ἀφέλεια
1814 3396 1867 3448 in
1908 3394 2091 3450 desue-

115 3480 351 3538 tudinem
390 3483 612 3548 abiisse,
660 3485 798 3540 unde
835 3484 1036 3540 sactum
1075 3492 1133 3540 ut
1169 3485 1374 3541 scribae
1411 3492 1595 3539 notum
1638 3484 1740 3538 sibi
1776 3480 2091 3538 vocabulum

116 3570 294 3641 ignoto
333 3572 722 3629 substituerent
762 3574 1059 3629 sententiae
1099 3581 1151 3629 et
1191 3574 1351 3629 metri
1389 3574 1589 3630 securi.
1671 3571 1730 3625 ln
1772 3569 2093 3642 Antiphanis

117 3656 414 3731 fragmento
466 3661 603 3733 apud
654 3662 843 3719 Athen.
898 3680 944 3734 p.
992 3667 1116 3718 494.
1157 3662 1214 3718 D.
1259 3661 1390 3718 liber
1432 3661 1665 3715 Venetus
1698 3664 1752 3714 et
1792 3658 2095 3732 apographa
