2436 4068
1058 200 1161 255 385

106 353 244 419 ὑμῶν
283 350 367 405 διὰ
401 349 500 408 τοὶς
548 347 684 414 ἐμὰς
723 348 902 412 ἡδονὰς
940 347 1116 403 κοέκιον
1171 349 1351 403 οἰκεῖ
1396 348 1497 403 οὐδ’
1548 346 1782 416 ἑτέρηται
1834 356 1927 412 τῆς
1977 368 2080 404 ποια

101 441 279 507 τρίδος.
356 437 623 508 Compone
653 452 779 491 cum
813 435 897 490 his
936 435 1097 490 verba
1138 435 1373 491 Platonis
1410 437 1465 490 in
1507 435 1636 508 Rep.
1677 437 1741 491 X.
1784 454 1833 508 p.
1866 440 1974 491 599
2016 437 2079 492 D.

102 525 139 581 ὦ
176 526 306 595 Φίλε
340 525 577 591 Ὅμηρε,
617 556 693 565 -
729 525 809 584 τίς
850 530 948 578 τῶν
987 523 1184 578 πόλεων
1233 524 1318 578 διὰ
1357 524 1414 578 σὲ
1452 524 1660 591 βέλτιον
1699 523 1978 593 &seno-eim
2025 532 2081 579 et

105 614 172 669 de
213 614 374 683 Legg.
410 613 503 667 lx.
545 629 595 683 p.
625 615 734 666 872
777 612 837 666 D.
878 613 929 664 ἐν
982 617 1150 672 κακῶς
1197 612 1547 673 οἰκούσαις
1602 613 1690 667 καὶ
1738 612 2080 682 τρεφομέναις

101 701 348 763 πόλεσιν,
401 706 455 754 et
504 698 647 769 apud
712 698 1117 770 Xenophontem
1173 699 1229 752 iu
1291 700 1481 772 Cyrop.
1525 700 1664 755 V111.
1705 718 1740 755 1.
1784 704 1838 757 2.
1899 700 2083 775 (quem

102 788 280 844 locum
326 786 688 842 Schneiderus
726 786 965 859 apponit)
1020 793 1162 841 ποῖαι
1202 786 1380 848 πόλεις
1417 788 1641 853 νομίμως
1689 787 1755 843 ἂν
1787 789 2081 853 οἷκήσειοινς

102 884 159 933 et
205 877 406 949 passim
459 875 604 930 alibi.
701 876 966 929 Οἱκεῖσθοιι
1023 874 1231 945 passive
1288 876 1584 946 respublica
1640 875 1747 930 dici
1802 876 1970 941 solet,
2022 878 2082 932 τὸ

102 964 258 1020 κοινόν
292 981 397 1018 non
429 966 472 1018 oi
512 971 763 1027 πολῖται,
803 969 856 1017 et
903 963 981 1016 sic
1021 963 1235 1033 saepius
1276 965 1303 1026 ἧ
1341 962 1491 1023 πόλις
1531 961 1623 1027 εὖ,
1663 969 1867 1028 κακῶς,
1907 963 2084 1020 κάκιον

100 1054 313 1108 οἰκεῖται
348 1059 403 1107 et
440 1054 700 1116 οἰκήσεται
740 1050 1015 1114 occurrit,
1068 1050 1234 1104 veluti
1273 1050 1416 1122 apud
1467 1050 1880 1105 Demosthenem
1934 1051 2080 1107 Orat.

100 1141 285 1197 LVIII.
323 1144 414 1195 62.
466 1143 520 1195 οὐ
575 1140 679 1207 γὰρ
732 1140 791 1201 δὴ
837 1139 1004 1194 πείσει
1054 1141 1110 1203 γ’
1161 1139 1301 1204 ὑμᾶς
1350 1139 1510 1198 οὐδεὶς
1555 1170 1629 1179 ——
1678 1142 1743 1200 ὡς
1794 1140 1880 1193 διὰ
1932 1143 2082 1195 τοῦτο

101 1237 272 1299 χεῖρον
306 1232 335 1293 ἦ
374 1229 524 1289 πόλις
573 1228 852 1291 οἰκήσεται.
893 1227 1182 1282 τούνοιντιόν
1222 1226 1326 1295 γάρ
1368 1229 1501 1289 ε’ςιν,
1541 1228 1604 1288 ὥς
1651 1228 1752 1291 ἐγὼ
1792 1232 1889 1281 τῶν
1929 1246 2080 1293 πρεσ-

102 1318 327 1385 βυτέρων
363 1318 547 1372 ἀκούω.
588 1315 708 1370 τότε
749 1314 855 1383 γάρ
901 1322 1065 1384 φασιν
1120 1314 1327 1382 bipes-x
1372 1313 1614 1382 πρᾶξαι
1651 1316 1742 1377 τὴν
1779 1315 1958 1380 πόλιν,
1998 1314 2083 1368 ὅτε

103 1406 294 1473 μέτριοι
352 1403 438 1460 καὶ
493 1405 744 1473 σώφρονες
793 1403 967 1472 ἄνδρες
1015 1404 1387 1459 ἐπολιτεύοντο.
1482 1401 1643 1457 Vides
1693 1416 1852 1474 quam
1903 1401 2085 1457 affinia

105 1494 215 1549 sint
251 1491 308 1549 εὖ
344 1494 604 1557 οἰκήσεται
653 1499 706 1547 et
745 1490 900 1559 ἄριςοο
940 1491 1176 1559 ἔπραξεν.
1255 1491 1479 1562 Itaque,
1534 1492 1786 1562 quoniam
1829 1491 1884 1544 in
1931 1490 2083 1545 Galli-

103 1580 342 1636 cratidae
377 1580 553 1636 verbis
593 1582 744 1635 οἰκεῖν
786 1597 891 1634 non
928 1581 1170 1635 οἰκεῖσθαι
1206 1579 1341 1632 mihi
1382 1580 1585 1650 requiri
1626 1579 1870 1644 videtur,
1912 1580 2085 1651 suspi-

101 1670 185 1725 cio
225 1669 357 1724 mihi
397 1669 624 1725 subnata
664 1676 747 1723 est
787 1685 855 1723 an
897 1667 1034 1723 sorte
1084 1667 1315 1722 dixerit:
1374 1669 1512 1721 οὐδὲν
1568 1669 1643 1733 μὴ
1696 1667 1902 1727 κάκιον,
1959 1669 2083 1734 ἐμοῦ

99 1758 468 1820 ἀποθανόντος,
512 1760 540 1820 ἦ
578 1757 796 1824 Σπάρτη
849 1758 1204 1818 οἷκιεῖτοιι,
1249 1755 1315 1810 de
1355 1772 1461 1826 qua
1499 1755 1669 1809 forma
1709 1755 1876 1809 futuri
1914 1756 2087 1810 multa

101 1864 265 1919 supra
323 1846 715 1910 disseruimuS,
774 1843 1229 1917 quemadmodum
1274 1860 1447 1916 nuper
1505 1845 1637 1898 satis
1695 1842 2088 1903 deelaravimus

100 1933 194 2006 qui
235 1934 351 1990 iieri
400 1935 637 2007 potuerit
677 1940 738 1988 ut
783 1935 1015 1989 οἰκιεῖτοιι
1060 1933 1117 1986 in
1156 1934 1369 1987 οἰκεῖται
1412 1931 1814 2004 depravaretur.
1895 1934 2086 1988 Οἶκιεῖ·

99 2043 188 2078 ται
231 2039 325 2095 pro
380 2024 568 2086 οἰκήσει
611 2039 643 2077 a
681 2021 1023 2076 Callicratida
1079 2021 1325 2092 suspicor
1363 2037 1480 2075 esse
1521 2020 1728 2075 dictum
1755 2062 1769 2085 ,
1828 2019 2085 2092 quemad·

101 2109 321 2166 modum
360 2110 590 2165 eundem
637 2110 763 2164 alibi
802 2116 1104 2178 μαχλῶντοο
1142 2124 1240 2180 pro
1295 2109 1613 2176 μοιχεύοντα
1661 2125 1952 2180 usurpasse
1999 2125 2083 2164 ve⁴

98 2197 327 2255 risimile
365 2214 481 2253 esse
520 2197 774 2253 diximus,

173 2285 328 2341 Nunc
366 2303 432 2341 ex
478 2285 703 2358 reliquis
748 2286 968 2357 scriptis
1025 2283 1423 2356 Xenophonteis
1463 2295 1634 2358 pauca
1687 2284 1951 2358 quaedam
1993 2285 2082 2340 ad·-

95 2371 392 2429 ditamenta
426 2375 719 2445 insigniora
757 2373 997 2428 breviter
1035 2372 1259 2428 enotabo
1297 2374 1450 2429 etsie
1490 2373 1557 2429 ad
1599 2374 1970 2448 Thucydidem
1998 2390 2086 2429 me

99 2460 388 2517 conseram.
467 2461 727 2517 Exordiar
769 2479 799 2517 a
837 2461 1194 2535 Cyropaedia,
1235 2463 1329 2534 qui
1366 2462 1502 2517 liber
1556 2479 1684 2535 prae
1725 2463 1952 2518 caeteris
2005 2463 2083 2516 in·

99 2550 300 2622 legi-ior
331 2549 398 2605 ad
440 2567 535 2605 nos
575 2552 855 2623 pervenit,
912 2549 1256 2621 paucioribus
1310 2556 1521 2605 tantum
1581 2551 1728 2606 vitiis
1780 2557 1833 2606 et
1880 2550 2083 2605 addita-

99 2639 296 2694 mentis
336 2639 685 2711 inquinatuS,
739 2640 793 2693 in
848 2638 1044 2711 quihus
1098 2647 1278 2693 tamen
1330 2638 1585 2693 nonnulla
1637 2646 1766 2694 sunt
1813 2637 2080 2693 foediora:

96 2734 151 2783 et
192 2743 358 2782 unum
413 2726 631 2799 quidem
671 2728 910 2782 omnium
956 2728 1331 2799 turpissimum
1374 2726 1672 2792 emblema,
1713 2744 1818 2800 quo
1872 2726 2081 2782 nullum

97 2812 206 2871 iere
245 2814 535 2870 absurdius
589 2832 814 2888 usquam
870 2832 956 2870 me
1009 2815 1190 2870 videre
1243 2815 1502 2881 memini,
1558 2816 1777 2887 irrepsit
1823 2816 1878 2870 in
1921 2815 2081 2889 Cyro·

97 2902 247 2976 paed.
287 2902 426 2958 VIII.
471 2922 504 2957 1.
548 2908 638 2960 44.
718 2904 912 2959 Narrat
954 2903 1242 2976 Xenophon
1293 2903 1489 2975 quibus
1544 2904 1717 2959 modis
1751 2904 1924 2978 Cyrus
1966 2921 2079 2958 ser·

97 3009 189 3048 vos
235 2993 289 3047 in
340 2990 513 3047 officio
553 2994 830 3048 continere
886 2990 1095 3047 soleret.
1177 2991 1347 3047 Dabat
1385 3010 1629 3063 operam,
1690 2993 1903 3064 inquit,
1944 2990 2077 3052 ὅπως

97 3083 230 3147 μήτε
266 3079 433 3136 ἄσιτοι
466 3083 602 3146 μήτε
638 3081 826 3137 ἄποτοί
864 3101 990 3136 ποτε
1034 3080 1219 3135 ἔσοιντο
1261 3081 1546 3150 ἐλευθερίων
1584 3079 1735 3135 ἕνεκα
1769 3080 2074 3147 fasma-nude-

97 3189 227 3234 των,
264 3168 404 3242 quod
444 3186 611 3241 quum
651 3169 907 3243 exemplis
947 3167 1269 3240 quibusdam
1310 3186 1416 3241 quo
1467 3176 1620 3242 pacto
1662 3169 1862 3224 faceret
1903 3176 2074 3222 osten·

98 3256 263 3313 disset
302 3258 376 3312 iia
427 3258 633 3330 pergit:
686 3257 782 3317 (15:5⁶
824 3258 910 3313 xa)
955 3255 1088 3313 οὗτοι
1148 3259 1306 3313 αὐτὸν
1358 3256 1525 3325 ὥσπερ
1565 3261 1607 3313 οἱ
1656 3257 1816 3325 bipes-01
1870 3255 2075 3323 πατέροο

98 3345 314 3400 dail-ow
342 3343 418 3401 ὅτι
459 3347 746 3411 ἐπεμέλετο
784 3349 984 3409 αὐτῶν,
1033 3343 1187 3420 [ὅπως
1227 3347 1612 3416 ἀναμφιλόγως
1652 3347 1732 3400 ἀεὶ
1780 3343 2075 3412 ἀνδράποδα

99 3432 439 3504 Beona-saona,
479 3450 615 3506 quae
654 3452 684 3490 a
720 3436 948 3491 caeteris
981 3433 1303 3488 seclusimus
1334 3434 1493 3490 verba
1534 3441 1662 3490 sunt
1701 3434 1879 3487 nescio
1915 3431 2075 3486 cuius

104 3518 501 3590 Xenophontem
541 3522 719 3578 odiose
767 3522 1060 3579 irridentis,
1142 3522 1246 3577 Res
1297 3524 1578 3595 perspicua
1631 3530 1744 3585 est,
1804 3521 1931 3575 αὐτὸ
1968 3519 2074 3586 γὰρ

98 3607 239 3675 βοᾷ,
279 3614 328 3662 et
370 3606 578 3665 dicendi
616 3628 785 3682 genus
828 3629 928 3666 non
976 3618 1055 3666 est
1102 3612 1385 3683 antiquum
1422 3612 1714 3676 ἀνδράποδα
1754 3610 2073 3664 διατελοῦσιν

1707 3704 1747 3733 'ln
