2436 4068
1322 207 1428 258 600

374 354 432 419 ἐξ
477 353 765 417 ὁπόσωνπερ
805 351 947 406 ἐθνῶν
1001 349 1228 415 δασμοὺς
1261 349 1531 415 λαμβάνει
1568 348 1825 416 τέταχε
1878 350 1946 415 τῷ
1984 349 2196 418 ἄρχοντι
2239 350 2355 405 ἑκά·-

369 444 581 511 ςῳκτὲ.
663 436 1066 493 Lacedaemonii
1121 436 1278 489 sociis
1331 437 1385 488 in
1443 435 1597 490 Italia
1652 434 1940 507 Siciliaque
1995 453 2155 491 naves
2195 438 2352 507 impe-

367 536 612 585 raverant
648 527 809 580 etiam
853 531 1140 594 antequam
1186 522 1426 576 Thebani
1475 522 1716 576 Plataeas
1770 525 1947 577 conati
1998 531 2126 578 sunt
2180 526 2353 596 oppri-

370 634 547 680 mere,
587 615 748 685 idque
780 613 959 683 ipsum
995 610 1337 683 Thucydides
1367 611 1444 664 sic
1466 610 1696 663 dixerat:
1737 612 2130 677 Λακεδαιμόνιοι
2164 613 2350 677 μὲν-

371 709 493 764 ναῦς
536 700 1058 768 ἐπετεταχεσαν
1101 700 1379 762 ποιεῖσθαι,
1421 713 1556 767 quae
1585 696 1758 751 forma
1795 699 1999 762 rarior,
2038 699 2164 769 quia
2204 697 2349 754 sacil-
2432 688 2436 699 ὲ

371 791 500 845 lime
536 790 590 842 in
626 789 779 842 libris
808 807 852 853 χ
885 794 936 840 et
975 786 1036 853 χ’
1061 784 1533 859 (quemadmodum
1570 790 1687 852 etcp
1709 783 1881 857 —qD⁰)
1920 784 2354 850 confunduntur,

371 879 429 932 in
469 875 902 942 ἐπετετάχθησαν
946 881 997 928 et
1038 873 1410 941 ἐπετάχθησαν
1447 871 1608 935 abiit,
1650 889 1754 943 quo
1806 871 1946 926 sacto
2002 875 2182 928 nescio
2235 875 2357 945 quis
2434 931 2436 935 ,

373 963 797 1029 Λακεδαιμονίοις
836 961 1062 1016 correoet't
1094 960 1316 1015 scilicet.
1398 959 1688 1013 Confirmat
1728 961 1891 1013 etiam
1924 959 2062 1015 hanc
2094 964 2357 1017 rationem
2432 1019 2436 1022 ,

374 1052 607 1106 aoristus
646 1058 751 1111 τοῖς
792 1049 1036 1104 τοέκείνων
1093 1047 1430 1114 ἑλομένοις
1464 1079 1537 1087 —-
1576 1047 2005 1115 ἐπετετοίχεσαν,
2062 1049 2130 1103 iis
2170 1051 2264 1121 qui
2301 1067 2360 1105 se

377 1139 444 1194 ad
485 1138 698 1193 illorum
740 1138 1052 1191 societatem
1091 1136 1459 1208 applicuissent
1510 1135 1909 1205 imperaverant.
1992 1136 2045 1190 Si
2089 1153 2232 1192 nunc
2273 1137 2360 1192 de·
2431 1207 2436 1209 α

380 1243 528 1281 mum
573 1225 690 1280 illos
730 1241 792 1280 ea
830 1226 1121 1296 imperasse
1171 1224 1322 1277 novis
1374 1223 1534 1276 sociis
1587 1222 1766 1276 dicere
1816 1222 2070 1278 voluisset
2110 1241 2215 1279 non
2255 1227 2361 1279 ἑλο·

379 1316 577 1381 μένοις,
626 1321 685 1368 ιιι
725 1313 940 1384 opinor,
981 1313 1314 1383 scripsisset,
1356 1309 1449 1364 sed
1489 1311 1816 1377 αἱρουμένοις.

457 1403 626 1470 Quam
666 1400 820 1456 facile
860 1401 1132 1471 scriptura
1170 1420 1362 1466 -χεο-αν
1406 1399 1457 1451 in
1495 1401 1720 1465 ·χθησαν
1761 1398 1909 1453 abire
1949 1399 2116 1470 possit
2154 1399 2362 1456 docebit

378 1491 592 1545 Bastius
633 1490 687 1542 in
729 1488 1026 1542 Comment.
1070 1487 1340 1557 Palaeogr.
1386 1504 1439 1557 p.
1487 1491 1611 1542 750.

460 1576 633 1632 Verba
675 1579 730 1630 in
771 1574 962 1630 Oecon.
1004 1574 1066 1628 V.
1108 1579 1162 1632 8.
1204 1575 1282 1634 τίς
1327 1575 1378 1627 δὲ
1419 1572 1548 1636 ἥδιον
1601 1575 1685 1628 τὸν
1727 1577 2097 1643 ἐπιμελόμενον
2148 1577 2363 1646 δέχεται

382 1665 824 1734 προτείνουσα
873 1665 942 1731 τῷ
987 1662 1238 1730 προσιόντι
1286 1662 1477 1727 λαβεῖν
1517 1660 1548 1715 δ’
1582 1683 1630 1717 τι
1681 1664 1888 1732 χρῄζεις
1941 1664 2230 1720 admonent
2279 1683 2365 1720 me

379 1755 483 1810 loci
520 1752 661 1824 apud
694 1750 1106 1806 Demosthenem
1149 1768 1182 1822 p
1232 1754 1364 1814 179,
1404 1754 1469 1803 15
1508 1751 1530 1803 ὁ
1567 1751 1662 1816 μὲν
1702 1751 2181 1820 γαρ-χρήματα
2218 1754 2364 1809 δώσει

382 1843 515 1898 τισὶν
557 1844 723 1896 αὐτῶν
766 1839 851 1894 καὶ
892 1839 1079 1908 φιλίαν
1119 1845 1585 1907 προτενεῖται,
1641 1838 1730 1893 ubi
1771 1849 2006 1906 προτενεῖ
2042 1859 2146 1895 non
2189 1863 2364 1910 προτε-

385 1938 547 1986 νεῖται
584 1944 774 1983 censeo
796 1944 910 1982 esse
934 1926 1295 1980 scribendum.
1338 1927 1968 1998 Hporslvstvfflorriqere,
2004 1930 2221 2000 offerre,
2263 1930 2369 1984 exi·
2422 1975 2426 1980 ,

385 2019 493 2073 mie
528 2018 573 2071 is
606 2015 808 2070 dicitur
841 2015 934 2086 qui
966 2022 1183 2069 ostentat
1216 2014 1378 2069 alicui
1414 2014 1617 2086 aliquid
1647 2015 1805 2086 idque
1841 2033 1896 2070 se
1927 2016 2182 2071 daturum
2216 2034 2366 2088 spem
2419 2062 2433 2093 9

383 2105 513 2160 facit
553 2103 746 2176 cupido
783 2110 835 2157 et
872 2102 1134 2167 inhianti,
1175 2102 1318 2156 haud
1369 2120 1524 2157 secus
1561 2109 1722 2173 atquc
1762 2105 2008 2171 προσείειν
2046 2106 2101 2159 τί
2138 2126 2261 2171 τινι,
2302 2105 2366 2160 de
2416 2099 2433 2139 ξ’

386 2212 492 2266 qua
529 2193 798 2248 locutione
839 2191 1054 2261 egregia
1082 2199 1163 2245 est
1202 2190 1290 2245 illa
1329 2191 1635 2246 Ruhnkenii
1672 2199 1724 2246 et
1769 2191 2166 2247 Heinsterhusii
2206 2210 2365 2247 anno·
2418 2181 2423 2186 ⁴

384 2284 518 2338 tatio
564 2280 630 2336 ad
685 2281 966 2333 Timaeum
1015 2297 1064 2333 v.
1112 2279 1341 2340 Θαλλός.
1429 2279 1718 2333 Coniunxit
1772 2287 2063 2351 utrumque
2113 2280 2262 2336 Plato
2310 2282 2364 2335 in

386 2370 625 2427 Phaedro
669 2386 716 2440 p.
757 2372 865 2422 250
908 2368 970 2424 D.
1014 2384 1044 2421 a
1095 2367 1416 2422 Ruhnkenio
1468 2369 1774 2439 appositus:
1825 2368 1990 2435 ὥσπερ
2041 2371 2084 2424 οἱ
2132 2371 2204 2424 τα
2259 2392 2368 2425 πει·
2419 2407 2427 2434 4

387 2466 548 2516 νῶντα
589 2458 866 2525 θρέμματα
906 2457 1095 2510 θαλλὸν
1149 2457 1462 2523 προσείοντες
1509 2455 1695 2520 ἄγουσι
1745 2457 1806 2510 σὺ
1850 2456 1960 2522 ἐμοὶ
2013 2457 2198 2523 λόγους
2240 2456 2367 2513 οὕτω
2435 2484 2436 2488 ’

389 2547 747 2616 προτείνων
787 2576 860 2584 ——
909 2546 1000 2607 τὴν
1060 2546 1302 2606 Ἀττικὴν
1359 2544 1532 2612 φαίνει
1592 2542 1850 2611 περιάξειν
1910 2542 2144 2599 ἅπασαν.
2239 2547 2422 2614 Quis

389 2635 574 2692 credat
634 2635 690 2687 in
745 2632 940 2686 talibus
991 2632 1150 2687 verbo
1216 2633 1488 2700 προτείνειν
1539 2631 1620 2686 vel
1677 2632 1921 2699 προσείειν
1983 2633 2200 2705 perinde
2256 2650 2408 2689 verr

387 2725 517 2779 bum
572 2723 888 2791 προσείεσθαι
945 2719 1025 2775 vel
1078 2722 1424 2788 προτείνεσθαι
1481 2736 1633 2790 posse
1683 2719 1974 2774 substitui?
2057 2721 2273 2775 Videbis
2314 2723 2368 2777 in
2404 2787 2414 2795 J

388 2811 586 2867 talibus
637 2810 835 2883 passim
887 2810 1163 2877 προτείνειν
1214 2809 1492 2879 usurpari,
1547 2815 1607 2862 ut
1647 2807 1788 2880 apud
1836 2809 2124 2863 Isocratem
2164 2811 2219 2864 in
2256 2810 2369 2865 Pla·
2434 2874 2436 2879 .

385 2901 515 2956 taio.
572 2903 662 2954 45.
713 2899 804 2959 τὴν
859 2898 1168 2964 αὐτονομίαν
1218 2897 1589 2964 προτείνοντες,
1644 2903 1697 2951 et
1739 2895 2120 2967 Antiphontem
2159 2898 2222 2954 V.
2279 2902 2365 2954 50.
2403 2894 2436 2967 ,Vs

388 2987 670 3054 ἐλευθερίαν
720 2985 1106 3053 προτείναντες,
1159 2992 1212 3039 et
1264 2983 1677 3038 Demosthenem
1714 2985 1770 3037 in
1820 2982 1965 3038 Orat.
2009 2986 2199 3040 XXIII.
2245 2992 2366 3041 117.
2404 2979 2435 3046 ,ᾗ

387 3075 762 3140 ἐξαπατώντων
819 3094 868 3126 τι
917 3074 1014 3126 τῶν
1064 3073 1483 3138 Λακεδαιμονίων
1543 3071 1630 3125 καὶ
1694 3073 2165 3140 προτεινόντων
2226 3074 2364 3132 πίςιν
2399 3061 2434 3141 J}

385 3162 559 3227 ἥντινα
611 3161 865 3227 βούλεται
919 3160 1250 3225 λαμβάνειν,
1300 3167 1352 3214 et
1404 3161 1525 3214 aliis
1564 3160 1694 3214 locis
1739 3160 1827 3213 ubi
1867 3160 1989 3230 quis
2028 3167 2121 3214 aut
2161 3162 2366 3215 lucrum

384 3258 479 3306 aut
517 3249 852 3323 formidinem
889 3253 983 3300 aut
1024 3265 1165 3319 spem
1203 3247 1365 3301 alicui
1402 3248 1604 3301 dicitur
1643 3255 1923 3311 ostentare,
1958 3247 2122 3315 κέρδος
2145 3251 2173 3311 ἢ
2197 3250 2364 3318 φόβον
2399 3237 2431 3270 *¹

384 3341 412 3402 ἢ
455 3338 642 3392 ἐλπίδα
683 3336 973 3404 προτείνειν.
1053 3334 1207 3405 Apud
1248 3335 1544 3389 Lucianum
1586 3336 1639 3388 in
1675 3333 1896 3406 Naviqt‘o
1923 3353 2024 3389 areu
2062 3336 2191 3389 votis
2228 3339 2256 3406 §
2292 3340 2362 3391 59
2397 3362 2429 3405 y

384 3428 437 3481 in
479 3424 728 3480 omnihus
763 3423 917 3478 libris
956 3416 1035 3476 est
1084 3422 1288 3489 χρύσεα
1343 3423 1637 3488 ἐκπώματα
1690 3422 2203 3489 προτεινόμενος
2256 3430 2360 3485 τοῖς
2427 3422 2429 3443 ¹

383 3512 806 3579 συμπόταιξ,”ἰίι’
836 3512 965 3563 ὐηο
1014 3510 1251 3562 onmium
1304 3511 1504 3579 optimo
1554 3509 1816 3577 προτείνων
1855 3518 2055 3573 exstat,
2098 3510 2238 3581 quod
2279 3527 2363 3565 me
2426 3511 2427 3514 ’

380 3601 616 3655 nondum
668 3599 900 3671 poenitet
954 3597 1006 3651 in
1060 3604 1492 3652 ΠΡΟΠΕΙΝΩΝ
1548 3597 1600 3652 id
1652 3605 1728 3652 est
1777 3599 2022 3666 προπίνων
2067 3598 2362 3667 refluxisse,
