2436 4068
1273 226 1380 274 506

343 377 672 432 κελεύθου
726 389 789 427 ex
832 367 1104 440 Euripidis
1163 367 1358 421 TroatL
1394 371 1520 421 887.
1552 356 1706 422 'unde
1761 375 1813 422 et
1871 369 1941 422 τοὶ
2000 370 2135 431 θνήτ’
2177 367 2328 433 ἄγειν

348 483 443 538 pro
477 466 548 520 τὰ
589 466 774 525 θνητῶν
816 457 1167 530 reposuerim.
1248 454 1448 509 Eodem
1491 454 1645 508 modo
1688 456 1815 526 quid
1872 455 2063 509 Strabo
2106 457 2331 527 scripse·

351 556 422 608 rit
463 553 778 622 colligemus
818 564 881 602 ex
920 543 1195 600 Plutarchi
1230 543 1559 615 Symposiac.
1596 543 1634 595 I.
1667 560 1701 596 1.
1745 548 1796 597 5.
1838 543 1878 617 S
1913 548 1964 597 2.
2006 546 2104 605 τας
2145 545 2334 612 ψυχας

352 646 406 697 αἱ
448 643 543 707 μὲν
583 636 813 707 ἐλαφραὶ
871 635 1106 702 ζητήσεις
1146 632 1387 696 ἐμμελῶς
1441 631 1528 684 καὶ
1585 632 1860 700 ὠφελίμως
1904 638 2160 696 κινοῦσιν,
2221 635 2244 685 ε’
2259 653 2336 699 ρι-

350 728 630 784 δαντέων
690 727 742 779 δὲ
802 723 945 778 κατα
1007 721 1325 788 Δημόκριτον
1385 720 1472 773 καὶ
1540 721 2076 784 ἱμαντελικτέων
2150 720 2337 785 λόγους

354 817 596 886 ἀφετέον.
675 813 861 867 Nonne
900 811 1020 864 luce
1072 809 1271 862 clarius
1318 816 1400 862 est
1451 807 1591 877 apud
1634 806 1947 862 Strabonem
1992 809 2046 861 in
2081 807 2175 875 ἔριν
2213 810 2338 862 διαι-

351 907 549 960 τώντων
606 902 772 956 latere
817 897 1267 967 ἐριδαντέωνῗ
1350 895 1499 961 Quod
1541 896 1631 965 qui
1687 897 2051 950 certissimum
2106 913 2224 950 esse
2260 897 2338 948 vi-

354 994 463 1051 det,
491 990 645 1046 facile
684 989 952 1059 intelliget
994 985 1405 1042 Eratosthenem
1452 984 1607 1054 plane
1660 984 1845 1039 eadem
1887 986 2180 1039 Democriti
2224 1001 2339 1038 ver-

351 1082 451 1146 ba,
491 1096 629 1152 quae
668 1076 990 1133 Plutarchus
1031 1075 1247 1139 attulit,
1290 1090 1578 1144 usurpasse
1618 1081 1670 1127 et
1711 1074 1788 1127 ita
1834 1075 2148 1145 scripsisse:
2190 1073 2342 1127 ἀλλὰ

353 1170 502 1236 μόνον
543 1167 950 1235 ἐριδαντέων
1002 1165 1087 1218 καὶ
1150 1161 1679 1228 ἱμαντελικτέων
1724 1163 1868 1216 κατα
1921 1163 2237 1229 Δημόκριτον
2277 1159 2343 1216 εἴ·
2428 1202 2436 1213 ,

354 1280 471 1324 ναι,
520 1264 573 1312 et
612 1257 664 1309 in
702 1252 1149 1327 praecedentibus
1193 1257 1298 1312 πῶς
1340 1251 1402 1305 ἂν
1441 1252 1513 1311 εἷς
1555 1250 1787 1317 πρᾶγμα
1827 1272 1877 1305 τι
1922 1251 2046 1324 (non
2087 1250 2341 1316 πραγμα-

353 1348 447 1420 τα)
490 1345 830 1412 καταςρέφοι.
912 1341 1142 1395 Immani
1183 1357 1363 1394 errore
1406 1341 1459 1392 in
1511 1338 1596 1392 his
1654 1339 1782 1410 ipsis
1837 1340 2127 1393 Democriti
2170 1338 2346 1392 verbis

355 1437 599 1492 Clemens
641 1430 1032 1488 Alexandrinus
1073 1437 1125 1484 et
1168 1430 1280 1500 ipse
1319 1428 1502 1499 lapsus
1542 1434 1623 1481 est
1673 1435 1725 1481 et
1771 1428 1902 1481 alios
1944 1445 2126 1482 secum
2180 1428 2348 1481 traxit
2428 1444 2436 1479 ,³

355 1541 523 1596 quum
588 1520 849 1575 scriberet
900 1521 952 1572 in
1010 1518 1342 1572 Stromatum
1398 1516 1520 1569 libr.
1555 1516 1597 1570 Ι.
1651 1533 1701 1587 p.
1738 1519 1847 1570 279
1887 1516 1949 1571 D.
2011 1515 2158 1589 Sylb.
2209 1516 2345 1570 οἶδέ
2430 1515 2436 1587 J

356 1634 489 1672 τινες
539 1614 687 1679 σφοῖς
746 1608 934 1668 αὐτοὺς
976 1607 1270 1673 ἐπαίροντες
1329 1605 1586 1669 διαβολὰς
1642 1612 1748 1665 τοῖς
1807 1604 1982 1669 λόγοις
2041 1603 2346 1672 ἐξευρίσκειν
2428 1592 2436 1654 Ῐ

357 1701 630 1768 βιάζονται
675 1697 910 1766 ζητήσεις
954 1695 1176 1762 ἐριςικας
1233 1693 1577 1760 ἐκπορίζοντες
1638 1693 2025 1756 »λεξειδίωμ
2074 1696 2350 1761 θηρητῆ-
2431 1679 2436 1734 '5

359 1810 495 1857 ρες,
536 1785 821 1856 ζηλωταὶ
875 1783 1331 1851 τεχνυδρίων,
1373 1782 1744 1848 ἐριδαντέες
1798 1783 1900 1836 καὶ
1959 1784 2349 1847 ἱμαντελικ-

357 1878 573 1941 τέες,”
624 1878 687 1936 ὡς
729 1875 752 1927 o‘
798 1873 1110 1941 Ἀβδηρίτης
1152 1870 1339 1930 ἐκεῖνός
1378 1875 1554 1936 φησιν.
1637 1870 1772 1923 Hinc
1810 1869 2054 1924 homines
2091 1870 2263 1936 docti,
2305 1870 2351 1922 si

358 1966 528 2021 Musis
579 1963 790 2036 placet,
843 1967 1084 2014 monstra
1127 1966 1180 2013 et
1229 1965 1475 2029 portenta
1504 1958 1909 2013 -vocabulorum
1958 1958 2244 2025 ἐριδαντεύς
2298 1965 2354 2012 et
2424 1936 2436 1962 ³

359 2052 760 2122 ἱμαντελικτεύς
820 2051 872 2102 in
941 2049 1262 2103 Graecitatis
1324 2064 1509 2118 gazam
1581 2048 1952 2102 incautissime
2013 2054 2351 2118 receperunt.
2434 2032 2436 2079 3

364 2143 501 2211 Quid
545 2141 688 2195 enini
731 2140 834 2192 erit
873 2137 1162 2191 barbarum
1210 2153 1464 2206 umquam
1509 2137 1553 2189 si
1594 2120 1878 2203 ἐριδαντεύς
1923 2154 2025 2190 non
2065 2137 2210 2190 erit?
2272 2135 2355 2189 Ex
2431 2145 2436 2181 i

363 2233 542 2304 prisca
578 2228 750 2282 forma
787 2228 1012 2293 ἐριδαίνω
1057 2226 1300 2278 nascitur
1341 2224 1637 2292 ἐριδαντης,
1681 2232 1739 2278 ιιι
1779 2225 2086 2294 ἱεροφάντης
2127 2231 2180 2278 et
2213 2243 2358 2278 συκο-
2431 2223 2436 2229 '

366 2320 573 2389 φαντης
611 2334 675 2371 ex
716 2317 920 2385 φαίνω,
977 2313 1213 2382 ὑφάντης
1256 2330 1319 2366 ex
1367 2314 1602 2381 ὑφαίνω,
1648 2312 1858 2382 aliaque
1907 2313 2093 2366 multa.
2175 2312 2358 2366 Utitur

303 2451 306 2454 ⁴
369 2408 539 2463 forma
596 2403 855 2473 ἔριδαντης
913 2419 1008 2474 pro
1061 2402 1271 2469 ἐριςικός
1328 2401 1516 2454 Timon
1572 2403 1625 2454 in
1684 2400 1827 2454 Sillis
1885 2400 2025 2472 apud
2066 2401 2358 2471 Diogenem

374 2498 548 2552 Laert.
583 2495 648 2549 ΙΙ.
694 2497 821 2547 107.
1572 2496 1574 2498 ’

523 2585 679 2638 Ἀλλ’
720 2581 777 2636 οὔ
816 2601 901 2647 μοι
941 2580 1132 2634 τούτων
1173 2578 1433 2647 φλεδόνων
1471 2578 1622 2642 μέλει
1664 2610 1738 2617 —
1775 2578 1876 2631 οὐδ’
1932 2577 2284 2644 ἐριδάντεω

527 2671 844 2735 Εὐκλείδου,
882 2672 1218 2735 Μεγαρεῦσιν
1259 2664 1310 2728 ὃς
1353 2667 1564 2733 ἔμβαλε
1598 2667 1801 2720 λύσσαν
1842 2667 2064 2732 ἐρισμοῦ.

381 2779 480 2817 nec
531 2760 754 2814 debehat
812 2757 1059 2812 dubitare
1116 2755 1458 2820 DindorfiuS‚
1514 2756 1642 2826 quin
1694 2753 2216 2827 apud‘Hesychium
2271 2769 2368 2825 pro

381 2847 816 2917 Ἐριδανοέτας
870 2851 1129 2913 Ἡρακλῆς
1184 2846 1328 2912 παρα
1383 2845 1715 2912 Ταραντίνοις
1770 2842 2164 2898 emendandum
2227 2847 2368 2896 esset

383 2938 706 3006 Ἐριδοέντας.
787 2936 1006 3005 Decepit
1045 2933 1373 2987 Clementem
1423 2932 1592 2986 forma
1637 2931 1928 2999 ἐριδαντέων
1965 2938 2018 2985 et
2073 2933 2372 2996 ἱμαντελικ-

386 3027 542 3081 τέων;
587 3041 692 3078 non
737 3023 1118 3077 animadvertit
1168 3022 1348 3075 Ionica
1398 3038 1514 3076 esse
1552 3020 1849 3087 ἑριδαντης,
1889 3018 2152 3087 ἐριδάντεω
2195 3027 2248 3073 et
2282 3020 2374 3085 ε’ρι-
2430 3055 2433 3063 «

389 3115 601 3178 δοὲνται,
642 3112 934 3180 ἐριδαντέων
965 3118 1018 3165 et
1048 3110 1301 3164 similiter
1335 3111 1739 3175 ἱμαντελίκτης,
1779 3109 2147 3174 ἱμαντελίκται
2170 3149 2185 3172 ,
2226 3109 2376 3172 ἱμαν·

389 3202 699 3266 τελικτέων,
740 3206 793 3254 et
832 3198 978 3252 aliud
1027 3215 1190 3268 agens
1228 3215 1293 3252 ex
1337 3199 1443 3251 illis
1477 3198 1731 3268 genitivis
1779 3196 1962 3250 elicuit
2002 3196 2281 3263 ἐριδαντέες
2322 3199 2376 3249 et
2427 3247 2436 3266 „

391 3289 816 3359 ἱμαντελικτέες,
858 3287 1123 3357 pessime,
1182 3294 1242 3340 ut
1299 3286 1466 3340 vides,
1547 3285 1940 3350 Ἱμαντελίκτης
1982 3285 2183 3355 optime
2235 3299 2409 3337 com->

395 3380 576 3452 parari
615 3383 791 3449 potest
830 3392 954 3429 cum
995 3375 1403 3438 Φοινικελίκτης,
1445 3373 1588 3444 quod
1628 3374 1857 3427 servavit
1897 3373 2198 3446 Hesychius
2240 3373 2295 3425 in
2326 3387 2375 3423 v.

394 3470 666 3538 integrum
707 3464 979 3520 senarium
1032 3461 1376 3527 describenS‚
1430 3462 1523 3532 qui
1561 3461 1695 3516 mihi
1741 3461 1958 3533 quidem
2001 3462 2229 3517 colorem
2275 3461 2376 3513 Ar:
2409 3457 2414 3504 ἶ

395 3555 751 3611 chilochicum
791 3552 987 3607 habere
1022 3550 1263 3605 videtur:

777 3641 1155 3702 Φοινικελίκτην
1197 3640 1283 3694 καὶ
1325 3640 1492 3705 λόγων
1533 3639 1782 3705 ἀλαζόνα.
