2436 4068
1068 156 1167 206 851

107 303 363 371 παρρησία
396 332 471 342 --
503 299 723 367 σωτηρία
765 301 894 356 567.

105 393 274 459 παρὼν
309 389 464 449 αὐτός
507 391 633 442 595.

104 477 397 547 παρώξυντο
433 509 508 517 -
542 474 863 542 παρωξύνετο
904 482 957 530 et
996 475 1117 529 sim.
1160 477 1288 529 582.

103 566 336 634 πάσχειν
370 597 446 606 -—
483 570 781 632 παρασχεῖν
823 567 950 619 527.

99 654 297 721 πάσχω
334 652 490 719 βίαν
528 668 632 705 non
674 659 756 706 est
795 651 1095 716 Graecum,
1135 650 1228 706 sed
1264 649 1421 716 βίαια
1461 648 1657 717 πάσχω
1698 652 1822 704 562.

102 741 297 810 πάσχω
336 739 548 808 τερπνόν
586 758 637 792 τι
678 745 733 793 et
769 739 965 807 τερπνά
987 781 1002 804 ,
1041 746 1094 794 et
1130 739 1251 793 sim.
1295 741 1424 794 527.

98 835 279 884 πασῶν
316 859 392 869 —
422 832 676 883 ΠΛΕΟΝ
716 829 844 882 460.

99 917 311 985 πάτριον
342 948 419 958 -
451 916 684 983 πατρῷον
724 917 850 969 442.

98 1006 348 1074 πατρόθεν
387 1002 778 1072 προσαγορεύειν
818 1006 947 1057 641.

95 1095 381 1157 παυσθῆναι
416 1124 490 1133 —
524 1093 780 1155 παυθῆναι
822 1094 950 1146 448.

94 1182 262 1237 παύω.
305 1184 360 1236 οὐ
398 1180 627 1235 παύεται
666 1186 720 1234 et
758 1179 896 1234 οὐδὲν
935 1178 1164 1233 παύεται
1208 1181 1332 1234 500.

94 1270 235 1339 πεζά
265 1301 341 1311 -
376 1268 567 1338 πεζικά
606 1271 734 1323 541.

95 1358 229 1426 πεζῆ
260 1391 336 1400 -
374 1355 506 1426 πεζῇ
548 1358 672 1410 499.

94 1446 340 1513 πείθομαί
376 1466 451 1500 σοι
490 1446 565 1511 μὴ
605 1442 744 1511 ἔχειν
783 1443 1046 1511 χρήματα
1086 1450 1140 1497 et
1178 1442 1302 1498 sim.
1346 1445 1473 1497 509.
1519 1488 1522 1492 .

93 1536 267 1592 πείθω.
308 1534 539 1589 πιθέσθαι
575 1564 652 1573 -—
684 1532 949 1595 πεισθῆναι
993 1534 1134 1594 409,
1178 1533 1303 1586 410.

94 1621 379 1690 πεισόμεθα
417 1653 494 1664 -
530 1618 880 1689 πειρασόμεθα
918 1623 1050 1676 595.

92 1711 394 1774 Πελληνέων
430 1741 507 1751 —
537 1709 870 1771 Πελληναίων
912 1711 1038 1763 554.

93 1800 277 1867 πέμπε
316 1798 591 1855 Aeolicum
633 1800 761 1854 776.

95 1887 419 1955 πεμπεβόηα
450 1917 526 1927 -
559 1885 856 1953 πεντεβόηα
897 1888 1022 1940 776.

90 1977 312 2044 πέμπων
351 1977 626 2032 ἐπισκοπεῖ
656 2008 732 2017 -
764 1975 963 2042 πέμπει
1003 1974 1290 2028 ἐπισκοπῶν
1329 1975 1463 2032 574.

91 2064 307 2127 πένητες
349 2063 435 2138 (οἱ)
474 2083 552 2117 .-·-
588 2065 612 2117 ὅ
650 2064 806 2131 δῆμος
849 2065 977 2119 740.

91 2173 248 2208 πεντε
282 2184 359 2194 -
391 2153 449 2207 in
487 2153 797 2224 compositis
834 2149 976 2224 apud
1015 2149 1256 2215 Αῑῑίοοε,
1295 2165 1401 2203 non
1448 2168 1637 2204 πεντα·
1682 2152 1806 2204 775.

92 2240 490 2309 πεντεδραχμία
521 2272 598 2281 -
634 2239 1044 2309 πενταδραχμία
1084 2240 1211 2293 527.

92 2329 497 2397 πεντεσύριγγον
535 2327 688 2392 ξύλον
729 2331 857 2383 527.

92 2418 414 2481 πεντήκοντα
451 2423 506 2471 et
544 2417 673 2472 ὀκτώ
715 2416 788 2491 (Ν
818 2448 894 2460 --
929 2413 996 2488 H)
1038 2412 1258 2470 confusa
1302 2417 1424 2469 460.

91 2506 339 2573 πέπαμαι
378 2522 454 2556 =
490 2505 748 2572 κέκτημαι
791 2507 917 2559 724.

90 2593 445 2664 πεπράσεσθαι
484 2625 561 2635 -
590 2594 886 2661 πεπρᾶσθαι
929 2594 1054 2647 245.
1076 2599 1087 2610 “

90 2703 186 2752 περ
221 2714 299 2724 -
329 2702 434 2751 παρ
462 2679 605 2740 575.

87 2772 310 2840 περαίνω
350 2802 427 2812 -
461 2770 690 2839 παραινῶ
735 2771 858 2824 128.

88 2859 269 2928 πέρας.
310 2859 370 2913 τὸ
409 2858 568 2927 πέρας
588 2900 604 2923 ,
645 2855 805 2925 πέρας
844 2853 1071 2918 κάλλους
1115 2859 1202 2911 71.

89 2969 203 3017 περι
242 2979 318 2989 -
356 2954 411 3003 et
453 2948 537 3002 ἐπι
578 2977 654 2987 -
698 2943 919 3001 confusa
960 2946 1091 3002 692.

89 3036 407 3104 περιάγομαι
443 3066 518 3076 -
551 3032 782 3102 περιάγω
824 3035 952 3088 652.

88 3124 406 3192 περιάγομαι
441 3123 638 3185 παῖδας
677 3120 977 3183 ἀκολούθους
1017 3127 1071 3177 et
1110 3118 1237 3179 sim.
1277 3135 1380 3175 non
1421 3116 1651 3186 περιάγω
1689 3120 1815 3172 655.

91 3212 395 3281 περιβάλλω
436 3219 489 3268 et
526 3212 817 3280 περιπίπτω
862 3213 987 3265 792.

90 3299 425 3369 περιβλέπειν
458 3330 534 3343 -
571 3298 860 3369 περιάπτειν
902 3300 1031 3354 612.

90 3388 392 3459 περιβόητον
426 3418 502 3430 -
533 3389 802 3456 περίακτον
845 3390 970 3442 184.

92 3475 517 3543 περιδινουμένους
548 3506 623 3517 -
655 3475 1051 3545 περιδινουμένων
1093 3478 1218 3530 655.

94 3564 348 3633 περιέπειν
388 3562 475 3630 εὖ,
514 3564 741 3633 τρηχέως
784 3569 908 3619 705.
