2436 4068
1377 232 1480 281 160

439 374 552 446 10),
595 375 838 445 sequitur
881 380 1086 427 autem:
1130 374 1411 439 ἐπιταχθὲν
1452 372 1738 440 τάλλότρια
1777 375 2012 438 νοήματα
2047 375 2407 442 παραδεχόμε·

431 482 508 516 νον
544 463 769 531 δεύτερον
805 460 1103 522 ε’πιτοέττει,
1146 460 1252 512 imo
1293 476 1416 513 vero
1455 459 1787 526 ἐτι-παρεθέντ’
1821 461 2098 529 ἀλλότρια,
2142 462 2282 534 quod
2316 462 2408 534 qui

426 551 635 621 primus
675 550 872 620 reperit
916 546 1215 600 inconsulto
1256 546 1464 601 abiecit.

501 637 719 709 Eupolis
757 638 810 689 in
854 634 1025 689 Schol.
1064 633 1130 687 ad
1169 634 1317 689 Iliad.
1356 636 1410 688 B.
1442 639 1576 689 355:

728 719 824 778 οἶόν
863 721 928 787 γε’
968 742 1062 776 που
1103 723 1168 779 ’ςὶ
1211 724 1432 787 γλῶττα
1470 722 1758 790 κανθρώπου
1797 721 1952 787 λόγος
1975 765 1989 777 .

428 828 599 883 neque
633 811 763 865 haee
804 810 1073 880 scriptura
1109 827 1238 864 sana
1279 819 1387 873 est,
1434 827 1606 881 neque
1647 811 1701 863 in
1737 810 2008 882 Aristoph.
2034 811 2244 866 Thesm.
2270 815 2368 866 21:

729 894 825 952 οἶόν
864 897 922 951 τέ
963 918 1058 952 που
1097 898 1191 955 ’ςὶν
1231 900 1287 952 αἱ
1326 898 1484 967 σοφαὶ
1526 898 1798 962 ξυνουσίαι.

430 985 720 1057 Utrobique
764 1002 985 1056 repone:
1024 982 1119 1039 οἷόν
1157 986 1211 1040 τί
1242 1007 1356 1040 που.

502 1074 648 1128 Idem
690 1072 830 1145 apud
871 1073 1118 1128 Eustath.
1164 1072 1230 1127 ad
1270 1073 1457 1147 Odyss.
1497 1089 1544 1143 p.
1573 1076 1740 1136 1406,
1784 1076 1880 1127 27:

733 1163 852 1215 κατ’
893 1161 1197 1227 οέντιβολίαν
1237 1162 1360 1215 δέκα
1401 1159 1624 1214 τάλαντ’
1663 1161 2027 1228 οέπετισοὲμην.

430 1251 552 1323 quis
593 1249 729 1305 ferat
766 1248 1116 1303 ἀποτίσασθαι
1164 1266 1258 1320 pro
1297 1251 1546 1303 ἀποτῖσαι
1594 1248 1870 1319 positum?
1962 1250 2228 1306 Emendat
2281 1255 2411 1307 ἀπε-

427 1339 667 1404 τίσαμεν.
914 1367 923 1375 ·

504 1426 651 1481 Idem
690 1423 829 1496 apud
867 1424 1093 1478 eundem
1137 1442 1187 1496 p.
1216 1429 1388 1488 1571,
1431 1427 1530 1478 55:

732 1521 795 1580 τῆ
834 1511 968 1580 χειρὶ
1011 1517 1161 1566 νῶσαι
1202 1510 1623 1576 μαλθακωτοέτῆν
1665 1511 1862 1578 κρόκην.

430 1602 565 1658 Male
601 1601 895 1656 Meinekins
928 1607 1094 1662 νῆσαι.
1158 1599 1505 1670 Participium
1545 1606 1623 1652 est
1657 1605 1831 1656 νεῖ-σαι.
1891 1598 2240 1654 Athenienses
2268 1602 2411 1656 enim

432 1699 516 1753 νῆν
539 1688 785 1742 dicebant
812 1687 935 1761 (non
958 1687 1110 1760 νεῖν),
1147 1694 1205 1741 ut
1228 1687 1347 1754 ζῆν,
1369 1693 1530 1751 σμῆν,
1551 1693 1683 1754 φῆν,
1718 1693 1866 1751 κνῆν,
1899 1687 2196 1759 undeapud
2227 1688 2412 1743 Gram-

431 1778 656 1833 maticos
693 1782 904 1829 exstant
936 1781 1078 1839 νῶσι,
1113 1781 1301 1838 νῶντα,
1342 1776 1585 1839 νώμενος,
1621 1775 1727 1837 ἕνη,
1764 1775 1905 1839 ἕννη,
1946 1793 2081 1846 quae
2119 1775 2238 1830 vide
2271 1776 2414 1847 apud

429 1865 585 1922 Dind.
641 1863 706 1917 ad
750 1862 931 1934 Steph.
975 1862 1230 1916 Thesaur.
1313 1861 1466 1915 Fallit
1525 1879 1707 1916 omnes
1754 1862 1923 1917 forma
1961 1871 2059 1917 νεῖν
2107 1880 2136 1918 a
2178 1863 2412 1918 librariis

430 1972 526 2027 pro
575 1961 659 2016 νῆν
702 1952 872 2023 posita
916 1950 1054 2022 apud
1094 1949 1293 2004 Polluc.
1339 1950 1428 2006 VI.
1467 1953 1536 2004 52
1579 1952 1666 2019 ἐφ’
1700 1947 1757 2004 οὗ
1795 1951 1846 2004 δὲ
1880 1953 2099 2014 νήθουσιν
2164 1953 2409 2015 ἢνῶσιν

434 2044 511 2117 (τὸ
553 2042 656 2109 γὰρ
695 2042 851 2104 νήθειν
893 2041 935 2094 οἱ
977 2039 1201 2092 Ἀττικοὶ
1245 2047 1371 2093 νεῖν
1410 2037 1669 2111 λέγουσιν)
1708 2039 1966 2106 ἐπίνητρον
2000 2046 2274 2103 καλεῖται,
2315 2039 2408 2093 du·

431 2131 591 2185 bitari
647 2146 748 2182 non
789 2133 960 2199 potest
1001 2127 1128 2198 quin
1167 2127 1310 2181 νῶσιν
1346 2158 1422 2167 —-
1455 2134 1538 2189 νῆν
1573 2127 1641 2180 sit
1682 2126 2108 2184 rescribendum.
2190 2126 2246 2182 Si
2290 2129 2411 2199 quis

429 2218 757 2291 pertinacius
791 2220 1054 2286 repugnat
1094 2213 1222 2284 quid
1263 2214 1513 2287 Hesychii
1549 2214 1662 2269 loeo
1695 2213 1885 2269 saciet:

729 2302 1037 2370 Νῆμερτήςε
1079 2304 1414 2369 ἀναμαρτῆς.

727 2397 874 2446 Νεῒν;
917 2391 1102 2453 νήθειν.

725 2478 991 2544 Νῆνεμίαε
1032 2478 1235 2542 γαλήνη
1277 2476 1474 2542 οένέμων
1498 2518 1511 2537 ,

430 2585 660 2641 namque
696 2567 782 2622 hic
819 2565 1031 2638 quidem
1072 2563 1413 2619 manifestum
1451 2573 1530 2620 est
1562 2573 1670 2628 Νῆν
1708 2570 1920 2623 restitui
1960 2577 2221 2640 oportere.
2302 2570 2436 2643 1¹31-

430 2676 533 2731 que
577 2658 653 2711 sie
702 2655 1015 2709 habebimus
1053 2661 1153 2707 νεῖν
1195 2652 1392 2707 dixisse
1435 2656 1638 2710 Atticos
1676 2674 1770 2728 pro
1811 2661 2054 2727 νήχεσθαι
2097 2667 2150 2713 et
2190 2666 2274 2721 νῆν
2312 2650 2436 2732 pro}v

431 2748 616 2810 νήθειν,
646 2741 1090 2815 quemadmodum
1121 2747 1252 2809 ψῆν,
1294 2749 1540 2810 καταψῆν
1563 2761 1656 2815 pro
1677 2748 1903 2813 ψήχειν,
1944 2750 2313 2815 καταψήχειν,
2353 2755 2428 2826 el'..⁴

431 2843 595 2901 σμῆν,
655 2835 876 2897 ἐπισμῆν
926 2846 1020 2901 pro
1071 2831 1321 2896 σμήχειν,
1376 2832 1716 2900 ἐπισμήχειν,
1771 2841 1822 2888 el.
1864 2843 2012 2897 κνῆν,
2067 2837 2268 2898 ε’πικνῆν
2313 2822 2421 2906 ρῐό]ν

431 2923 649 2985 κνήθειν,
706 2920 1008 2982 ε’πικνήθειν,
1063 2923 1114 2970 et
1163 2917 1409 2988 Eupolidi
1451 2936 1608 2973 suum
1662 2927 1814 2976 νῶσαι
1864 2940 1965 2976 non
2016 2940 2132 2978 esse
2183 2912 2436 3021 eripien-J)²¹5

427 3010 574 3064 dum.
2406 3020 2436 3080 'i‘

505 3099 563 3152 In
607 3093 880 3166 Eupolidis
920 3092 1218 3162 fragmento
1258 3094 1397 3163 apud
1441 3097 1660 3151 Aristot.
1702 3097 1823 3151 Eth.
1864 3098 2066 3153 Niconh
2107 3099 2198 3154 IV.
2241 3102 2290 3152 6.

729 3184 786 3236 τὸ
828 3183 1032 3246 σκῶμμ’
1071 3181 1297 3246 ἀσελγὲς
1332 3183 1417 3236 καὶ
1459 3187 1755 3252 Μεγαρικὸν
1795 3186 1880 3239 καὶ
1923 3186 2121 3255 σφόδρα

726 3269 955 3339 ψυχρόν.
998 3276 1165 3339 γελᾷς
1201 3270 1316 3339 ὁρᾷς
1350 3270 1420 3324 τα
1455 3274 1654 3326 παιδία.
2406 3315 2407 3318 =

435 3360 729 3417 Meinekius
771 3357 991 3411 Dobraei
1046 3358 1399 3427 suspicionem
1447 3366 1667 3424 γελῶσιν
1710 3364 1774 3421 ὡς
1821 3363 1936 3432 ὁρᾷς
1986 3363 2202 3434 recepit.
2280 3360 2416 3417 Mihi

435 3455 625 3516 γελῶσι
666 3447 735 3502 τοὶ
773 3444 955 3500 παιδία
999 3460 1098 3495 non
1139 3445 1368 3509 arridet,
1422 3454 1473 3501 et
1506 3454 1644 3518 γελᾷ
1680 3450 1924 3519 requiro,
1966 3450 2104 3521 quod
2146 3452 2219 3506 ita
2261 3468 2409 3522 repo*⁴

435 3539 634 3593 suerin]
676 3544 727 3589 ut
769 3533 1004 3604 legatur:
1047 3538 1185 3601 γελᾷ
1222 3534 1348 3601 γὰρ,
1391 3537 1453 3596 ὡς
1490 3536 1632 3605 ὁρᾷς,
1673 3538 1741 3591 τοὶ
1778 3538 1976 3592 παιδία.

2407 3131 2426 3180 ’τῇ
