<?xml version="1.0" encoding="UTF-8"?>
<!DOCTYPE html PUBLIC "-//W3C//DTD XHTML 1.0 Transitional//EN"
    "http://www.w3.org/TR/xhtml1/DTD/xhtml1-transitional.dtd">
<html xmlns="http://www.w3.org/1999/xhtml" xml:lang="en" lang="en">
 <head>
  <title>
</title>
<meta http-equiv="Content-Type" content="text/html;charset=utf-8" />
  <meta name='ocr-system' content='tesseract 3.04.00' />
  <meta name='ocr-capabilities' content='ocr_page ocr_carea ocr_par ocr_line ocrx_word'/>
</head>
<body>
  <div class='ocr_page' id='page_1' title='image "./novaelectionesqu00cobeuoft/novaelectionesqu00cobeuoft_0887.png"; bbox 0 0 2436 4068; ppageno 0'>
   <div class='ocr_carea' id='block_1_1' title="bbox 1041 172 1146 224">
    <p class='ocr_par' dir='ltr' id='par_1_1' title="bbox 1041 172 1146 224">
     <span class='ocr_line' id='line_1_1' title="bbox 1041 172 1146 224; baseline -0.019 0"><span class='ocrx_word' id='word_1_1' title='bbox 1041 172 1146 224; x_wconf 92' lang='grc'><strong><em>855</em></strong></span> 
     </span>
    </p>
   </div>
   <div class='ocr_carea' id='block_1_2' title="bbox 0 312 2096 3656">
    <p class='ocr_par' dir='ltr' id='par_1_2' title="bbox 0 312 2096 3656">
     <span class='ocr_line' id='line_1_2' title="bbox 5 312 1669 392; baseline -0.007 -14"><span class='ocrx_word' id='word_1_2' title='bbox 5 317 17 378; x_wconf 77' lang='lat' dir='ltr'>i</span> <span class='ocrx_word' id='word_1_3' title='bbox 110 323 292 390; x_wconf 79' lang='grc' dir='ltr'><strong><em>πίομαι</em></strong></span> <span class='ocrx_word' id='word_1_4' title='bbox 334 318 474 392; x_wconf 87' lang='lat' dir='ltr'>apud</span> <span class='ocrx_word' id='word_1_5' title='bbox 514 319 734 374; x_wconf 81' lang='lat' dir='ltr'><strong>Veteres</strong></span> <span class='ocrx_word' id='word_1_6' title='bbox 770 318 1003 390; x_wconf 84' lang='lat' dir='ltr'>primam</span> <span class='ocrx_word' id='word_1_7' title='bbox 1043 331 1254 388; x_wconf 88' lang='lat' dir='ltr'><strong>semper</strong></span> <span class='ocrx_word' id='word_1_8' title='bbox 1294 312 1540 387; x_wconf 85' lang='lat' dir='ltr'>producit</span> <span class='ocrx_word' id='word_1_9' title='bbox 1581 317 1669 368; x_wconf 85' lang='lat'><strong><em>51.</em></strong></span> 
     </span>
     <span class='ocr_line' id='line_1_3' title="bbox 5 406 1122 476; baseline -0.005 -12"><span class='ocrx_word' id='word_1_10' title='bbox 5 413 18 453; x_wconf 80' lang='lat'><strong><em>·‘&#39;</em></strong></span> <span class='ocrx_word' id='word_1_11' title='bbox 110 408 383 476; x_wconf 72' lang='grc' dir='ltr'><strong><em>πιπράσκω</em></strong></span> <span class='ocrx_word' id='word_1_12' title='bbox 406 449 421 471; x_wconf 94' lang='grc'><strong><em>,</em></strong></span> <span class='ocrx_word' id='word_1_13' title='bbox 459 413 613 461; x_wconf 82' lang='grc' dir='ltr'><strong><em>πωλῶ</em></strong></span> <span class='ocrx_word' id='word_1_14' title='bbox 635 448 650 470; x_wconf 93' lang='grc'><strong><em>,</em></strong></span> <span class='ocrx_word' id='word_1_15' title='bbox 689 406 953 472; x_wconf 70' lang='grc' dir='ltr'><strong><em>ἀπεδόμην</em></strong></span> <span class='ocrx_word' id='word_1_16' title='bbox 999 407 1122 459; x_wconf 94' lang='grc'><strong>158.</strong></span> 
     </span>
     <span class='ocr_line' id='line_1_4' title="bbox 110 492 1204 560; baseline -0.003 -10"><span class='ocrx_word' id='word_1_17' title='bbox 110 498 285 551; x_wconf 90' lang='grc' dir='ltr'><strong><em>πίπτω</em></strong></span> <span class='ocrx_word' id='word_1_18' title='bbox 328 502 381 549; x_wconf 82' lang='lat' dir='ltr'><strong><em>et</em></strong></span> <span class='ocrx_word' id='word_1_19' title='bbox 420 493 751 560; x_wconf 71' lang='grc' dir='ltr'><strong><em>καταβάλλω</em></strong></span> <span class='ocrx_word' id='word_1_20' title='bbox 793 495 847 547; x_wconf 89' lang='lat' dir='ltr'><strong><em>in</em></strong></span> <span class='ocrx_word' id='word_1_21' title='bbox 888 492 1034 547; x_wconf 73' lang='lat' dir='ltr'>lucta</span> <span class='ocrx_word' id='word_1_22' title='bbox 1076 495 1204 547; x_wconf 90' lang='grc'><strong>792.</strong></span> 
     </span>
     <span class='ocr_line' id='line_1_5' title="bbox 110 582 1169 650; baseline -0.005 -11"><span class='ocrx_word' id='word_1_23' title='bbox 110 583 467 650; x_wconf 83' lang='grc' dir='ltr'><strong><em>Πισθέταιρος,</em></strong></span> <span class='ocrx_word' id='word_1_24' title='bbox 505 598 610 636; x_wconf 89' lang='lat' dir='ltr'><strong><em>non</em></strong></span> <span class='ocrx_word' id='word_1_25' title='bbox 649 582 1000 650; x_wconf 82' lang='grc' dir='ltr'><strong><em>Πεισθέταιρος</em></strong></span> <span class='ocrx_word' id='word_1_26' title='bbox 1042 584 1169 636; x_wconf 92' lang='grc'><strong>555.</strong></span> 
     </span>
     <span class='ocr_line' id='line_1_6' title="bbox 113 668 1025 738; baseline -0.005 -11"><span class='ocrx_word' id='word_1_27' title='bbox 113 671 304 730; x_wconf 77' lang='grc' dir='ltr'><strong><em>πιςεύω</em></strong></span> <span class='ocrx_word' id='word_1_28' title='bbox 345 690 419 725; x_wconf 90' lang='grc' dir='ltr'><strong><em>σοι</em></strong></span> <span class='ocrx_word' id='word_1_29' title='bbox 461 668 602 738; x_wconf 81' lang='grc' dir='ltr'><strong><em>ἔχειν</em></strong></span> <span class='ocrx_word' id='word_1_30' title='bbox 642 676 695 724; x_wconf 85' lang='lat' dir='ltr'><strong><em>et</em></strong></span> <span class='ocrx_word' id='word_1_31' title='bbox 735 670 854 723; x_wconf 88' lang='lat' dir='ltr'><strong>sim.</strong></span> <span class='ocrx_word' id='word_1_32' title='bbox 897 672 1025 724; x_wconf 92' lang='grc'><strong>509.</strong></span> 
     </span>
     <span class='ocr_line' id='line_1_7' title="bbox 112 757 1202 826; baseline -0.006 -11"><span class='ocrx_word' id='word_1_33' title='bbox 112 759 303 817; x_wconf 81' lang='grc' dir='ltr'><strong><em>πιςεύω</em></strong></span> <span class='ocrx_word' id='word_1_34' title='bbox 343 758 504 826; x_wconf 83' lang='grc' dir='ltr'><strong><em>τούτῳ</em></strong></span> <span class='ocrx_word' id='word_1_35' title='bbox 544 758 772 821; x_wconf 77' lang='grc' dir='ltr'><strong><em>ποιήσειν</em></strong></span> <span class='ocrx_word' id='word_1_36' title='bbox 811 764 866 812; x_wconf 79' lang='lat' dir='ltr'><strong><em>et</em></strong></span> <span class='ocrx_word' id='word_1_37' title='bbox 905 757 1029 812; x_wconf 90' lang='lat' dir='ltr'><strong>sim.</strong></span> <span class='ocrx_word' id='word_1_38' title='bbox 1075 758 1202 811; x_wconf 92' lang='grc'><strong>725.</strong></span> 
     </span>
     <span class='ocr_line' id='line_1_8' title="bbox 11 842 1794 913; baseline -0.003 -11"><span class='ocrx_word' id='word_1_39' title='bbox 11 887 16 894; x_wconf 76' lang='lat'><em>·</em></span> <span class='ocrx_word' id='word_1_40' title='bbox 109 848 302 906; x_wconf 83' lang='grc' dir='ltr'><strong><em>πιςεύω</em></strong></span> <span class='ocrx_word' id='word_1_41' title='bbox 344 847 463 913; x_wconf 80' lang='grc' dir='ltr'><strong><em>ὑμῖν</em></strong></span> <span class='ocrx_word' id='word_1_42' title='bbox 503 846 786 911; x_wconf 71' lang='grc' dir='ltr'><strong><em>γνώσεσθαι</em></strong></span> <span class='ocrx_word' id='word_1_43' title='bbox 816 876 892 886; x_wconf 91' lang='lat'><strong><em>-—</em></strong></span> <span class='ocrx_word' id='word_1_44' title='bbox 922 843 1114 903; x_wconf 78' lang='grc' dir='ltr'><strong><em>πιςεύω</em></strong></span> <span class='ocrx_word' id='word_1_45' title='bbox 1156 844 1294 910; x_wconf 70' lang='grc' dir='ltr'><strong><em>ὑμᾶς</em></strong></span> <span class='ocrx_word' id='word_1_46' title='bbox 1341 842 1624 909; x_wconf 76' lang='grc' dir='ltr'><strong><em>γνώσεσθαι</em></strong></span> <span class='ocrx_word' id='word_1_47' title='bbox 1668 845 1794 898; x_wconf 86' lang='grc'><strong>509.</strong></span> 
     </span>
     <span class='ocr_line' id='line_1_9' title="bbox 111 930 2071 1009; baseline -0.004 -18"><span class='ocrx_word' id='word_1_48' title='bbox 111 941 271 997; x_wconf 79' lang='grc' dir='ltr'><strong><em>πιςῶς</em></strong></span> <span class='ocrx_word' id='word_1_49' title='bbox 311 933 453 1002; x_wconf 83' lang='grc' dir='ltr'><strong><em>ἔχειν</em></strong></span> <span class='ocrx_word' id='word_1_50' title='bbox 489 953 554 987; x_wconf 87' lang='lat'>=</span> <span class='ocrx_word' id='word_1_51' title='bbox 586 930 902 1009; x_wconf 48' lang='lat' dir='ltr'><strong><em>mcbgdvoet</em></strong></span> <span class='ocrx_word' id='word_1_52' title='bbox 945 935 1073 989; x_wconf 88' lang='grc'><strong>556.</strong></span> <span class='ocrx_word' id='word_1_53' title='bbox 2064 935 2071 996; x_wconf 72' lang='lat'><strong><em>,¹</em></strong></span> 
     </span>
     <span class='ocr_line' id='line_1_10' title="bbox 8 1010 1120 1096; baseline -0.002 -17"><span class='ocrx_word' id='word_1_54' title='bbox 8 1085 22 1096; x_wconf 56' lang='lat'><em>,</em></span> <span class='ocrx_word' id='word_1_55' title='bbox 113 1023 299 1092; x_wconf 74' lang='grc' dir='ltr'><strong><em>πλάζω</em></strong></span> <span class='ocrx_word' id='word_1_56' title='bbox 338 1021 478 1078; x_wconf 90' lang='lat' dir='ltr'><strong>male</strong></span> <span class='ocrx_word' id='word_1_57' title='bbox 517 1038 615 1095; x_wconf 84' lang='lat' dir='ltr'><strong><em>pro</em></strong></span> <span class='ocrx_word' id='word_1_58' title='bbox 652 1010 874 1077; x_wconf 59' lang='grc' dir='ltr'><strong><em>π’·λάττω</em></strong></span> <span class='ocrx_word' id='word_1_59' title='bbox 915 1024 1047 1077; x_wconf 87' lang='grc'><strong>251.</strong></span> <span class='ocrx_word' id='word_1_60' title='bbox 1114 1047 1120 1052; x_wconf 95' lang='grc'>·</span> 
     </span>
     <span class='ocr_line' id='line_1_11' title="bbox 112 1109 1111 1179; baseline -0.003 -13"><span class='ocrx_word' id='word_1_61' title='bbox 112 1112 338 1175; x_wconf 72' lang='grc' dir='ltr'><strong><em>πλάνης.</em></strong></span> <span class='ocrx_word' id='word_1_62' title='bbox 379 1113 423 1166; x_wconf 84' lang='grc' dir='ltr'><strong><em>οἱ</em></strong></span> <span class='ocrx_word' id='word_1_63' title='bbox 463 1109 727 1173; x_wconf 70' lang='grc' dir='ltr'><strong><em>πλάνητες</em></strong></span> <span class='ocrx_word' id='word_1_64' title='bbox 766 1109 945 1179; x_wconf 75' lang='grc' dir='ltr'><strong><em>ἆςέρες</em></strong></span> <span class='ocrx_word' id='word_1_65' title='bbox 988 1111 1111 1164; x_wconf 87' lang='grc'><strong>776.</strong></span> 
     </span>
     <span class='ocr_line' id='line_1_12' title="bbox 0 1198 983 1279; baseline -0.004 -23"><span class='ocrx_word' id='word_1_66' title='bbox 0 1198 3 1279; x_wconf 64' lang='lat' dir='ltr'>j</span> <span class='ocrx_word' id='word_1_67' title='bbox 116 1200 393 1263; x_wconf 73' lang='grc' dir='ltr'><strong><em>πλάνητας</em></strong></span> <span class='ocrx_word' id='word_1_68' title='bbox 431 1231 506 1240; x_wconf 93' lang='grc'>-</span> <span class='ocrx_word' id='word_1_69' title='bbox 536 1199 813 1263; x_wconf 73' lang='grc' dir='ltr'><strong><em>πλανήτας</em></strong></span> <span class='ocrx_word' id='word_1_70' title='bbox 857 1201 983 1253; x_wconf 94' lang='grc'><strong>777.</strong></span> 
     </span>
     <span class='ocr_line' id='line_1_13' title="bbox 0 1282 959 1351; baseline -0.003 -9"><span class='ocrx_word' id='word_1_71' title='bbox 0 1282 2 1295; x_wconf 67' lang='grc'>’</span> <span class='ocrx_word' id='word_1_72' title='bbox 114 1289 380 1351; x_wconf 73' lang='grc' dir='ltr'><strong><em>πλάνητες</em></strong></span> <span class='ocrx_word' id='word_1_73' title='bbox 415 1320 491 1329; x_wconf 94' lang='grc'>-</span> <span class='ocrx_word' id='word_1_74' title='bbox 524 1293 790 1350; x_wconf 79' lang='grc' dir='ltr'><strong><em>πλανῆται</em></strong></span> <span class='ocrx_word' id='word_1_75' title='bbox 833 1289 959 1340; x_wconf 90' lang='grc'><strong>777.</strong></span> 
     </span>
     <span class='ocr_line' id='line_1_14' title="bbox 114 1379 701 1433; baseline -0.005 -1"><span class='ocrx_word' id='word_1_76' title='bbox 114 1385 247 1433; x_wconf 83' lang='grc' dir='ltr'><strong><em>πλεῖ</em></strong></span> <span class='ocrx_word' id='word_1_77' title='bbox 273 1409 349 1418; x_wconf 94' lang='grc'>-</span> <span class='ocrx_word' id='word_1_78' title='bbox 380 1382 534 1431; x_wconf 84' lang='grc' dir='ltr'><strong><em>πλεῖν</em></strong></span> <span class='ocrx_word' id='word_1_79' title='bbox 574 1379 701 1431; x_wconf 82' lang='grc'><strong>204.</strong></span> 
     </span>
     <span class='ocr_line' id='line_1_15' title="bbox 117 1466 694 1531; baseline -0.005 -11"><span class='ocrx_word' id='word_1_80' title='bbox 117 1474 270 1522; x_wconf 85' lang='grc' dir='ltr'><strong><em>πλεῖν</em></strong></span> <span class='ocrx_word' id='word_1_81' title='bbox 310 1468 340 1531; x_wconf 79' lang='grc' dir='ltr'><strong><em>ἤ</em></strong></span> <span class='ocrx_word' id='word_1_82' title='bbox 382 1468 526 1529; x_wconf 89' lang='grc'><strong>555,</strong></span> <span class='ocrx_word' id='word_1_83' title='bbox 562 1466 694 1518; x_wconf 89' lang='grc'><strong>625.</strong></span> 
     </span>
     <span class='ocr_line' id='line_1_16' title="bbox 118 1551 959 1619; baseline -0.006 -9"><span class='ocrx_word' id='word_1_84' title='bbox 118 1561 271 1610; x_wconf 85' lang='grc' dir='ltr'><strong><em>πλεῖν</em></strong></span> <span class='ocrx_word' id='word_1_85' title='bbox 310 1555 339 1619; x_wconf 81' lang='grc' dir='ltr'>ἢ</span> <span class='ocrx_word' id='word_1_86' title='bbox 380 1554 536 1608; x_wconf 82' lang='grc' dir='ltr'><strong><em>πέντε</em></strong></span> <span class='ocrx_word' id='word_1_87' title='bbox 575 1558 630 1607; x_wconf 87' lang='lat' dir='ltr'><strong><em>et</em></strong></span> <span class='ocrx_word' id='word_1_88' title='bbox 666 1551 788 1606; x_wconf 82' lang='lat' dir='ltr'><strong>sim.</strong></span> <span class='ocrx_word' id='word_1_89' title='bbox 830 1553 959 1606; x_wconf 90' lang='grc'><strong>622.</strong></span> 
     </span>
     <span class='ocr_line' id='line_1_17' title="bbox 116 1638 1231 1704; baseline -0.004 -8"><span class='ocrx_word' id='word_1_90' title='bbox 116 1650 269 1699; x_wconf 88' lang='grc' dir='ltr'><strong><em>πλεῖν</em></strong></span> <span class='ocrx_word' id='word_1_91' title='bbox 307 1673 381 1684; x_wconf 93' lang='grc'>-</span> <span class='ocrx_word' id='word_1_92' title='bbox 419 1639 611 1704; x_wconf 82' lang='grc' dir='ltr'><strong><em>πλέον,</em></strong></span> <span class='ocrx_word' id='word_1_93' title='bbox 650 1645 859 1703; x_wconf 87' lang='grc' dir='ltr'><strong><em>πλεῖον,</em></strong></span> <span class='ocrx_word' id='word_1_94' title='bbox 902 1638 1063 1694; x_wconf 86' lang='grc' dir='ltr'><strong><em>πλείω</em></strong></span> <span class='ocrx_word' id='word_1_95' title='bbox 1105 1640 1231 1693; x_wconf 90' lang='grc'><strong>625.</strong></span> 
     </span>
     <span class='ocr_line' id='line_1_18' title="bbox 28 1719 878 1793; baseline -0.005 -7"><span class='ocrx_word' id='word_1_96' title='bbox 28 1719 30 1722; x_wconf 31' lang='grc'>’</span> <span class='ocrx_word' id='word_1_97' title='bbox 119 1739 272 1786; x_wconf 87' lang='grc' dir='ltr'><strong><em>πλεῖν</em></strong></span> <span class='ocrx_word' id='word_1_98' title='bbox 312 1731 341 1793; x_wconf 79' lang='grc' dir='ltr'><strong><em>ἤ</em></strong></span> <span class='ocrx_word' id='word_1_99' title='bbox 376 1761 453 1770; x_wconf 90' lang='grc'>-</span> <span class='ocrx_word' id='word_1_100' title='bbox 484 1728 640 1783; x_wconf 84' lang='grc' dir='ltr'><strong><em>πλέον</em></strong></span> <span class='ocrx_word' id='word_1_101' title='bbox 679 1729 709 1792; x_wconf 78' lang='grc' dir='ltr'><strong><em>ἥ</em></strong></span> <span class='ocrx_word' id='word_1_102' title='bbox 750 1730 878 1783; x_wconf 91' lang='grc'><strong>465.</strong></span> 
     </span>
     <span class='ocr_line' id='line_1_19' title="bbox 120 1815 1321 1884; baseline -0.003 -12"><span class='ocrx_word' id='word_1_103' title='bbox 120 1819 351 1879; x_wconf 87' lang='grc' dir='ltr'><strong><em>πλείονος</em></strong></span> <span class='ocrx_word' id='word_1_104' title='bbox 389 1818 724 1884; x_wconf 78' lang='grc' dir='ltr'><strong><em>μισθοῦσθαι,</em></strong></span> <span class='ocrx_word' id='word_1_105' title='bbox 764 1832 868 1871; x_wconf 88' lang='lat' dir='ltr'><strong><em>non</em></strong></span> <span class='ocrx_word' id='word_1_106' title='bbox 909 1815 1155 1871; x_wconf 83' lang='grc' dir='ltr'><strong><em>πλειόνων</em></strong></span> <span class='ocrx_word' id='word_1_107' title='bbox 1196 1816 1321 1869; x_wconf 86' lang='grc'><strong>560.</strong></span> 
     </span>
     <span class='ocr_line' id='line_1_20' title="bbox 118 1905 931 1971; baseline -0.004 -9"><span class='ocrx_word' id='word_1_108' title='bbox 118 1914 272 1968; x_wconf 84' lang='grc' dir='ltr'><strong><em>πλεῖς</em></strong></span> <span class='ocrx_word' id='word_1_109' title='bbox 310 1907 404 1971; x_wconf 76' lang='grc' dir='ltr'><strong><em>τήν</em></strong></span> <span class='ocrx_word' id='word_1_110' title='bbox 440 1937 515 1946; x_wconf 94' lang='grc'>-</span> <span class='ocrx_word' id='word_1_111' title='bbox 545 1905 764 1968; x_wconf 77' lang='grc' dir='ltr'><strong><em>πλείςην</em></strong></span> <span class='ocrx_word' id='word_1_112' title='bbox 808 1908 931 1960; x_wconf 91' lang='grc'><strong>120.</strong></span> 
     </span>
     <span class='ocr_line' id='line_1_21' title="bbox 118 1993 877 2056; baseline -0.001 -7"><span class='ocrx_word' id='word_1_113' title='bbox 118 1995 360 2056; x_wconf 80' lang='grc' dir='ltr'><strong><em>πλείςους</em></strong></span> <span class='ocrx_word' id='word_1_114' title='bbox 393 2025 469 2035; x_wconf 92' lang='grc'>-</span> <span class='ocrx_word' id='word_1_115' title='bbox 498 1993 708 2055; x_wconf 81' lang='grc' dir='ltr'><strong><em>πλείους</em></strong></span> <span class='ocrx_word' id='word_1_116' title='bbox 751 1996 877 2048; x_wconf 87' lang='grc'><strong>768.</strong></span> 
     </span>
     <span class='ocr_line' id='line_1_22' title="bbox 119 2081 1067 2137; baseline -0.003 0"><span class='ocrx_word' id='word_1_117' title='bbox 119 2089 304 2137; x_wconf 83' lang='grc' dir='ltr'><strong><em>πλεῖτε</em></strong></span> <span class='ocrx_word' id='word_1_118' title='bbox 337 2113 412 2123; x_wconf 92' lang='lat'>—</span> <span class='ocrx_word' id='word_1_119' title='bbox 445 2081 637 2136; x_wconf 86' lang='grc' dir='ltr'><strong><em>πλέετε</em></strong></span> <span class='ocrx_word' id='word_1_120' title='bbox 677 2086 732 2136; x_wconf 81' lang='lat' dir='ltr'><strong><em>et</em></strong></span> <span class='ocrx_word' id='word_1_121' title='bbox 775 2082 897 2136; x_wconf 90' lang='lat' dir='ltr'><strong>sim.</strong></span> <span class='ocrx_word' id='word_1_122' title='bbox 941 2083 1067 2135; x_wconf 89' lang='grc'><strong>528.</strong></span> 
     </span>
     <span class='ocr_line' id='line_1_23' title="bbox 118 2168 1275 2237; baseline -0.003 -12"><span class='ocrx_word' id='word_1_123' title='bbox 118 2170 288 2233; x_wconf 81' lang='grc' dir='ltr'><strong><em>πλέως</em></strong></span> <span class='ocrx_word' id='word_1_124' title='bbox 311 2213 327 2236; x_wconf 91' lang='grc'><strong><em>,</em></strong></span> <span class='ocrx_word' id='word_1_125' title='bbox 366 2169 607 2237; x_wconf 79' lang='grc' dir='ltr'><strong><em>ἔμπλεως</em></strong></span> <span class='ocrx_word' id='word_1_126' title='bbox 629 2211 646 2232; x_wconf 92' lang='grc'><strong><em>,</em></strong></span> <span class='ocrx_word' id='word_1_127' title='bbox 688 2168 964 2230; x_wconf 69' lang='grc' dir='ltr'><strong><em>ἀνάπλεως</em></strong></span> <span class='ocrx_word' id='word_1_128' title='bbox 1003 2175 1108 2223; x_wconf 81' lang='lat' dir='ltr'><strong>cet.</strong></span> <span class='ocrx_word' id='word_1_129' title='bbox 1149 2171 1275 2222; x_wconf 90' lang='grc'><strong>512.</strong></span> 
     </span>
     <span class='ocr_line' id='line_1_24' title="bbox 119 2253 1981 2325; baseline 0 -10"><span class='ocrx_word' id='word_1_130' title='bbox 119 2258 340 2325; x_wconf 69' lang='grc' dir='ltr'><strong><em>πληγάς</em></strong></span> <span class='ocrx_word' id='word_1_131' title='bbox 378 2258 638 2315; x_wconf 76' lang='lat' dir='ltr'><strong>omittunt</strong></span> <span class='ocrx_word' id='word_1_132' title='bbox 675 2258 844 2313; x_wconf 78' lang='lat' dir='ltr'>Attici</span> <span class='ocrx_word' id='word_1_133' title='bbox 886 2258 942 2312; x_wconf 88' lang='lat' dir='ltr'><strong><em>in</em></strong></span> <span class='ocrx_word' id='word_1_134' title='bbox 981 2255 1158 2319; x_wconf 75' lang='grc' dir='ltr'><strong><em>ἄλλας</em></strong></span> <span class='ocrx_word' id='word_1_135' title='bbox 1199 2253 1563 2323; x_wconf 73' lang='grc' dir='ltr'><strong><em>ε’πεμβοὶλλειν</em></strong></span> <span class='ocrx_word' id='word_1_136' title='bbox 1601 2263 1656 2312; x_wconf 85' lang='lat' dir='ltr'><strong><em>et</em></strong></span> <span class='ocrx_word' id='word_1_137' title='bbox 1691 2258 1812 2314; x_wconf 89' lang='lat' dir='ltr'><strong>sim.</strong></span> <span class='ocrx_word' id='word_1_138' title='bbox 1858 2263 1981 2316; x_wconf 88' lang='grc'><strong>750.</strong></span> 
     </span>
     <span class='ocr_line' id='line_1_25' title="bbox 121 2346 1046 2405; baseline -0.003 -2"><span class='ocrx_word' id='word_1_139' title='bbox 121 2355 266 2405; x_wconf 89' lang='grc' dir='ltr'><strong><em>πλοῖ.</em></strong></span> <span class='ocrx_word' id='word_1_140' title='bbox 304 2346 455 2403; x_wconf 76' lang='grc' dir='ltr'><strong><em>καλοὶ</em></strong></span> <span class='ocrx_word' id='word_1_141' title='bbox 493 2353 624 2403; x_wconf 89' lang='grc' dir='ltr'><strong><em>πλοῖ</em></strong></span> <span class='ocrx_word' id='word_1_142' title='bbox 657 2351 712 2402; x_wconf 84' lang='lat' dir='ltr'><strong><em>et</em></strong></span> <span class='ocrx_word' id='word_1_143' title='bbox 751 2346 875 2403; x_wconf 90' lang='lat' dir='ltr'><strong>sim.</strong></span> <span class='ocrx_word' id='word_1_144' title='bbox 920 2349 1046 2402; x_wconf 86' lang='grc'><strong>584.</strong></span> 
     </span>
     <span class='ocr_line' id='line_1_26' title="bbox 121 2437 661 2492; baseline -0.006 0"><span class='ocrx_word' id='word_1_145' title='bbox 121 2440 283 2492; x_wconf 80' lang='grc' dir='ltr'><strong><em>πλοῦν</em></strong></span> <span class='ocrx_word' id='word_1_146' title='bbox 321 2468 397 2478; x_wconf 92' lang='grc'>-</span> <span class='ocrx_word' id='word_1_147' title='bbox 433 2455 530 2490; x_wconf 88' lang='grc' dir='ltr'><strong><em>που</em></strong></span> <span class='ocrx_word' id='word_1_148' title='bbox 570 2437 661 2490; x_wconf 90' lang='grc'><strong><em>91.</em></strong></span> 
     </span>
     <span class='ocr_line' id='line_1_27' title="bbox 122 2521 1662 2595; baseline -0.002 -15"><span class='ocrx_word' id='word_1_149' title='bbox 122 2529 323 2590; x_wconf 79' lang='grc' dir='ltr'><strong><em>πλοῦς,</em></strong></span> <span class='ocrx_word' id='word_1_150' title='bbox 361 2523 549 2589; x_wconf 80' lang='grc' dir='ltr'><strong><em>πλοός,</em></strong></span> <span class='ocrx_word' id='word_1_151' title='bbox 587 2522 747 2586; x_wconf 81' lang='grc' dir='ltr'><strong><em>πλόες</em></strong></span> <span class='ocrx_word' id='word_1_152' title='bbox 788 2530 842 2579; x_wconf 86' lang='lat' dir='ltr'><strong><em>et</em></strong></span> <span class='ocrx_word' id='word_1_153' title='bbox 880 2524 1002 2578; x_wconf 89' lang='lat' dir='ltr'><strong>sim.</strong></span> <span class='ocrx_word' id='word_1_154' title='bbox 1043 2521 1184 2595; x_wconf 86' lang='lat' dir='ltr'>apud</span> <span class='ocrx_word' id='word_1_155' title='bbox 1225 2522 1495 2595; x_wconf 85' lang='lat' dir='ltr'><strong>sequiores</strong></span> <span class='ocrx_word' id='word_1_156' title='bbox 1536 2525 1662 2578; x_wconf 81' lang='grc'><strong>584.</strong></span> 
     </span>
     <span class='ocr_line' id='line_1_28' title="bbox 123 2611 1259 2679; baseline -0.005 -9"><span class='ocrx_word' id='word_1_157' title='bbox 123 2618 367 2669; x_wconf 79' lang='grc' dir='ltr'><strong><em>πλουτεῖν</em></strong></span> <span class='ocrx_word' id='word_1_158' title='bbox 402 2612 508 2666; x_wconf 69' lang='grc' dir='ltr'><strong><em>ἀπὸ</em></strong></span> <span class='ocrx_word' id='word_1_159' title='bbox 547 2616 636 2667; x_wconf 80' lang='grc' dir='ltr'><strong><em>τοῦ</em></strong></span> <span class='ocrx_word' id='word_1_160' title='bbox 678 2613 838 2679; x_wconf 76' lang='grc' dir='ltr'><strong><em>δήμου</em></strong></span> <span class='ocrx_word' id='word_1_161' title='bbox 877 2618 931 2666; x_wconf 78' lang='lat' dir='ltr'><strong><em>et</em></strong></span> <span class='ocrx_word' id='word_1_162' title='bbox 965 2611 1088 2666; x_wconf 89' lang='lat' dir='ltr'><strong>sim.</strong></span> <span class='ocrx_word' id='word_1_163' title='bbox 1132 2613 1259 2665; x_wconf 89' lang='grc'><strong>575.</strong></span> 
     </span>
     <span class='ocr_line' id='line_1_29' title="bbox 123 2701 889 2770; baseline -0.001 -14"><span class='ocrx_word' id='word_1_164' title='bbox 123 2703 239 2770; x_wconf 77' lang='grc' dir='ltr'><strong><em>πλῷ</em></strong></span> <span class='ocrx_word' id='word_1_165' title='bbox 272 2731 346 2744; x_wconf 89' lang='lat'>-</span> <span class='ocrx_word' id='word_1_166' title='bbox 379 2701 539 2769; x_wconf 80' lang='grc' dir='ltr'><strong><em>πλοίῳ</em></strong></span> <span class='ocrx_word' id='word_1_167' title='bbox 579 2703 722 2766; x_wconf 88' lang='grc'><strong>585,</strong></span> <span class='ocrx_word' id='word_1_168' title='bbox 762 2703 889 2755; x_wconf 91' lang='grc'><strong>657.</strong></span> 
     </span>
     <span class='ocr_line' id='line_1_30' title="bbox 125 2787 1007 2854; baseline -0.001 -10"><span class='ocrx_word' id='word_1_169' title='bbox 125 2794 268 2844; x_wconf 83' lang='grc' dir='ltr'><strong><em>πλῶν</em></strong></span> <span class='ocrx_word' id='word_1_170' title='bbox 300 2819 376 2830; x_wconf 95' lang='grc'>-</span> <span class='ocrx_word' id='word_1_171' title='bbox 406 2787 578 2843; x_wconf 82' lang='grc' dir='ltr'><strong><em>πλόων</em></strong></span> <span class='ocrx_word' id='word_1_172' title='bbox 599 2830 615 2854; x_wconf 92' lang='grc'><strong><em>,</em></strong></span> <span class='ocrx_word' id='word_1_173' title='bbox 653 2787 841 2843; x_wconf 77' lang='grc' dir='ltr'><strong><em>πλοίων</em></strong></span> <span class='ocrx_word' id='word_1_174' title='bbox 881 2791 1007 2843; x_wconf 87' lang='grc'><strong>584.</strong></span> 
     </span>
     <span class='ocr_line' id='line_1_31' title="bbox 126 2874 1285 2948; baseline -0.001 -15"><span class='ocrx_word' id='word_1_175' title='bbox 126 2878 324 2933; x_wconf 80' lang='grc' dir='ltr'><strong><em>πνεύσω</em></strong></span> <span class='ocrx_word' id='word_1_176' title='bbox 363 2874 654 2932; x_wconf 83' lang='lat' dir='ltr'>barbarum</span> <span class='ocrx_word' id='word_1_177' title='bbox 695 2892 793 2948; x_wconf 86' lang='lat' dir='ltr'><strong><em>pro</em></strong></span> <span class='ocrx_word' id='word_1_178' title='bbox 829 2875 1116 2942; x_wconf 79' lang='grc' dir='ltr'><strong><em>πνεύσομαι</em></strong></span> <span class='ocrx_word' id='word_1_179' title='bbox 1158 2878 1285 2932; x_wconf 87' lang='grc'><strong>249.</strong></span> 
     </span>
     <span class='ocr_line' id='line_1_32' title="bbox 125 2967 583 3021; baseline -0.007 0"><span class='ocrx_word' id='word_1_180' title='bbox 125 2973 217 3021; x_wconf 83' lang='grc' dir='ltr'><strong><em>ποῖ</em></strong></span> <span class='ocrx_word' id='word_1_181' title='bbox 246 2996 321 3007; x_wconf 92' lang='grc'>-</span> <span class='ocrx_word' id='word_1_182' title='bbox 353 2969 451 3019; x_wconf 81' lang='grc' dir='ltr'><strong><em>ποῦ</em></strong></span> <span class='ocrx_word' id='word_1_183' title='bbox 492 2967 583 3019; x_wconf 90' lang='grc'><strong><em>91.</em></strong></span> 
     </span>
     <span class='ocr_line' id='line_1_33' title="bbox 123 3052 580 3110; baseline -0.007 0"><span class='ocrx_word' id='word_1_184' title='bbox 123 3057 231 3110; x_wconf 69' lang='grc' dir='ltr'><strong><em>ποῖ</em></strong></span> <span class='ocrx_word' id='word_1_185' title='bbox 267 3052 412 3109; x_wconf 76' lang='grc' dir='ltr'><strong><em>ἄττα</em></strong></span> <span class='ocrx_word' id='word_1_186' title='bbox 451 3055 580 3107; x_wconf 90' lang='grc'><strong>276.</strong></span> 
     </span>
     <span class='ocr_line' id='line_1_34' title="bbox 127 3140 1748 3214; baseline 0 -17"><span class='ocrx_word' id='word_1_187' title='bbox 127 3149 322 3208; x_wconf 78' lang='grc' dir='ltr'><strong><em>ποιεῖν,</em></strong></span> <span class='ocrx_word' id='word_1_188' title='bbox 359 3145 617 3205; x_wconf 83' lang='grc' dir='ltr'><strong><em>ποιοῦσιν,</em></strong></span> <span class='ocrx_word' id='word_1_189' title='bbox 657 3141 850 3196; x_wconf 76' lang='grc' dir='ltr'><strong><em>ἐποίουν</em></strong></span> <span class='ocrx_word' id='word_1_190' title='bbox 890 3140 1208 3214; x_wconf 76' lang='lat' dir='ltr'><strong>interpolata</strong></span> <span class='ocrx_word' id='word_1_191' title='bbox 1247 3144 1394 3205; x_wconf 88' lang='grc'><strong>510,</strong></span> <span class='ocrx_word' id='word_1_192' title='bbox 1437 3144 1544 3197; x_wconf 89' lang='grc'><strong><em>595</em></strong></span> <span class='ocrx_word' id='word_1_193' title='bbox 1565 3182 1582 3207; x_wconf 95' lang='grc'><strong><em>,</em></strong></span> <span class='ocrx_word' id='word_1_194' title='bbox 1622 3145 1748 3197; x_wconf 90' lang='grc'><strong>685.</strong></span> 
     </span>
     <span class='ocr_line' id='line_1_35' title="bbox 128 3229 2096 3301; baseline 0.001 -15"><span class='ocrx_word' id='word_1_195' title='bbox 128 3236 288 3286; x_wconf 89' lang='grc' dir='ltr'><strong><em>ποιεῖν</em></strong></span> <span class='ocrx_word' id='word_1_196' title='bbox 314 3229 575 3287; x_wconf 81' lang='lat' dir='ltr'><strong>inducere.</strong></span> <span class='ocrx_word' id='word_1_197' title='bbox 614 3230 893 3291; x_wconf 77' lang='grc' dir='ltr'><strong><em>πεποίηται</em></strong></span> <span class='ocrx_word' id='word_1_198' title='bbox 925 3230 1609 3298; x_wconf 75' lang='grc' dir='ltr'><strong><em>τιμωρήσας-πεποίηται</em></strong></span> <span class='ocrx_word' id='word_1_199' title='bbox 1644 3236 1927 3301; x_wconf 77' lang='grc' dir='ltr'><strong><em>τιμωρῆσαι</em></strong></span> <span class='ocrx_word' id='word_1_200' title='bbox 1968 3233 2096 3287; x_wconf 88' lang='grc'><strong>657.</strong></span> 
     </span>
     <span class='ocr_line' id='line_1_36' title="bbox 129 3315 1621 3385; baseline -0.001 -12"><span class='ocrx_word' id='word_1_201' title='bbox 129 3325 290 3373; x_wconf 87' lang='grc' dir='ltr'><strong><em>ποιεῖν</em></strong></span> <span class='ocrx_word' id='word_1_202' title='bbox 328 3318 586 3385; x_wconf 78' lang='grc' dir='ltr'><strong><em>χρήματα</em></strong></span> <span class='ocrx_word' id='word_1_203' title='bbox 624 3316 800 3373; x_wconf 72' lang='grc' dir='ltr'><strong><em>πολλοὶ</em></strong></span> <span class='ocrx_word' id='word_1_204' title='bbox 822 3360 838 3385; x_wconf 92' lang='grc'><strong><em>,</em></strong></span> <span class='ocrx_word' id='word_1_205' title='bbox 878 3315 1001 3374; x_wconf 80' lang='grc' dir='ltr'><strong><em>οἶνον</em></strong></span> <span class='ocrx_word' id='word_1_206' title='bbox 1039 3319 1201 3375; x_wconf 80' lang='grc' dir='ltr'><strong><em>πολύν</em></strong></span> <span class='ocrx_word' id='word_1_207' title='bbox 1241 3326 1294 3374; x_wconf 82' lang='lat' dir='ltr'><strong><em>et</em></strong></span> <span class='ocrx_word' id='word_1_208' title='bbox 1334 3319 1455 3372; x_wconf 86' lang='lat' dir='ltr'><strong>sim.</strong></span> <span class='ocrx_word' id='word_1_209' title='bbox 1496 3320 1621 3372; x_wconf 87' lang='grc'><strong>646.</strong></span> 
     </span>
     <span class='ocr_line' id='line_1_37' title="bbox 131 3403 967 3474; baseline 0.004 -14"><span class='ocrx_word' id='word_1_210' title='bbox 131 3412 290 3460; x_wconf 88' lang='grc' dir='ltr'><strong><em>ποιεῖν</em></strong></span> <span class='ocrx_word' id='word_1_211' title='bbox 329 3412 382 3459; x_wconf 78' lang='lat' dir='ltr'><strong><em>et</em></strong></span> <span class='ocrx_word' id='word_1_212' title='bbox 419 3403 649 3474; x_wconf 71' lang='grc' dir='ltr'><strong><em>πάσχειν</em></strong></span> <span class='ocrx_word' id='word_1_213' title='bbox 690 3410 758 3461; x_wconf 90' lang='grc'><strong><em>55</em></strong></span> <span class='ocrx_word' id='word_1_214' title='bbox 781 3448 797 3471; x_wconf 93' lang='grc'><strong><em>,</em></strong></span> <span class='ocrx_word' id='word_1_215' title='bbox 837 3411 967 3464; x_wconf 89' lang='grc'><strong>561.</strong></span> 
     </span>
     <span class='ocr_line' id='line_1_38' title="bbox 131 3491 1331 3562; baseline 0.001 -14"><span class='ocrx_word' id='word_1_216' title='bbox 131 3494 380 3549; x_wconf 72' lang='grc' dir='ltr'><strong><em>ποιεῖσθαι</em></strong></span> <span class='ocrx_word' id='word_1_217' title='bbox 418 3493 609 3562; x_wconf 84' lang='grc' dir='ltr'><strong><em>φίλον,</em></strong></span> <span class='ocrx_word' id='word_1_218' title='bbox 645 3491 821 3559; x_wconf 77' lang='grc' dir='ltr'><strong><em>ξένον,</em></strong></span> <span class='ocrx_word' id='word_1_219' title='bbox 862 3511 968 3550; x_wconf 85' lang='lat' dir='ltr'><strong><em>non</em></strong></span> <span class='ocrx_word' id='word_1_220' title='bbox 1006 3502 1164 3551; x_wconf 83' lang='grc' dir='ltr'><strong><em>ποιεῖν</em></strong></span> <span class='ocrx_word' id='word_1_221' title='bbox 1205 3497 1331 3550; x_wconf 90' lang='grc'><strong>465.</strong></span> 
     </span>
     <span class='ocr_line' id='line_1_39' title="bbox 131 3581 1793 3656; baseline 0 -19"><span class='ocrx_word' id='word_1_222' title='bbox 131 3584 381 3637; x_wconf 77' lang='grc' dir='ltr'><strong><em>ποιεῖσθαι</em></strong></span> <span class='ocrx_word' id='word_1_223' title='bbox 421 3582 637 3653; x_wconf 82' lang='lat' dir='ltr'>ponitur</span> <span class='ocrx_word' id='word_1_224' title='bbox 677 3582 731 3638; x_wconf 89' lang='lat' dir='ltr'><strong><em>in</em></strong></span> <span class='ocrx_word' id='word_1_225' title='bbox 772 3581 1101 3656; x_wconf 84' lang='lat' dir='ltr'><strong>periphrasi,</strong></span> <span class='ocrx_word' id='word_1_226' title='bbox 1142 3601 1244 3639; x_wconf 90' lang='lat' dir='ltr'><strong><em>non</em></strong></span> <span class='ocrx_word' id='word_1_227' title='bbox 1285 3590 1443 3638; x_wconf 79' lang='grc' dir='ltr'><strong><em>ποιεῖν</em></strong></span> <span class='ocrx_word' id='word_1_228' title='bbox 1484 3586 1590 3639; x_wconf 82' lang='grc'><strong><em>257</em></strong></span> <span class='ocrx_word' id='word_1_229' title='bbox 1614 3623 1627 3647; x_wconf 90' lang='grc'><strong><em>,</em></strong></span> <span class='ocrx_word' id='word_1_230' title='bbox 1670 3586 1793 3638; x_wconf 77' lang='grc'><strong>260.</strong></span> 
     </span>
    </p>
   </div>
   <div class='ocr_carea' id='block_1_3' title="bbox 0 1296 47 4068">
    <p class='ocr_par' dir='ltr' id='par_1_3' title="bbox 0 1296 47 4068">
     <span class='ocr_line' id='line_1_40' title="bbox 0 1296 47 4068; baseline 0 0"><span class='ocrx_word' id='word_1_231' title='bbox 0 1296 47 4068; x_wconf 95' lang='lat' dir='ltr'><strong><em> </em></strong></span> 
     </span>
    </p>
   </div>
  </div>
 </body>
</html>
