2436 4068
1318 260 1425 309 476

400 400 613 472 quidem
668 409 828 473 atque
868 423 911 455 οι
957 402 1008 455 in
1054 403 1271 472 longum
1314 424 1327 456 ι
1372 410 1424 456 et
1465 424 1490 455 υ
1534 402 1766 468 abeunt,
1826 412 1884 459 ut
1935 406 1987 458 in
2030 405 2270 471 οὐσίδιον,
2311 409 2380 462 οἰδ

401 491 587 553 κίδιον,
627 491 907 557 ἀργυρίδιον
943 496 994 542 et
1033 490 1284 556 ἰχθύδιον,
1326 491 1604 556 βοτρύδιον.
1686 492 1746 544 Ιη
1789 493 2016 547 caeteris
2055 494 2213 563 -οέδιον
2255 495 2384 549 Scri-

405 577 635 631 bendum
687 594 791 630 non
844 576 1035 640 -οέδιον,
1079 584 1131 631 et
1172 577 1327 645 -ῴδιον
1381 595 1484 631 11011
1529 579 1726 641 -ώδιον,
1780 586 1840 634 ut
1892 582 1945 634 in
1987 582 2246 651 κρεᾴδιον,
2296 581 2387 650 κῴ-

407 666 531 728 διον,
573 664 766 732 ζῴδιον,
809 664 1062 736 aliisque,
1104 666 1158 719 in
1193 665 1388 736 quihus
1444 665 1566 720 olim
1602 664 1623 720 I
1665 668 1824 738 periit
1864 685 1928 723 ex
1961 668 2202 739 analogia
2244 675 2389 723 certa

409 751 785 806 revocandum.

485 839 546 893 In
588 845 616 913 ᾗ
653 843 741 893 24.
795 840 984 895 vitiose
1024 857 1208 895 omnes
1261 842 1506 896 scribunt
1546 841 1804 907 συμμίξαι
1858 849 1911 896 et
1952 844 2150 913 passim
2193 844 2269 896 sie
2306 859 2389 897 er-

408 932 578 981 ratur.
658 927 754 981 Est
806 935 985 982 autem
1028 950 1041 982 ι
1090 929 1410 1000 productum
1453 937 1504 983 et
1557 929 1898 984 scribendum
1949 929 2132 995 μῖξαι,
2193 938 2389 995 συμμῖ-

404 1014 524 1078 ξαι,
564 1017 826 1083 μεμῖχθαι
875 1023 976 1069 etc.
1057 1016 1114 1070 In
1158 1018 1550 1088 antiquissimis
1602 1017 1752 1071 libris
1799 1017 2014 1083 μεῖξαι,
2056 1017 2384 1083 συμμεῖξαι,

402 1104 729 1170 μεμεῖχθαι,
785 1101 1031 1169 ἄμεικτος
1085 1111 1138 1159 et
1197 1106 1315 1158 siin.
1373 1121 1526 1175 saepe
1583 1113 1894 1159 occurrunt.
1988 1105 2047 1159 In
2109 1105 2385 1177 Euripidis

405 1189 706 1260 fragmento
746 1191 887 1262 apud
929 1191 1072 1246 Stoh.
1117 1193 1297 1246 Florit.
1341 1192 1620 1247 LXXXIII.
1662 1198 1715 1264 5.

632 1277 736 1340 δ’ςις
775 1280 819 1334 δ’
852 1281 1266 1345 ἀμείλικτον
1307 1281 1490 1347 πατέρ’
1531 1280 1645 1348 ἔχει
1683 1282 1882 1342 νεανίας

630 1367 815 1431 ςυγνόν
855 1372 903 1420 τ’
944 1369 993 1421 ἐν
1034 1367 1180 1428 οἴκοις
1221 1368 1443 1433 μεγαλα
1483 1370 1729 1431 κέκτηται
1771 1368 1929 1423 κακοί.

405 1460 551 1508 recte
592 1456 871 1522 corrigunt
924 1453 1208 1519 ἄμικτον
1263 1456 1446 1523 πατέρ’
1502 1455 1633 1523 ἔχει.
1714 1455 1911 1510 Natum
1964 1462 2043 1510 est
2083 1457 2275 1510 vitium
2318 1473 2384 1510 ex

402 1550 819 1604 AMEIKTON,
873 1558 1009 1612 quae
1059 1543 1327 1614 scriptura
1382 1544 1664 1615 aliquoties
1719 1543 1852 1597 mihi
1906 1544 2019 1597 visa
2063 1545 2115 1598 in
2159 1545 2383 1618 Papyris

403 1628 910 1684 HerculanensibuS.
990 1630 1272 1684 Praeterea
1317 1633 1491 1686 verior
1542 1633 1811 1703 scriptura
1850 1649 1966 1686 esse
2004 1632 2218 1687 videtur
2256 1633 2380 1702 οὶφί·

401 1738 543 1772 κοντο
596 1720 666 1779 εἷς
727 1719 993 1772 ταύτόν.
1050 1717 1186 1772 conf.
1240 1718 1438 1773 V1.1v.
1496 1724 1546 1774 9.
1605 1727 1657 1774 et
1712 1726 1828 1791 post
1870 1707 2037 1790 pauca
2098 1723 2125 1793 ς
2170 1725 2257 1775 25.
2322 1724 2380 1775 τὸ

403 1810 531 1861 αὐτὸ
572 1807 833 1867 δείσαντες
875 1809 1100 1869 οὶπῆλθον
1143 1824 1238 1877 pro
1278 1812 1475 1862 τοῦτο
1515 1809 1796 1870 δείσαντες.

472 1894 532 1947 111
577 1894 666 1950 VI.
707 1912 775 1948 1v.
820 1898 870 1949 2.
932 1894 1177 1965 putidum
1219 1894 1644 1949 additamentum
1697 1901 1778 1948 est
1819 1895 1872 1948 in
1923 1894 2097 1949 verbis
2151 1897 2237 1950 καὶ
2293 1894 2376 1957 οὓς

401 1981 465 2036 ἂν
504 1981 711 2049 λάβωσι
747 1987 844 2037 τῶν
881 1985 1141 2046 Ἑλλήνων
1182 1984 1208 2046 ἢ
1245 1983 1593 2044 ἐκπίπτοντας
1631 1986 1658 2047 ἢ
1701 1981 1876 2043 ἄλλως
1918 2004 2023 2043 πως
2061 1983 2198 2037 δεινοὶ
2239 1985 2378 2051 ὑβρί-

401 2069 501 2137 ζειν
555 2071 801 2135 λέγονται
850 2071 988 2143 [τοὺς
1035 2071 1348 2143 ”Ελληνας].
1441 2070 1579 2124 Num
1622 2077 1709 2134 tu,
1753 2071 1844 2141 qui
1885 2070 2014 2124 haec
2055 2069 2220 2140 legis,
2267 2078 2378 2126 iam

395 2158 676 2230 pueriliter
726 2159 842 2218 τοὺς
890 2159 1157 2220 Ἕλληνας
1205 2158 1537 2212 addidisses?
1619 2158 1859 2212 Muretus
1913 2165 1965 2212 et
2019 2157 2378 2214 Schneiderus
2432 2189 2433 2192 ¹

394 2246 616 2301 delenda
658 2254 1021 2308 censuerunt,
1081 2246 1171 2300 sed
1214 2247 1619 2300 Bornemannus
1660 2245 1797 2299 nihil
1846 2246 1943 2299 Ιιαο
1987 2246 2258 2300 omissione
2297 2249 2373 2300 υί-

393 2335 531 2387 disse
582 2353 635 2388 se
687 2335 935 2388 audacius
991 2334 1204 2388 clamat.
1283 2334 1394 2388 Non
1440 2334 1571 2387 vidit
1611 2335 1780 2403 igitur
1833 2332 2001 2386 multa
2053 2333 2373 2388 Borneman-

394 2439 512 2476 nuS.
595 2421 803 2477 Omissa
843 2423 1163 2493 praepositio
1211 2421 1451 2475 addenda
1497 2428 1577 2475 est
1631 2423 1685 2474 in
1740 2425 1767 2491 ξ
1808 2425 1858 2474 5.
1910 2422 1968 2475 τὸ
2017 2422 2059 2475 δ’
2105 2422 2243 2481 ἐντὸς
2283 2426 2371 2476 τοῦ

392 2510 612 2577 αὐχένος
646 2510 828 2575 χωρίον
868 2511 1038 2563 ἱκανὸν
1074 2511 1264 2576 μυρίοις
1299 2511 1570 2576 ἀνθρώποις
1615 2510 1846 2572 οἰκῆσαι,
1888 2510 2249 2563 necessarium
2290 2517 2372 2564 est

390 2600 675 2660 ἐνοικῆσαι,
714 2594 967 2668 quoniam
1009 2599 1272 2651 sententia
1317 2605 1395 2652 est
1434 2599 1596 2665 μυρίοι
1637 2596 1877 2664 ἅνθρωποι
1915 2598 1978 2651 ἐν
2023 2599 2105 2665 τῷ
2156 2597 2369 2666 χωρίῳ

390 2689 587 2746 οἰκῆσαι
652 2687 911 2740 δύνανται.
952 2674 973 2678 „
1006 2687 1117 2740 Non
1174 2693 1349 2757 potest
1402 2686 1456 2738 in
1518 2683 1612 2739 tali
1669 2700 1727 2738 re
1783 2685 2102 2755 praepositio
2167 2685 2365 2740 abesse.

388 2773 767 2845 Exemplorum
806 2774 955 2844 plena
993 2782 1119 2828 sunt
1156 2775 1332 2828 omnia
1369 2782 1422 2829 et
1461 2772 1773 2846 paucissimi
1811 2772 2030 2844 quidam
2072 2773 2173 2826 loci
2208 2780 2365 2839 sunt,

388 2862 482 2916 ubi
525 2861 824 2915 scribarum
884 2879 1093 2917 errores
1147 2863 1299 2916 nohis
1368 2861 1671 2932 corrigendi
1723 2867 2033 2932 supersunt.
2133 2861 2364 2916 Facetis-

388 2951 522 3003 sime
568 2949 951 3019 Aristophanes
1012 2951 1067 3004 in
1122 2950 1322 3004 Avibus
1382 2968 1456 3004 vs,
1502 2954 1588 3004 38.
1645 2949 1880 3004 Athenas
1929 2948 2157 3020 appellat
2212 2949 2361 3004 πόλιν
2407 2948 2419 3006 2'

384 3036 631 3102 μεγάλην
676 3038 988 3102 κεύδαίμονα

689 3125 775 3178 καὶ
818 3129 947 3180 ποῖσι
989 3128 1148 3188 κοινὴν
1190 3129 1214 3180 ἐ
1229 3147 1349 3182 ναπ
1365 3134 1573 3181 οτῖσαι
1615 3127 1890 3193 χρήματα.

383 3214 579 3268 omissa
633 3213 1022 3283 praepositione
1075 3215 1124 3267 ἐν
1177 3215 1347 3269 oratio
1402 3232 1507 3268 non
1571 3212 1759 3268 fuisset
1810 3212 2026 3267 Graeca.
2121 3211 2359 3267 Emenda
2402 3197 2414 3250 .,ss

380 3302 554 3356 obiter
589 3299 914 3355 Herodotum
949 3300 1062 3353 VII.
1107 3305 1192 3354 59.
1249 3301 1383 3365 ἔδοξε
1419 3300 1480 3356 ὦν
1514 3302 1584 3368 τῷ
1624 3299 1775 3368 Ξέρξῃ
1808 3300 1830 3352 o‘
1871 3301 2034 3366 χῶρος
2080 3296 2208 3354 εἶναι
2245 3302 2353 3354 ἐπι-

376 3390 549 3453 τήδεος
587 3386 884 3450 ἐνδιατάξαι
927 3408 986 3440 τε
1028 3387 1113 3440 καὶ
1164 3387 1596 3455 ἐξαριθμῆσαι
1641 3389 1726 3442 τὸν
1783 3387 1997 3454 ςρατόν,
2056 3389 2144 3442 cui
2197 3391 2354 3457 ἐναρι-

377 3479 568 3542 θμῆσαι
621 3474 972 3531 reddendum.
1055 3473 1264 3545 Optime
1299 3475 1604 3531 Dindorfius
1645 3477 1698 3529 in
1741 3475 1970 3529 Anabasi
2012 3475 2123 3529 VII.
2168 3493 2254 3530 vn.
2300 3480 2350 3530 8.
2430 3524 2431 3529 ,

373 3565 613 3619 restituit
647 3566 748 3619 οὐδ’
791 3564 1282 3623 ἐναυλισθῆναι
1337 3559 1447 3616 ὅσον
1487 3564 1700 3619 δύνασαι
1744 3564 2049 3631 ἐπιτρέπεις.

452 3651 510 3705 In
553 3656 580 3723 §
620 3656 670 3706 8.
729 3654 771 3705 οἱ
811 3650 862 3705 δὲ
901 3651 985 3704 καὶ
1037 3649 1221 3718 ἄνδρας
1264 3649 1520 3716 ἄγοντες,
1572 3655 1614 3706 οἱ
1661 3651 1713 3706 δὲ
1767 3650 1853 3705 καὶ
1906 3650 2348 3718 προσανηλωκότες

2430 3388 2436 3509 ξ

2424 3542 2436 4068 i
