<?xml version="1.0" encoding="UTF-8"?>
<!DOCTYPE html PUBLIC "-//W3C//DTD XHTML 1.0 Transitional//EN"
    "http://www.w3.org/TR/xhtml1/DTD/xhtml1-transitional.dtd">
<html xmlns="http://www.w3.org/1999/xhtml" xml:lang="en" lang="en">
 <head>
  <title>
</title>
<meta http-equiv="Content-Type" content="text/html;charset=utf-8" />
  <meta name='ocr-system' content='tesseract 3.04.00' />
  <meta name='ocr-capabilities' content='ocr_page ocr_carea ocr_par ocr_line ocrx_word'/>
</head>
<body>
  <div class='ocr_page' id='page_1' title='image "./novaelectionesqu00cobeuoft/novaelectionesqu00cobeuoft_0744.png"; bbox 0 0 2436 4068; ppageno 0'>
   <div class='ocr_carea' id='block_1_1' title="bbox 1331 187 1438 236">
    <p class='ocr_par' dir='ltr' id='par_1_1' title="bbox 1331 187 1438 236">
     <span class='ocr_line' id='line_1_1' title="bbox 1331 187 1438 236; baseline 0 -1"><span class='ocrx_word' id='word_1_1' title='bbox 1331 187 1438 236; x_wconf 83' lang='lat'>710</span> 
     </span>
    </p>
   </div>
   <div class='ocr_carea' id='block_1_2' title="bbox 367 328 2436 3661">
    <p class='ocr_par' dir='ltr' id='par_1_2' title="bbox 367 328 2436 3661">
     <span class='ocr_line' id='line_1_2' title="bbox 402 328 2368 401; baseline 0.005 -19"><span class='ocrx_word' id='word_1_2' title='bbox 402 345 622 395; x_wconf 86' lang='lat' dir='ltr'>avaros,</span> <span class='ocrx_word' id='word_1_3' title='bbox 666 329 795 383; x_wconf 84' lang='lat' dir='ltr'>alios</span> <span class='ocrx_word' id='word_1_4' title='bbox 835 328 1136 382; x_wconf 81' lang='lat' dir='ltr'>luxuriosos</span> <span class='ocrx_word' id='word_1_5' title='bbox 1175 343 1318 390; x_wconf 86' lang='lat' dir='ltr'>esse,</span> <span class='ocrx_word' id='word_1_6' title='bbox 1362 329 1611 399; x_wconf 86' lang='lat' dir='ltr'>quoniam</span> <span class='ocrx_word' id='word_1_7' title='bbox 1662 329 1749 383; x_wconf 88' lang='lat' dir='ltr'>illa</span> <span class='ocrx_word' id='word_1_8' title='bbox 1801 331 1964 401; x_wconf 83' lang='lat' dir='ltr'>pestis</span> <span class='ocrx_word' id='word_1_9' title='bbox 2007 335 2212 390; x_wconf 87' lang='lat' dir='ltr'>occulta</span> <span class='ocrx_word' id='word_1_10' title='bbox 2253 354 2368 392; x_wconf 88' lang='lat' dir='ltr'>esse</span> 
     </span>
     <span class='ocr_line' id='line_1_3' title="bbox 402 415 2366 494; baseline 0.004 -23"><span class='ocrx_word' id='word_1_11' title='bbox 402 433 506 471; x_wconf 89' lang='lat' dir='ltr'>non</span> <span class='ocrx_word' id='word_1_12' title='bbox 548 425 780 489; x_wconf 84' lang='lat' dir='ltr'>poterat,</span> <span class='ocrx_word' id='word_1_13' title='bbox 837 415 1124 487; x_wconf 85' lang='lat' dir='ltr'>Xenophon</span> <span class='ocrx_word' id='word_1_14' title='bbox 1177 415 1339 487; x_wconf 83' lang='lat' dir='ltr'>probe</span> <span class='ocrx_word' id='word_1_15' title='bbox 1388 416 1625 482; x_wconf 86' lang='lat' dir='ltr'>sciehat,</span> <span class='ocrx_word' id='word_1_16' title='bbox 1679 417 1769 471; x_wconf 89' lang='lat' dir='ltr'>sed</span> <span class='ocrx_word' id='word_1_17' title='bbox 1828 419 1909 491; x_wconf 90' lang='lat' dir='ltr'>(ut</span> <span class='ocrx_word' id='word_1_18' title='bbox 1962 420 2131 475; x_wconf 88' lang='lat' dir='ltr'>solent</span> <span class='ocrx_word' id='word_1_19' title='bbox 2176 426 2265 494; x_wconf 86' lang='lat' dir='ltr'>qui</span> <span class='ocrx_word' id='word_1_20' title='bbox 2314 427 2366 480; x_wconf 90' lang='lat' dir='ltr'>in</span> 
     </span>
     <span class='ocr_line' id='line_1_4' title="bbox 401 503 2368 577; baseline 0.003 -19"><span class='ocrx_word' id='word_1_21' title='bbox 401 505 579 576; x_wconf 90' lang='lat' dir='ltr'>aliqua</span> <span class='ocrx_word' id='word_1_22' title='bbox 622 522 680 558; x_wconf 91' lang='lat' dir='ltr'>re</span> <span class='ocrx_word' id='word_1_23' title='bbox 722 503 1036 558; x_wconf 85' lang='lat' dir='ltr'>admiranda</span> <span class='ocrx_word' id='word_1_24' title='bbox 1078 503 1293 557; x_wconf 87' lang='lat' dir='ltr'>modum</span> <span class='ocrx_word' id='word_1_25' title='bbox 1347 504 1611 558; x_wconf 88' lang='lat' dir='ltr'>excedunt</span> <span class='ocrx_word' id='word_1_26' title='bbox 1659 512 1712 559; x_wconf 89' lang='lat' dir='ltr'>et</span> <span class='ocrx_word' id='word_1_27' title='bbox 1751 523 1878 577; x_wconf 88' lang='lat' dir='ltr'>prae</span> <span class='ocrx_word' id='word_1_28' title='bbox 1919 509 2085 562; x_wconf 89' lang='lat' dir='ltr'>nimia</span> <span class='ocrx_word' id='word_1_29' title='bbox 2142 511 2368 565; x_wconf 83' lang='lat' dir='ltr'>admira·</span> 
     </span>
     <span class='ocr_line' id='line_1_5' title="bbox 401 591 2370 665; baseline 0.004 -19"><span class='ocrx_word' id='word_1_30' title='bbox 401 594 545 646; x_wconf 86' lang='lat' dir='ltr'>tione</span> <span class='ocrx_word' id='word_1_31' title='bbox 586 592 914 665; x_wconf 87' lang='lat' dir='ltr'>caecutiunt)</span> <span class='ocrx_word' id='word_1_32' title='bbox 958 599 1203 663; x_wconf 88' lang='lat' dir='ltr'>paratum</span> <span class='ocrx_word' id='word_1_33' title='bbox 1247 593 1294 645; x_wconf 92' lang='lat' dir='ltr'>ei</span> <span class='ocrx_word' id='word_1_34' title='bbox 1335 599 1417 646; x_wconf 87' lang='lat' dir='ltr'>est</span> <span class='ocrx_word' id='word_1_35' title='bbox 1460 591 1636 646; x_wconf 87' lang='lat' dir='ltr'>dicere</span> <span class='ocrx_word' id='word_1_36' title='bbox 1677 611 1841 664; x_wconf 86' lang='lat' dir='ltr'>quum</span> <span class='ocrx_word' id='word_1_37' title='bbox 1886 596 2128 650; x_wconf 81' lang='lat' dir='ltr'>veritatis</span> <span class='ocrx_word' id='word_1_38' title='bbox 2165 599 2370 654; x_wconf 86' lang='lat' dir='ltr'>viribus</span> 
     </span>
     <span class='ocr_line' id='line_1_6' title="bbox 397 680 2363 751; baseline 0.004 -18"><span class='ocrx_word' id='word_1_39' title='bbox 397 685 614 734; x_wconf 89' lang='lat' dir='ltr'>coactus</span> <span class='ocrx_word' id='word_1_40' title='bbox 666 680 1206 734; x_wconf 75' lang='lat' dir='ltr'>Lacedaemoniorum</span> <span class='ocrx_word' id='word_1_41' title='bbox 1254 680 1336 733; x_wconf 89' lang='lat' dir='ltr'>sui</span> <span class='ocrx_word' id='word_1_42' title='bbox 1383 682 1639 751; x_wconf 86' lang='lat' dir='ltr'>temporis</span> <span class='ocrx_word' id='word_1_43' title='bbox 1684 683 1810 735; x_wconf 89' lang='lat' dir='ltr'>vitia</span> <span class='ocrx_word' id='word_1_44' title='bbox 1860 694 2363 742; x_wconf 78' lang='lat' dir='ltr'>commemorasset:</span> 
     </span>
     <span class='ocr_line' id='line_1_7' title="bbox 395 767 2364 839; baseline 0.004 -19"><span class='ocrx_word' id='word_1_45' title='bbox 395 767 531 822; x_wconf 80' lang='grc' dir='ltr'><em>οὐδὲν</em></span> <span class='ocrx_word' id='word_1_46' title='bbox 572 768 744 833; x_wconf 84' lang='grc' dir='ltr'><em>μέντοι</em></span> <span class='ocrx_word' id='word_1_47' title='bbox 788 769 868 822; x_wconf 82' lang='grc' dir='ltr'><em>δεῖ</em></span> <span class='ocrx_word' id='word_1_48' title='bbox 915 767 1194 835; x_wconf 68' lang='grc' dir='ltr'><em>θαυμάζειν</em></span> <span class='ocrx_word' id='word_1_49' title='bbox 1248 769 1436 822; x_wconf 81' lang='grc' dir='ltr'><em>τούτων</em></span> <span class='ocrx_word' id='word_1_50' title='bbox 1490 775 1586 822; x_wconf 83' lang='grc' dir='ltr'>τῶν</span> <span class='ocrx_word' id='word_1_51' title='bbox 1642 770 1907 838; x_wconf 65' lang='grc' dir='ltr'><em>ε’πιψόγων</em></span> <span class='ocrx_word' id='word_1_52' title='bbox 1963 775 2137 832; x_wconf 79' lang='grc' dir='ltr'><em>αὐτοῖς</em></span> <span class='ocrx_word' id='word_1_53' title='bbox 2193 795 2364 839; x_wconf 71' lang='grc' dir='ltr'><em>γιγνο-</em></span> 
     </span>
     <span class='ocr_line' id='line_1_8' title="bbox 394 854 2364 925; baseline 0.004 -17"><span class='ocrx_word' id='word_1_54' title='bbox 394 854 556 920; x_wconf 84' lang='grc' dir='ltr'><em>μένων</em></span> <span class='ocrx_word' id='word_1_55' title='bbox 610 856 781 917; x_wconf 68' lang='grc' dir='ltr'><em>ἐπειδὴ</em></span> <span class='ocrx_word' id='word_1_56' title='bbox 822 857 1035 925; x_wconf 82' lang='grc' dir='ltr'><em>φανεροί</em></span> <span class='ocrx_word' id='word_1_57' title='bbox 1086 858 1208 910; x_wconf 80' lang='grc' dir='ltr'><em>εἰσιν</em></span> <span class='ocrx_word' id='word_1_58' title='bbox 1260 855 1377 910; x_wconf 83' lang='grc' dir='ltr'><em>οὔτε</em></span> <span class='ocrx_word' id='word_1_59' title='bbox 1431 858 1500 923; x_wconf 75' lang='grc' dir='ltr'><em>τῷ</em></span> <span class='ocrx_word' id='word_1_60' title='bbox 1560 859 1648 924; x_wconf 77' lang='grc' dir='ltr'><em>θεῷ</em></span> <span class='ocrx_word' id='word_1_61' title='bbox 1692 858 1971 924; x_wconf 76' lang='grc' dir='ltr'><em>πειθόμενοι</em></span> <span class='ocrx_word' id='word_1_62' title='bbox 2032 861 2181 914; x_wconf 81' lang='grc' dir='ltr'><em>οὔτε</em></span> <span class='ocrx_word' id='word_1_63' title='bbox 2236 869 2364 924; x_wconf 85' lang='grc' dir='ltr'><em>τοῖς</em></span> 
     </span>
     <span class='ocr_line' id='line_1_9' title="bbox 394 943 2364 1017; baseline 0.004 -21"><span class='ocrx_word' id='word_1_64' title='bbox 394 943 790 1010; x_wconf 72' lang='grc' dir='ltr'><strong><em>Λυκούργου</em></strong></span> <span class='ocrx_word' id='word_1_65' title='bbox 846 943 1030 1008; x_wconf 84' lang='grc' dir='ltr'><em>νόμοις.</em></span> <span class='ocrx_word' id='word_1_66' title='bbox 1119 944 1232 998; x_wconf 85' lang='grc' dir='ltr'>Νοη</span> <span class='ocrx_word' id='word_1_67' title='bbox 1290 944 1423 997; x_wconf 86' lang='lat' dir='ltr'>vidit</span> <span class='ocrx_word' id='word_1_68' title='bbox 1465 944 1750 1015; x_wconf 85' lang='lat' dir='ltr'>Xenophon</span> <span class='ocrx_word' id='word_1_69' title='bbox 1806 947 1858 998; x_wconf 89' lang='lat' dir='ltr'>in</span> <span class='ocrx_word' id='word_1_70' title='bbox 1913 964 2071 1017; x_wconf 85' lang='lat' dir='ltr'>quem</span> <span class='ocrx_word' id='word_1_71' title='bbox 2130 965 2364 1003; x_wconf 84' lang='lat' dir='ltr'>errorem</span> 
     </span>
     <span class='ocr_line' id='line_1_10' title="bbox 392 1030 2428 1105; baseline 0.004 -22"><span class='ocrx_word' id='word_1_72' title='bbox 392 1046 511 1084; x_wconf 87' lang='lat' dir='ltr'>sese</span> <span class='ocrx_word' id='word_1_73' title='bbox 548 1030 831 1095; x_wconf 88' lang='lat' dir='ltr'>indueret,</span> <span class='ocrx_word' id='word_1_74' title='bbox 871 1048 1038 1102; x_wconf 90' lang='lat' dir='ltr'>quum</span> <span class='ocrx_word' id='word_1_75' title='bbox 1085 1031 1318 1105; x_wconf 83' lang='lat' dir='ltr'>Lycurgi</span> <span class='ocrx_word' id='word_1_76' title='bbox 1355 1031 1561 1102; x_wconf 86' lang='lat' dir='ltr'>legibus</span> <span class='ocrx_word' id='word_1_77' title='bbox 1600 1034 1810 1097; x_wconf 89' lang='lat' dir='ltr'>omnia,</span> <span class='ocrx_word' id='word_1_78' title='bbox 1856 1034 2092 1089; x_wconf 83' lang='lat' dir='ltr'>civitatis</span> <span class='ocrx_word' id='word_1_79' title='bbox 2128 1037 2366 1090; x_wconf 85' lang='lat' dir='ltr'>moribus</span> <span class='ocrx_word' id='word_1_80' title='bbox 2425 1059 2428 1062; x_wconf 51' lang='lat'><em>⁴</em></span> 
     </span>
     <span class='ocr_line' id='line_1_11' title="bbox 392 1117 2366 1191; baseline 0.005 -20"><span class='ocrx_word' id='word_1_81' title='bbox 392 1117 527 1171; x_wconf 90' lang='lat' dir='ltr'>nihil</span> <span class='ocrx_word' id='word_1_82' title='bbox 567 1119 849 1174; x_wconf 80' lang='lat' dir='ltr'>tribueret.</span> <span class='ocrx_word' id='word_1_83' title='bbox 931 1119 1056 1174; x_wconf 86' lang='lat' dir='ltr'>Illae</span> <span class='ocrx_word' id='word_1_84' title='bbox 1104 1119 1246 1189; x_wconf 89' lang='lat' dir='ltr'>leges</span> <span class='ocrx_word' id='word_1_85' title='bbox 1301 1121 1646 1190; x_wconf 89' lang='lat' dir='ltr'>quantumvis</span> <span class='ocrx_word' id='word_1_86' title='bbox 1703 1124 2194 1191; x_wconf 73' lang='lat' dir='ltr'>praestantissimae</span> <span class='ocrx_word' id='word_1_87' title='bbox 2235 1124 2366 1180; x_wconf 88' lang='lat' dir='ltr'>hene</span> 
     </span>
     <span class='ocr_line' id='line_1_12' title="bbox 393 1207 2428 1274; baseline 0.004 -14"><span class='ocrx_word' id='word_1_88' title='bbox 393 1214 655 1261; x_wconf 81' lang='lat' dir='ltr'>moratam</span> <span class='ocrx_word' id='word_1_89' title='bbox 698 1209 971 1262; x_wconf 87' lang='lat' dir='ltr'>civitatem</span> <span class='ocrx_word' id='word_1_90' title='bbox 1015 1213 1201 1261; x_wconf 87' lang='lat' dir='ltr'>nactae</span> <span class='ocrx_word' id='word_1_91' title='bbox 1256 1207 1640 1262; x_wconf 84' lang='lat' dir='ltr'>saluberrimae</span> <span class='ocrx_word' id='word_1_92' title='bbox 1680 1219 1867 1274; x_wconf 84' lang='lat' dir='ltr'>erant,</span> <span class='ocrx_word' id='word_1_93' title='bbox 1924 1211 2011 1264; x_wconf 85' lang='lat' dir='ltr'>sed</span> <span class='ocrx_word' id='word_1_94' title='bbox 2050 1212 2102 1264; x_wconf 88' lang='lat' dir='ltr'>in</span> <span class='ocrx_word' id='word_1_95' title='bbox 2146 1214 2366 1268; x_wconf 81' lang='lat' dir='ltr'>civitate</span> <span class='ocrx_word' id='word_1_96' title='bbox 2426 1210 2428 1213; x_wconf 72' lang='grc'><strong>’</strong></span> 
     </span>
     <span class='ocr_line' id='line_1_13' title="bbox 393 1295 2430 1371; baseline 0.003 -24"><span class='ocrx_word' id='word_1_97' title='bbox 393 1295 584 1349; x_wconf 87' lang='lat' dir='ltr'>vitiosa</span> <span class='ocrx_word' id='word_1_98' title='bbox 639 1302 692 1349; x_wconf 87' lang='lat' dir='ltr'>et</span> <span class='ocrx_word' id='word_1_99' title='bbox 746 1303 998 1366; x_wconf 84' lang='lat' dir='ltr'>corrupta</span> <span class='ocrx_word' id='word_1_100' title='bbox 1056 1295 1119 1348; x_wconf 87' lang='lat' dir='ltr'>ad</span> <span class='ocrx_word' id='word_1_101' title='bbox 1171 1312 1348 1350; x_wconf 89' lang='lat' dir='ltr'>mores</span> <span class='ocrx_word' id='word_1_102' title='bbox 1399 1296 1758 1350; x_wconf 89' lang='lat' dir='ltr'>emendandos</span> <span class='ocrx_word' id='word_1_103' title='bbox 1815 1298 1945 1351; x_wconf 91' lang='lat' dir='ltr'>nihil</span> <span class='ocrx_word' id='word_1_104' title='bbox 1998 1299 2364 1370; x_wconf 81' lang='lat' dir='ltr'>proficiebant.</span> <span class='ocrx_word' id='word_1_105' title='bbox 2424 1311 2430 1371; x_wconf 73' lang='grc' dir='ltr'><strong><em>ζ</em></strong></span> 
     </span>
     <span class='ocr_line' id='line_1_14' title="bbox 393 1382 2364 1453; baseline 0.004 -17"><span class='ocrx_word' id='word_1_106' title='bbox 393 1382 673 1436; x_wconf 76' lang='lat' dir='ltr'>Caeterum</span> <span class='ocrx_word' id='word_1_107' title='bbox 708 1399 770 1436; x_wconf 86' lang='lat' dir='ltr'>ex</span> <span class='ocrx_word' id='word_1_108' title='bbox 816 1382 902 1437; x_wconf 89' lang='lat' dir='ltr'>illa</span> <span class='ocrx_word' id='word_1_109' title='bbox 942 1383 1187 1453; x_wconf 86' lang='lat' dir='ltr'>querela,</span> <span class='ocrx_word' id='word_1_110' title='bbox 1225 1385 1437 1453; x_wconf 77' lang='grc' dir='ltr'><em>φανεροί</em></span> <span class='ocrx_word' id='word_1_111' title='bbox 1476 1387 1571 1438; x_wconf 84' lang='grc' dir='ltr'><em>εἶσι</em></span> <span class='ocrx_word' id='word_1_112' title='bbox 1611 1392 1717 1445; x_wconf 83' lang='grc' dir='ltr'><em>τοῖς</em></span> <span class='ocrx_word' id='word_1_113' title='bbox 1760 1386 2061 1453; x_wconf 71' lang='grc' dir='ltr'><em>Λυκούργου</em></span> <span class='ocrx_word' id='word_1_114' title='bbox 2102 1388 2268 1453; x_wconf 84' lang='grc' dir='ltr'><em>νόμοις</em></span> <span class='ocrx_word' id='word_1_115' title='bbox 2309 1392 2364 1443; x_wconf 79' lang='grc' dir='ltr'>οὐ</span> 
     </span>
     <span class='ocr_line' id='line_1_15' title="bbox 393 1470 2423 1546; baseline 0.002 -22"><span class='ocrx_word' id='word_1_116' title='bbox 393 1470 708 1536; x_wconf 79' lang='grc' dir='ltr'><em>πειθόμενοι,</em></span> <span class='ocrx_word' id='word_1_117' title='bbox 748 1486 876 1525; x_wconf 86' lang='lat' dir='ltr'>cave</span> <span class='ocrx_word' id='word_1_118' title='bbox 910 1470 1129 1542; x_wconf 87' lang='lat' dir='ltr'>colligas</span> <span class='ocrx_word' id='word_1_119' title='bbox 1171 1472 1460 1543; x_wconf 85' lang='lat' dir='ltr'>Spartanos</span> <span class='ocrx_word' id='word_1_120' title='bbox 1507 1473 1721 1527; x_wconf 89' lang='lat' dir='ltr'>illorum</span> <span class='ocrx_word' id='word_1_121' title='bbox 1763 1479 2065 1544; x_wconf 86' lang='lat' dir='ltr'>temporum</span> <span class='ocrx_word' id='word_1_122' title='bbox 2096 1483 2203 1529; x_wconf 64' lang='lat' dir='ltr'>-aut</span> <span class='ocrx_word' id='word_1_123' title='bbox 2238 1475 2364 1546; x_wconf 88' lang='lat' dir='ltr'>legi·</span> <span class='ocrx_word' id='word_1_124' title='bbox 2415 1493 2423 1500; x_wconf 66' lang='lat'>·‘</span> 
     </span>
     <span class='ocr_line' id='line_1_16' title="bbox 388 1558 2436 1630; baseline 0.002 -18"><span class='ocrx_word' id='word_1_125' title='bbox 388 1558 490 1613; x_wconf 86' lang='lat' dir='ltr'>bus</span> <span class='ocrx_word' id='word_1_126' title='bbox 529 1575 632 1612; x_wconf 90' lang='lat' dir='ltr'>non</span> <span class='ocrx_word' id='word_1_127' title='bbox 671 1560 915 1630; x_wconf 91' lang='lat' dir='ltr'>paruisse</span> <span class='ocrx_word' id='word_1_128' title='bbox 955 1566 1049 1613; x_wconf 89' lang='lat' dir='ltr'>aut</span> <span class='ocrx_word' id='word_1_129' title='bbox 1092 1559 1494 1629; x_wconf 85' lang='lat' dir='ltr'>Magistratibus</span> <span class='ocrx_word' id='word_1_130' title='bbox 1539 1577 1640 1613; x_wconf 89' lang='lat' dir='ltr'>non</span> <span class='ocrx_word' id='word_1_131' title='bbox 1685 1560 1849 1615; x_wconf 85' lang='lat' dir='ltr'>fuisse</span> <span class='ocrx_word' id='word_1_132' title='bbox 1902 1563 2036 1616; x_wconf 81' lang='lat' dir='ltr'>satis</span> <span class='ocrx_word' id='word_1_133' title='bbox 2077 1563 2221 1617; x_wconf 85' lang='lat' dir='ltr'>dicto</span> <span class='ocrx_word' id='word_1_134' title='bbox 2273 1580 2362 1617; x_wconf 89' lang='lat' dir='ltr'>au·</span> <span class='ocrx_word' id='word_1_135' title='bbox 2434 1595 2436 1598; x_wconf 57' lang='lat'>&lt;</span> 
     </span>
     <span class='ocr_line' id='line_1_17' title="bbox 390 1646 2360 1719; baseline 0.003 -18"><span class='ocrx_word' id='word_1_136' title='bbox 390 1647 615 1702; x_wconf 83' lang='lat' dir='ltr'>dienteS.</span> <span class='ocrx_word' id='word_1_137' title='bbox 696 1648 842 1715; x_wconf 86' lang='lat' dir='ltr'>Quae</span> <span class='ocrx_word' id='word_1_138' title='bbox 882 1648 1082 1718; x_wconf 80' lang='lat' dir='ltr'>scripta</span> <span class='ocrx_word' id='word_1_139' title='bbox 1136 1654 1262 1701; x_wconf 89' lang='lat' dir='ltr'>sunt</span> <span class='ocrx_word' id='word_1_140' title='bbox 1305 1646 1442 1700; x_wconf 83' lang='lat' dir='ltr'>vlu.</span> <span class='ocrx_word' id='word_1_141' title='bbox 1488 1652 1537 1702; x_wconf 73' lang='lat'>2.</span> <span class='ocrx_word' id='word_1_142' title='bbox 1598 1649 1647 1701; x_wconf 84' lang='grc' dir='ltr'>ἐν</span> <span class='ocrx_word' id='word_1_143' title='bbox 1687 1658 1752 1718; x_wconf 70' lang='grc' dir='ltr'><em>τῇ</em></span> <span class='ocrx_word' id='word_1_144' title='bbox 1795 1650 2013 1719; x_wconf 68' lang='grc' dir='ltr'><em>Σπάρτῃ</em></span> <span class='ocrx_word' id='word_1_145' title='bbox 2052 1653 2093 1705; x_wconf 84' lang='grc' dir='ltr'>οἱ</span> <span class='ocrx_word' id='word_1_146' title='bbox 2135 1651 2360 1718; x_wconf 76' lang='grc' dir='ltr'><em>κρατιςοι</em></span> 
     </span>
     <span class='ocr_line' id='line_1_18' title="bbox 387 1734 2361 1806; baseline 0.003 -16"><span class='ocrx_word' id='word_1_147' title='bbox 387 1736 475 1790; x_wconf 75' lang='grc' dir='ltr'><em>καὶ</em></span> <span class='ocrx_word' id='word_1_148' title='bbox 518 1736 830 1803; x_wconf 81' lang='grc' dir='ltr'><em>ὑπέρχονται</em></span> <span class='ocrx_word' id='word_1_149' title='bbox 869 1734 1078 1801; x_wconf 72' lang='grc' dir='ltr'><em>μάλιςα</em></span> <span class='ocrx_word' id='word_1_150' title='bbox 1118 1736 1215 1795; x_wconf 77' lang='grc' dir='ltr'><em>τας</em></span> <span class='ocrx_word' id='word_1_151' title='bbox 1257 1736 1432 1803; x_wconf 66' lang='grc' dir='ltr'><em>ἀρχὰς</em></span> <span class='ocrx_word' id='word_1_152' title='bbox 1484 1736 1573 1790; x_wconf 78' lang='grc' dir='ltr'><em>καὶ</em></span> <span class='ocrx_word' id='word_1_153' title='bbox 1625 1738 1694 1804; x_wconf 77' lang='grc' dir='ltr'><em>τῷ</em></span> <span class='ocrx_word' id='word_1_154' title='bbox 1736 1738 1965 1793; x_wconf 79' lang='grc' dir='ltr'><em>ταπεινοὶ</em></span> <span class='ocrx_word' id='word_1_155' title='bbox 2014 1736 2141 1794; x_wconf 80' lang='grc' dir='ltr'><em>εἶναι</em></span> <span class='ocrx_word' id='word_1_156' title='bbox 2191 1761 2361 1806; x_wconf 76' lang='grc' dir='ltr'><em>μεγα-</em></span> 
     </span>
     <span class='ocr_line' id='line_1_19' title="bbox 383 1820 2360 1895; baseline 0.003 -17"><span class='ocrx_word' id='word_1_157' title='bbox 383 1823 623 1878; x_wconf 82' lang='grc' dir='ltr'><em>λύνονται</em></span> <span class='ocrx_word' id='word_1_158' title='bbox 664 1825 751 1879; x_wconf 75' lang='grc' dir='ltr'><em>καὶ</em></span> <span class='ocrx_word' id='word_1_159' title='bbox 808 1825 878 1893; x_wconf 82' lang='grc' dir='ltr'><em>τῷ</em></span> <span class='ocrx_word' id='word_1_160' title='bbox 931 1820 1055 1878; x_wconf 75' lang='grc' dir='ltr'><em>ὅταν</em></span> <span class='ocrx_word' id='word_1_161' title='bbox 1107 1825 1369 1878; x_wconf 79' lang='grc' dir='ltr'><em>καλῶνται</em></span> <span class='ocrx_word' id='word_1_162' title='bbox 1420 1825 1691 1893; x_wconf 80' lang='grc' dir='ltr'><em>τρέχοντες</em></span> <span class='ocrx_word' id='word_1_163' title='bbox 1730 1826 1879 1880; x_wconf 77' lang='grc' dir='ltr'><em>οέλλα</em></span> <span class='ocrx_word' id='word_1_164' title='bbox 1933 1829 2006 1892; x_wconf 67' lang='grc' dir='ltr'>μὴ</span> <span class='ocrx_word' id='word_1_165' title='bbox 2060 1828 2360 1895; x_wconf 81' lang='grc' dir='ltr'><em>βαδίζοντες</em></span> 
     </span>
     <span class='ocr_line' id='line_1_20' title="bbox 383 1911 2436 1987; baseline 0.004 -22"><span class='ocrx_word' id='word_1_166' title='bbox 383 1913 687 1977; x_wconf 81' lang='grc' dir='ltr'><em>ὑπακούειν,</em></span> <span class='ocrx_word' id='word_1_167' title='bbox 728 1911 794 1966; x_wconf 89' lang='lat' dir='ltr'>ab</span> <span class='ocrx_word' id='word_1_168' title='bbox 826 1911 1036 1965; x_wconf 88' lang='lat' dir='ltr'>oculato</span> <span class='ocrx_word' id='word_1_169' title='bbox 1070 1919 1207 1965; x_wconf 83' lang='lat' dir='ltr'>teste</span> <span class='ocrx_word' id='word_1_170' title='bbox 1251 1913 1450 1983; x_wconf 84' lang='lat' dir='ltr'>scripta</span> <span class='ocrx_word' id='word_1_171' title='bbox 1491 1919 1635 1966; x_wconf 87' lang='lat' dir='ltr'>sunt.</span> <span class='ocrx_word' id='word_1_172' title='bbox 1721 1913 1930 1967; x_wconf 79' lang='lat' dir='ltr'>Viderat</span> <span class='ocrx_word' id='word_1_173' title='bbox 1967 1915 2096 1970; x_wconf 90' lang='lat' dir='ltr'>haec</span> <span class='ocrx_word' id='word_1_174' title='bbox 2139 1916 2360 1987; x_wconf 80' lang='lat' dir='ltr'>Spartae</span> <span class='ocrx_word' id='word_1_175' title='bbox 2420 1919 2436 1974; x_wconf 79' lang='lat'>‘.</span> 
     </span>
     <span class='ocr_line' id='line_1_21' title="bbox 382 1999 2355 2071; baseline 0.003 -17"><span class='ocrx_word' id='word_1_176' title='bbox 382 1999 693 2071; x_wconf 90' lang='lat' dir='ltr'>Xenophon.</span> <span class='ocrx_word' id='word_1_177' title='bbox 765 1999 1072 2071; x_wconf 86' lang='lat' dir='ltr'>Agesilaum</span> <span class='ocrx_word' id='word_1_178' title='bbox 1135 2000 1310 2070; x_wconf 89' lang='lat' dir='ltr'>ipsum</span> <span class='ocrx_word' id='word_1_179' title='bbox 1372 2002 1544 2071; x_wconf 89' lang='lat' dir='ltr'>potuit</span> <span class='ocrx_word' id='word_1_180' title='bbox 1606 2000 1733 2055; x_wconf 88' lang='lat' dir='ltr'>haec</span> <span class='ocrx_word' id='word_1_181' title='bbox 1797 2000 2082 2058; x_wconf 80' lang='lat' dir='ltr'>facientem</span> <span class='ocrx_word' id='word_1_182' title='bbox 2159 2003 2355 2062; x_wconf 87' lang='lat' dir='ltr'>videre.</span> 
     </span>
     <span class='ocr_line' id='line_1_22' title="bbox 381 2087 2355 2160; baseline 0.003 -19"><span class='ocrx_word' id='word_1_183' title='bbox 381 2087 704 2142; x_wconf 82' lang='lat' dir='ltr'>Plutarchus</span> <span class='ocrx_word' id='word_1_184' title='bbox 755 2089 809 2142; x_wconf 91' lang='lat' dir='ltr'>in</span> <span class='ocrx_word' id='word_1_185' title='bbox 866 2088 1023 2159; x_wconf 88' lang='lat' dir='ltr'>Ages.</span> <span class='ocrx_word' id='word_1_186' title='bbox 1059 2092 1110 2142; x_wconf 84' lang='lat'>4.</span> <span class='ocrx_word' id='word_1_187' title='bbox 1162 2093 1221 2142; x_wconf 87' lang='grc' dir='ltr'><em>τὸ</em></span> <span class='ocrx_word' id='word_1_188' title='bbox 1271 2096 1518 2154; x_wconf 79' lang='grc' dir='ltr'><em>πολεμεῖν</em></span> <span class='ocrx_word' id='word_1_189' title='bbox 1569 2097 1673 2150; x_wconf 82' lang='grc' dir='ltr'><em>τοῖς</em></span> <span class='ocrx_word' id='word_1_190' title='bbox 1713 2090 1945 2159; x_wconf 75' lang='grc' dir='ltr'><em>Ἐφόροις</em></span> <span class='ocrx_word' id='word_1_191' title='bbox 1987 2091 2148 2152; x_wconf 70' lang='grc' dir='ltr'><em>ἐάσας</em></span> <span class='ocrx_word' id='word_1_192' title='bbox 2190 2092 2355 2160; x_wconf 75' lang='grc' dir='ltr'><em>ἐθερα-</em></span> 
     </span>
     <span class='ocr_line' id='line_1_23' title="bbox 380 2175 2421 2246; baseline 0.002 -15"><span class='ocrx_word' id='word_1_193' title='bbox 380 2197 542 2241; x_wconf 85' lang='grc' dir='ltr'><em>πευε,</em></span> <span class='ocrx_word' id='word_1_194' title='bbox 597 2175 769 2239; x_wconf 67' lang='grc' dir='ltr'><em>πάσης</em></span> <span class='ocrx_word' id='word_1_195' title='bbox 821 2178 916 2242; x_wconf 82' lang='grc' dir='ltr'>μὲν</span> <span class='ocrx_word' id='word_1_196' title='bbox 972 2178 1068 2230; x_wconf 69' lang='grc' dir='ltr'>ἀπ’</span> <span class='ocrx_word' id='word_1_197' title='bbox 1110 2176 1305 2231; x_wconf 83' lang='grc' dir='ltr'><em>ἐκείνων</em></span> <span class='ocrx_word' id='word_1_198' title='bbox 1341 2176 1572 2244; x_wconf 70' lang='grc' dir='ltr'><em>πράξεως</em></span> <span class='ocrx_word' id='word_1_199' title='bbox 1623 2178 1940 2246; x_wconf 70' lang='grc' dir='ltr'><em>ἀρχόμενος,</em></span> <span class='ocrx_word' id='word_1_200' title='bbox 1983 2182 2037 2234; x_wconf 83' lang='grc' dir='ltr'><em>εἰ</em></span> <span class='ocrx_word' id='word_1_201' title='bbox 2089 2180 2116 2234; x_wconf 88' lang='grc' dir='ltr'><em>δ</em></span> <span class='ocrx_word' id='word_1_202' title='bbox 2131 2181 2152 2233; x_wconf 81' lang='grc' dir='ltr'><em>ὲ</em></span> <span class='ocrx_word' id='word_1_203' title='bbox 2209 2193 2356 2243; x_wconf 73' lang='grc' dir='ltr'><em>κλη-</em></span> <span class='ocrx_word' id='word_1_204' title='bbox 2415 2227 2421 2236; x_wconf 59' lang='lat'>.</span> 
     </span>
     <span class='ocr_line' id='line_1_24' title="bbox 383 2264 2354 2329; baseline 0.001 -9"><span class='ocrx_word' id='word_1_205' title='bbox 383 2265 524 2327; x_wconf 76' lang='grc' dir='ltr'><em>θείη</em></span> <span class='ocrx_word' id='word_1_206' title='bbox 574 2266 816 2319; x_wconf 68' lang='grc' dir='ltr'><em>θᾶττον</em></span> <span class='ocrx_word' id='word_1_207' title='bbox 870 2265 897 2328; x_wconf 75' lang='grc' dir='ltr'>ἢ</span> <span class='ocrx_word' id='word_1_208' title='bbox 947 2264 1152 2329; x_wconf 70' lang='grc' dir='ltr'><em>βάδην</em></span> <span class='ocrx_word' id='word_1_209' title='bbox 1204 2265 1646 2329; x_wconf 77' lang='grc' dir='ltr'><em>ἐπειγόμενος.</em></span> <span class='ocrx_word' id='word_1_210' title='bbox 1728 2265 1950 2319; x_wconf 87' lang='lat' dir='ltr'>Athenis</span> <span class='ocrx_word' id='word_1_211' title='bbox 1986 2275 2171 2321; x_wconf 89' lang='lat' dir='ltr'>contra</span> <span class='ocrx_word' id='word_1_212' title='bbox 2214 2268 2354 2322; x_wconf 88' lang='lat' dir='ltr'>vide·</span> 
     </span>
     <span class='ocr_line' id='line_1_25' title="bbox 377 2350 2351 2424; baseline 0.001 -17"><span class='ocrx_word' id='word_1_213' title='bbox 377 2360 464 2407; x_wconf 82' lang='lat' dir='ltr'>rat</span> <span class='ocrx_word' id='word_1_214' title='bbox 504 2352 644 2424; x_wconf 85' lang='lat' dir='ltr'>quod</span> <span class='ocrx_word' id='word_1_215' title='bbox 698 2359 821 2406; x_wconf 91' lang='lat' dir='ltr'>ante</span> <span class='ocrx_word' id='word_1_216' title='bbox 877 2351 1040 2405; x_wconf 87' lang='lat' dir='ltr'>dicit:</span> <span class='ocrx_word' id='word_1_217' title='bbox 1098 2350 1174 2406; x_wconf 71' lang='grc' dir='ltr'><em>ὅτι</em></span> <span class='ocrx_word' id='word_1_218' title='bbox 1228 2355 1270 2407; x_wconf 88' lang='grc' dir='ltr'>οἱ</span> <span class='ocrx_word' id='word_1_219' title='bbox 1324 2354 1667 2406; x_wconf 66' lang='grc' dir='ltr'><em>δυνατώτατοι</em></span> <span class='ocrx_word' id='word_1_220' title='bbox 1721 2354 1829 2407; x_wconf 82' lang='grc' dir='ltr'><em>οὐδὲ</em></span> <span class='ocrx_word' id='word_1_221' title='bbox 1871 2355 2148 2419; x_wconf 78' lang='grc' dir='ltr'><em>βούλονται</em></span> <span class='ocrx_word' id='word_1_222' title='bbox 2191 2357 2351 2410; x_wconf 86' lang='grc' dir='ltr'><em>δοκεῖν</em></span> 
     </span>
     <span class='ocr_line' id='line_1_26' title="bbox 378 2441 2351 2510; baseline 0.003 -14"><span class='ocrx_word' id='word_1_223' title='bbox 378 2443 477 2503; x_wconf 77' lang='grc' dir='ltr'><em>τας</em></span> <span class='ocrx_word' id='word_1_224' title='bbox 516 2442 689 2509; x_wconf 74' lang='grc' dir='ltr'><em>αρχας</em></span> <span class='ocrx_word' id='word_1_225' title='bbox 744 2441 1056 2510; x_wconf 79' lang='grc' dir='ltr'><em>φοβεῖσθαι,</em></span> <span class='ocrx_word' id='word_1_226' title='bbox 1107 2441 1253 2494; x_wconf 63' lang='grc' dir='ltr'><em>ἄλλα</em></span> <span class='ocrx_word' id='word_1_227' title='bbox 1313 2442 1564 2508; x_wconf 83' lang='grc' dir='ltr'><em>νομίζουσι</em></span> <span class='ocrx_word' id='word_1_228' title='bbox 1621 2446 1770 2495; x_wconf 78' lang='grc' dir='ltr'><em>τοῦτο</em></span> <span class='ocrx_word' id='word_1_229' title='bbox 1825 2442 2146 2510; x_wconf 64' lang='grc' dir='ltr'><em>ἀνελεύθερον</em></span> <span class='ocrx_word' id='word_1_230' title='bbox 2205 2442 2351 2499; x_wconf 81' lang='grc' dir='ltr'><em>εἶναι.</em></span> 
     </span>
     <span class='ocr_line' id='line_1_27' title="bbox 379 2527 2347 2600; baseline 0.002 -17"><span class='ocrx_word' id='word_1_231' title='bbox 379 2531 650 2600; x_wconf 85' lang='lat' dir='ltr'>Agnosces</span> <span class='ocrx_word' id='word_1_232' title='bbox 705 2529 759 2582; x_wconf 90' lang='lat' dir='ltr'>in</span> <span class='ocrx_word' id='word_1_233' title='bbox 818 2528 900 2582; x_wconf 92' lang='lat' dir='ltr'>his</span> <span class='ocrx_word' id='word_1_234' title='bbox 959 2527 1224 2590; x_wconf 88' lang='lat' dir='ltr'>eundem,</span> <span class='ocrx_word' id='word_1_235' title='bbox 1283 2530 1374 2600; x_wconf 85' lang='lat' dir='ltr'>qui</span> <span class='ocrx_word' id='word_1_236' title='bbox 1437 2532 1487 2582; x_wconf 90' lang='lat' dir='ltr'>in</span> <span class='ocrx_word' id='word_1_237' title='bbox 1549 2528 1981 2584; x_wconf 87' lang='lat' dir='ltr'>Memorabilihus</span> <span class='ocrx_word' id='word_1_238' title='bbox 2023 2531 2112 2584; x_wconf 92' lang='lat' dir='ltr'>Ill.</span> <span class='ocrx_word' id='word_1_239' title='bbox 2157 2549 2204 2586; x_wconf 87' lang='lat' dir='ltr'>v.</span> <span class='ocrx_word' id='word_1_240' title='bbox 2263 2536 2347 2586; x_wconf 90' lang='lat'>16.</span> 
     </span>
     <span class='ocr_line' id='line_1_28' title="bbox 377 2614 2350 2689; baseline 0.001 -17"><span class='ocrx_word' id='word_1_241' title='bbox 377 2619 702 2689; x_wconf 78' lang='lat' dir='ltr'>scripserat:</span> <span class='ocrx_word' id='word_1_242' title='bbox 745 2617 873 2672; x_wconf 77' lang='grc' dir='ltr'><em>πότε</em></span> <span class='ocrx_word' id='word_1_243' title='bbox 914 2617 966 2671; x_wconf 77' lang='grc' dir='ltr'>δὲ</span> <span class='ocrx_word' id='word_1_244' title='bbox 1005 2614 1160 2677; x_wconf 78' lang='grc' dir='ltr'><em>οὕτως</em></span> <span class='ocrx_word' id='word_1_245' title='bbox 1201 2619 1454 2678; x_wconf 73' lang='grc' dir='ltr'><em>Ἀθηναῖοι</em></span> <span class='ocrx_word' id='word_1_246' title='bbox 1494 2616 1660 2685; x_wconf 70' lang='grc' dir='ltr'><em>ὥσπερ</em></span> <span class='ocrx_word' id='word_1_247' title='bbox 1712 2618 2107 2683; x_wconf 83' lang='grc' dir='ltr'><em>Λακεδαιμόνιοι</em></span> <span class='ocrx_word' id='word_1_248' title='bbox 2157 2621 2350 2674; x_wconf 83' lang='grc' dir='ltr'><em>πείσον·</em></span> 
     </span>
     <span class='ocr_line' id='line_1_29' title="bbox 378 2698 2419 2785; baseline 0.001 -25"><span class='ocrx_word' id='word_1_249' title='bbox 378 2727 467 2760; x_wconf 92' lang='grc' dir='ltr'>ται</span> <span class='ocrx_word' id='word_1_250' title='bbox 520 2713 626 2766; x_wconf 81' lang='grc' dir='ltr'><em>τοῖς</em></span> <span class='ocrx_word' id='word_1_251' title='bbox 677 2703 952 2773; x_wconf 74' lang='grc' dir='ltr'><em>ἄρχουσιν,</em></span> <span class='ocrx_word' id='word_1_252' title='bbox 1004 2698 1048 2758; x_wconf 81' lang='grc' dir='ltr'>οἳ</span> <span class='ocrx_word' id='word_1_253' title='bbox 1089 2704 1174 2758; x_wconf 78' lang='grc' dir='ltr'><em>καὶ</em></span> <span class='ocrx_word' id='word_1_254' title='bbox 1217 2705 1548 2770; x_wconf 67' lang='grc' dir='ltr'><em>ἀγάλλονται</em></span> <span class='ocrx_word' id='word_1_255' title='bbox 1608 2707 1690 2760; x_wconf 77' lang='grc' dir='ltr'>ἐπὶ</span> <span class='ocrx_word' id='word_1_256' title='bbox 1745 2709 1815 2774; x_wconf 76' lang='grc' dir='ltr'><em>τῷ</em></span> <span class='ocrx_word' id='word_1_257' title='bbox 1858 2714 2199 2775; x_wconf 79' lang='grc' dir='ltr'><em>καταφρονεῖν</em></span> <span class='ocrx_word' id='word_1_258' title='bbox 2253 2710 2351 2763; x_wconf 80' lang='grc' dir='ltr'>τῶν</span> <span class='ocrx_word' id='word_1_259' title='bbox 2415 2779 2419 2785; x_wconf 73' lang='lat'>,.</span> 
     </span>
     <span class='ocr_line' id='line_1_30' title="bbox 379 2792 2350 2865; baseline 0.001 -16"><span class='ocrx_word' id='word_1_260' title='bbox 379 2794 672 2863; x_wconf 69' lang='grc' dir='ltr'><em>αρχόντων;</em></span> <span class='ocrx_word' id='word_1_261' title='bbox 714 2793 815 2860; x_wconf 88' lang='lat' dir='ltr'>Qui</span> <span class='ocrx_word' id='word_1_262' title='bbox 857 2794 998 2846; x_wconf 88' lang='lat' dir='ltr'>cives</span> <span class='ocrx_word' id='word_1_263' title='bbox 1033 2792 1440 2863; x_wconf 86' lang='lat' dir='ltr'>Magistratibus</span> <span class='ocrx_word' id='word_1_264' title='bbox 1469 2794 1546 2847; x_wconf 91' lang='lat' dir='ltr'>sic</span> <span class='ocrx_word' id='word_1_265' title='bbox 1571 2793 1967 2865; x_wconf 88' lang='lat' dir='ltr'>obtemperant,</span> <span class='ocrx_word' id='word_1_266' title='bbox 2008 2794 2215 2865; x_wconf 85' lang='lat' dir='ltr'>legibus</span> <span class='ocrx_word' id='word_1_267' title='bbox 2244 2814 2350 2851; x_wconf 92' lang='lat' dir='ltr'>non</span> 
     </span>
     <span class='ocr_line' id='line_1_31' title="bbox 377 2881 2348 2957; baseline 0.002 -21"><span class='ocrx_word' id='word_1_268' title='bbox 377 2899 566 2957; x_wconf 85' lang='lat' dir='ltr'>parere</span> <span class='ocrx_word' id='word_1_269' title='bbox 607 2898 709 2935; x_wconf 90' lang='lat' dir='ltr'>non</span> <span class='ocrx_word' id='word_1_270' title='bbox 750 2887 990 2952; x_wconf 85' lang='lat' dir='ltr'>possunt.</span> <span class='ocrx_word' id='word_1_271' title='bbox 1072 2881 1171 2935; x_wconf 85' lang='lat' dir='ltr'>Sed</span> <span class='ocrx_word' id='word_1_272' title='bbox 1214 2882 1462 2952; x_wconf 86' lang='lat' dir='ltr'>antiquas</span> <span class='ocrx_word' id='word_1_273' title='bbox 1504 2881 1622 2936; x_wconf 90' lang='lat' dir='ltr'>illas</span> <span class='ocrx_word' id='word_1_274' title='bbox 1662 2890 1714 2937; x_wconf 93' lang='lat' dir='ltr'>et</span> <span class='ocrx_word' id='word_1_275' title='bbox 1756 2883 2075 2936; x_wconf 86' lang='lat' dir='ltr'>durissimas</span> <span class='ocrx_word' id='word_1_276' title='bbox 2115 2883 2348 2957; x_wconf 85' lang='lat' dir='ltr'>Lycurgi</span> 
     </span>
     <span class='ocr_line' id='line_1_32' title="bbox 378 2968 2344 3046; baseline 0 -20"><span class='ocrx_word' id='word_1_277' title='bbox 378 2972 523 3043; x_wconf 90' lang='lat' dir='ltr'>leges</span> <span class='ocrx_word' id='word_1_278' title='bbox 571 2987 697 3023; x_wconf 79' lang='lat' dir='ltr'>usus</span> <span class='ocrx_word' id='word_1_279' title='bbox 749 2968 890 3040; x_wconf 73' lang='lat' dir='ltr'>lonqi</span> <span class='ocrx_word' id='word_1_280' title='bbox 934 2970 1208 3040; x_wconf 73' lang='lat' dir='ltr'>temporis,</span> <span class='ocrx_word' id='word_1_281' title='bbox 1263 2970 1352 3040; x_wconf 77' lang='lat' dir='ltr'>qui</span> <span class='ocrx_word' id='word_1_282' title='bbox 1389 2988 1521 3023; x_wconf 78' lang='lat' dir='ltr'>unus</span> <span class='ocrx_word' id='word_1_283' title='bbox 1565 2979 1638 3023; x_wconf 77' lang='lat' dir='ltr'>est</span> <span class='ocrx_word' id='word_1_284' title='bbox 1675 2971 1846 3043; x_wconf 69' lang='lat' dir='ltr'>layum</span> <span class='ocrx_word' id='word_1_285' title='bbox 1901 2979 2154 3024; x_wconf 72' lang='lat' dir='ltr'>corrector</span> <span class='ocrx_word' id='word_1_286' title='bbox 2212 2973 2344 3046; x_wconf 88' lang='lat' dir='ltr'>(Liv.</span> 
     </span>
     <span class='ocr_line' id='line_1_33' title="bbox 376 3056 2349 3129; baseline -0.001 -14"><span class='ocrx_word' id='word_1_287' title='bbox 376 3059 536 3115; x_wconf 89' lang='lat' dir='ltr'><strong>XLV.</strong></span> <span class='ocrx_word' id='word_1_288' title='bbox 582 3056 691 3129; x_wconf 75' lang='lat'>52.)</span> <span class='ocrx_word' id='word_1_289' title='bbox 753 3057 1052 3112; x_wconf 84' lang='lat' dir='ltr'>molliverat·</span> <span class='ocrx_word' id='word_1_290' title='bbox 1104 3065 1157 3111; x_wconf 85' lang='lat' dir='ltr'>et</span> <span class='ocrx_word' id='word_1_291' title='bbox 1217 3059 1378 3111; x_wconf 84' lang='lat' dir='ltr'>tacito</span> <span class='ocrx_word' id='word_1_292' title='bbox 1430 3060 1672 3112; x_wconf 89' lang='lat' dir='ltr'>omnium</span> <span class='ocrx_word' id='word_1_293' title='bbox 1734 3075 1994 3112; x_wconf 90' lang='lat' dir='ltr'>consensu</span> <span class='ocrx_word' id='word_1_294' title='bbox 2054 3058 2224 3112; x_wconf 89' lang='lat' dir='ltr'>multa</span> <span class='ocrx_word' id='word_1_295' title='bbox 2284 3060 2349 3114; x_wconf 84' lang='lat' dir='ltr'>ab</span> 
     </span>
     <span class='ocr_line' id='line_1_34' title="bbox 378 3141 2348 3218; baseline -0.001 -14"><span class='ocrx_word' id='word_1_296' title='bbox 378 3146 626 3204; x_wconf 89' lang='lat' dir='ltr'>omnibus</span> <span class='ocrx_word' id='word_1_297' title='bbox 656 3144 895 3216; x_wconf 85' lang='lat' dir='ltr'>neglecta</span> <span class='ocrx_word' id='word_1_298' title='bbox 918 3141 1236 3210; x_wconf 79' lang='lat' dir='ltr'>sustulerat,</span> <span class='ocrx_word' id='word_1_299' title='bbox 1274 3162 1409 3217; x_wconf 88' lang='lat' dir='ltr'>quae</span> <span class='ocrx_word' id='word_1_300' title='bbox 1444 3144 1684 3200; x_wconf 87' lang='lat' dir='ltr'>moribus</span> <span class='ocrx_word' id='word_1_301' title='bbox 1720 3147 1955 3200; x_wconf 88' lang='lat' dir='ltr'>civitatis</span> <span class='ocrx_word' id='word_1_302' title='bbox 1991 3162 2092 3198; x_wconf 92' lang='lat' dir='ltr'>non</span> <span class='ocrx_word' id='word_1_303' title='bbox 2117 3147 2348 3218; x_wconf 87' lang='lat' dir='ltr'>amplius</span> 
     </span>
     <span class='ocr_line' id='line_1_35' title="bbox 375 3222 2346 3304; baseline -0.001 -12"><span class='ocrx_word' id='word_1_304' title='bbox 375 3233 777 3292; x_wconf 88' lang='lat' dir='ltr'>accommodata</span> <span class='ocrx_word' id='word_1_305' title='bbox 818 3222 1011 3286; x_wconf 85' lang='lat' dir='ltr'>essent.</span> <span class='ocrx_word' id='word_1_306' title='bbox 1093 3232 1233 3288; x_wconf 86' lang='lat' dir='ltr'>Haec</span> <span class='ocrx_word' id='word_1_307' title='bbox 1276 3235 1436 3287; x_wconf 87' lang='lat' dir='ltr'>nimis</span> <span class='ocrx_word' id='word_1_308' title='bbox 1472 3251 1658 3304; x_wconf 89' lang='lat' dir='ltr'>aspera</span> <span class='ocrx_word' id='word_1_309' title='bbox 1700 3242 1753 3288; x_wconf 89' lang='lat' dir='ltr'>et</span> <span class='ocrx_word' id='word_1_310' title='bbox 1779 3233 1951 3304; x_wconf 86' lang='lat' dir='ltr'>rigida</span> <span class='ocrx_word' id='word_1_311' title='bbox 1987 3253 2171 3298; x_wconf 63' lang='lat' dir='ltr'>numa,</span> <span class='ocrx_word' id='word_1_312' title='bbox 2211 3237 2346 3302; x_wconf 77' lang='lat' dir='ltr'>vita,</span> 
     </span>
     <span class='ocr_line' id='line_1_36' title="bbox 375 3321 2344 3392; baseline -0.001 -13"><span class='ocrx_word' id='word_1_313' title='bbox 375 3342 578 3387; x_wconf 68' lang='lat' dir='ltr'>morea,</span> <span class='ocrx_word' id='word_1_314' title='bbox 618 3323 798 3377; x_wconf 80' lang='lat' dir='ltr'>civitas</span> <span class='ocrx_word' id='word_1_315' title='bbox 837 3322 1316 3392; x_wconf 64' lang='lat' dir='ltr'>ipsarespuebast&#39;</span> <span class='ocrx_word' id='word_1_316' title='bbox 1366 3328 1424 3375; x_wconf 91' lang='lat' dir='ltr'>ut</span> <span class='ocrx_word' id='word_1_317' title='bbox 1475 3321 1713 3392; x_wconf 86' lang='lat' dir='ltr'>loquitur</span> <span class='ocrx_word' id='word_1_318' title='bbox 1758 3321 1810 3374; x_wconf 92' lang='lat' dir='ltr'>in</span> <span class='ocrx_word' id='word_1_319' title='bbox 1863 3322 2026 3375; x_wconf 87' lang='lat' dir='ltr'>simili</span> <span class='ocrx_word' id='word_1_320' title='bbox 2066 3340 2125 3376; x_wconf 87' lang='lat' dir='ltr'>re</span> <span class='ocrx_word' id='word_1_321' title='bbox 2163 3322 2344 3379; x_wconf 88' lang='lat' dir='ltr'>Cicero</span> 
     </span>
     <span class='ocr_line' id='line_1_37' title="bbox 370 3409 2340 3485; baseline -0.001 -18"><span class='ocrx_word' id='word_1_322' title='bbox 370 3430 466 3485; x_wconf 90' lang='lat' dir='ltr'>pro</span> <span class='ocrx_word' id='word_1_323' title='bbox 525 3412 747 3466; x_wconf 86' lang='lat' dir='ltr'>Murena</span> <span class='ocrx_word' id='word_1_324' title='bbox 785 3414 874 3465; x_wconf 80' lang='lat'>55.</span> <span class='ocrx_word' id='word_1_325' title='bbox 933 3412 1089 3481; x_wconf 85' lang='lat'>§74.</span> <span class='ocrx_word' id='word_1_326' title='bbox 1170 3409 1227 3462; x_wconf 93' lang='lat' dir='ltr'>In</span> <span class='ocrx_word' id='word_1_327' title='bbox 1286 3411 1352 3462; x_wconf 90' lang='lat' dir='ltr'>iis</span> <span class='ocrx_word' id='word_1_328' title='bbox 1410 3426 1545 3480; x_wconf 87' lang='lat' dir='ltr'>quae</span> <span class='ocrx_word' id='word_1_329' title='bbox 1603 3409 1743 3463; x_wconf 82' lang='lat' dir='ltr'>serre</span> <span class='ocrx_word' id='word_1_330' title='bbox 1797 3417 2039 3480; x_wconf 86' lang='lat' dir='ltr'>poterant</span> <span class='ocrx_word' id='word_1_331' title='bbox 2093 3412 2204 3474; x_wconf 85' lang='lat' dir='ltr'>sic,</span> <span class='ocrx_word' id='word_1_332' title='bbox 2263 3414 2340 3466; x_wconf 86' lang='lat' dir='ltr'>uti</span> 
     </span>
     <span class='ocr_line' id='line_1_38' title="bbox 371 3497 2333 3570; baseline -0.001 -16"><span class='ocrx_word' id='word_1_333' title='bbox 371 3501 639 3564; x_wconf 91' lang='lat' dir='ltr'>vidimus,</span> <span class='ocrx_word' id='word_1_334' title='bbox 678 3498 884 3570; x_wconf 78' lang='lat' dir='ltr'>legibus</span> <span class='ocrx_word' id='word_1_335' title='bbox 922 3497 1432 3569; x_wconf 82' lang='lat' dir='ltr'>magistratibusque</span> <span class='ocrx_word' id='word_1_336' title='bbox 1464 3497 1735 3568; x_wconf 82' lang='lat' dir='ltr'>parebant.</span> <span class='ocrx_word' id='word_1_337' title='bbox 1817 3498 2103 3570; x_wconf 87' lang='lat' dir='ltr'>Xenophon</span> <span class='ocrx_word' id='word_1_338' title='bbox 2155 3507 2333 3554; x_wconf 85' lang='lat' dir='ltr'>autem</span> 
     </span>
     <span class='ocr_line' id='line_1_39' title="bbox 367 3586 2350 3661; baseline -0.003 -16"><span class='ocrx_word' id='word_1_339' title='bbox 367 3607 535 3661; x_wconf 82' lang='lat' dir='ltr'>quum</span> <span class='ocrx_word' id='word_1_340' title='bbox 571 3589 850 3660; x_wconf 81' lang='lat' dir='ltr'>antiquam</span> <span class='ocrx_word' id='word_1_341' title='bbox 895 3586 1276 3658; x_wconf 83' lang='lat' dir='ltr'>Spartanorum</span> <span class='ocrx_word' id='word_1_342' title='bbox 1322 3588 1484 3640; x_wconf 81' lang='lat' dir='ltr'>vitam</span> <span class='ocrx_word' id='word_1_343' title='bbox 1530 3594 1581 3639; x_wconf 85' lang='lat' dir='ltr'>et</span> <span class='ocrx_word' id='word_1_344' title='bbox 1627 3593 1767 3640; x_wconf 85' lang='lat' dir='ltr'>artes</span> <span class='ocrx_word' id='word_1_345' title='bbox 1805 3587 2033 3657; x_wconf 85' lang='lat' dir='ltr'>optimas</span> <span class='ocrx_word' id='word_1_346' title='bbox 2072 3589 2350 3641; x_wconf 83' lang='lat' dir='ltr'>maiorum</span> 
     </span>
    </p>
   </div>
  </div>
 </body>
</html>
