2436 4068
1273 218 1301 264 [3

1312 217 1338 264 κ]

1347 216 1375 263 Ν.)

336 371 389 419 ct
431 364 483 416 in
525 360 648 416 Oed.
707 361 833 432 Tyr.
871 364 998 414 545.

1087 447 1206 512 πρὸς
1246 446 1362 499 τάδ’
1386 488 1398 508 ,
1439 446 1480 498 εἱ
1522 445 1711 509 θέλεις,

640 537 795 600 θυμοῦ
836 535 897 587 δι’
935 536 1122 600 ὀργῆς,
1161 533 1268 597 ἥτις
1310 533 1627 600 ἀγριωτάτη.

340 631 392 679 et
430 625 483 678 in
524 622 703 677 Medea
746 626 906 675 1558.

641 711 761 776 πρὸς
801 712 976 763 ’ταῦτα
1015 709 1103 762 xx}
1144 709 1389 772 λέοιιυοιν,
1429 710 1471 762 εἶ
1511 709 1728 773 βούλει,
1772 709 1940 764 κοέλει.

344 806 397 854 et
448 799 566 853 aliis
617 798 783 859 locis,
841 796 981 851 unde
1029 797 1160 851 satis
1212 813 1467 867 apparere
1503 797 1735 850 arbitror
1775 800 1894 865 πρὸς
1936 803 2149 864 ταῦτα,
2193 803 2313 869 πρὸς

343 887 470 942 τάδε
493 904 595 940 non
638 884 1044 939 accuratissime
1083 885 1158 938 ita
1199 885 1453 955 explicari
1487 884 1655 939 solere
1682 928 1694 949 ,
1739 887 1888 955 quasi
1913 893 2050 941 esset
2085 897 2316 959 propter-

346 994 442 1038 ea,
486 974 846 1046 quamobrem,
901 972 1123 1039 idcirw,
1174 973 1393 1044 proinde
1439 979 1531 1025 aut
1582 972 1755 1027 simile
1814 974 1960 1045 quid.
2041 975 2319 1046 Significat

346 1063 490 1118 enim
545 1064 606 1121 ὥς
658 1061 847 1115 τούτων
889 1059 1041 1122 οὕτως
1087 1061 1338 1127 ἐχόντων,
1396 1062 1458 1119 ὡς
1507 1057 1587 1113 ὧδ’
1626 1061 1846 1128 ἐχόντων
1901 1070 1953 1116 et
1997 1064 2074 1117 sic
2120 1066 2315 1136 passim

346 1151 545 1221 legitur
585 1151 704 1216 πρὸς
739 1154 914 1203 ταῦτα
948 1149 1167 1214 βούλευε
1211 1146 1420 1220 (Aesch.
1465 1149 1637 1201 Prom.
1673 1149 1856 1221 1050.)
1899 1157 1950 1204 et
1986 1152 2106 1218 πρὸς
2144 1156 2319 1206 ταῦτα

348 1238 596 1306 βουλεύου
647 1235 676 1290 δ’
724 1258 773 1291 τι
819 1238 1042 1300 ποιήσεις
1107 1234 1261 1309 (Ptat.
1314 1234 1526 1290 Charm.
1570 1240 1675 1290 176
1726 1237 1840 1310 C.)‚
1881 1244 1933 1291 et
1969 1239 2089 1305 πρὸς
2144 1244 2320 1294 ταῦτα

350 1326 656 1395 βουλεύεσθε
697 1322 752 1379 εὖ
807 1323 1070 1398 (Thucyd.
1106 1323 1193 1377 IV.
1236 1323 1347 1396 87.)
1390 1330 1444 1378 et
1489 1326 1610 1391 πρὸς
1659 1329 1834 1379 ταῦτα
1883 1325 2078 1394 φράζου
2141 1327 2319 1401 (Soph.

351 1416 547 1476 Electr.
586 1412 734 1484 585.)
775 1419 827 1465 et
867 1413 1064 1483 passim
1105 1411 1268 1474 alibi,
1331 1411 1419 1465 uhi
1476 1412 1559 1466 διὰ
1615 1415 1792 1466 ταῦτα,
1850 1415 2170 1469 sententiam
2212 1432 2317 1469 cor-

353 1507 644 1573 rumperet.
726 1499 1024 1571 Utrumque
1063 1501 1119 1554 ἐκ
1158 1502 1497 1568 παραλλήλου
1539 1501 1715 1571 posuit
1761 1500 2056 1575 Aeschylus
2097 1504 2151 1556 in
2205 1504 2325 1558 Per-

354 1593 428 1657 sis
469 1593 597 1644 170:

581 1676 700 1744 πρὸς
741 1674 857 1729 τάδ’
896 1677 959 1735 ὧς
997 1673 1153 1737 οὕτως
1193 1675 1418 1742 ἐχόντων
1456 1678 1610 1731 τῶνδε
1646 1676 1929 1742 σύμβουλοι
1969 1679 2128 1744 λόγου

581 1763 725 1818 τοῦδέ
766 1784 849 1829 μοι
890 1762 1134 1827 γένεσθε,
1175 1764 1366 1830 Πέρσοοι
1390 1804 1403 1826 ,
1448 1765 1686 1832 γηραλέα
1725 1765 2027 1831 medum-cx.

359 1861 411 1915 et
452 1851 591 1924 quod
633 1850 771 1923 apud
809 1850 1119 1922 Sophoclem
1160 1857 1240 1905 est
1286 1852 1340 1904 in
1385 1853 1546 1907 Aiace
1587 1856 1713 1907 981.

737 1941 802 1999 ὡς
843 1937 924 1993 ὧδ’
965 1939 1188 2006 ἑχόντων
1222 1937 1233 2012 Ι
1268 1939 1412 2006 πάροι
1451 1940 1706 2008 ςενοέζειν,

364 1995 545 2089 eodem
582 2044 742 2083 sensu
776 2026 884 2080 dici
919 2033 1124 2098 poterat
1159 2030 1279 2095 πρὸς
1319 2032 1494 2082 ταῦτα
1535 2028 1678 2097 πάροι
1714 2030 1960 2098 ςενοέζειν.

441 2118 723 2189 Sequiores
780 2132 990 2186 quoque
1042 2115 1329 2186 scriptotes
1377 2115 1603 2171 eundem
1665 2134 1821 2172 usum
1873 2118 2153 2174 verborum
2215 2123 2335 2189 πρὸς

365 2212 542 2262 ταῦτα
599 2205 978 2267 retinuerunt,
1031 2202 1170 2274 quod
1215 2204 1456 2276 Dionysii
1518 2204 2000 2260 Halicarnassensis
2046 2224 2207 2262 causa
2246 2210 2338 2263 ad-

368 2310 596 2357 moneo,
649 2293 742 2362 qui
796 2291 875 2345 his
935 2291 1010 2344 ita
1061 2290 1272 2346 locutus
1326 2291 1608 2362 utrobique
1662 2310 1693 2346 a
1755 2293 1931 2347 sciolis
1991 2294 2340 2367 interpolatus

315 2383 319 2387 ’
369 2389 466 2438 est.
515 2382 569 2435 G.
612 2379 863 2434 Horatius
903 2378 1086 2432 consul
1127 2378 1181 2431 in
1219 2379 1280 2432 A.
1317 2379 1378 2432 R.
1411 2379 1474 2433 X.
1514 2368 1615 2435 28.ι
1645 2380 2012 2436 vehementem
2046 2384 2338 2439 orationem

371 2470 457 2525 his
513 2467 689 2525 verbis
741 2465 1045 2521 concludit:
1105 2468 1226 2533 πρὸς
1278 2471 1453 2521 ταῦτα
1519 2467 1766 2540 [ὁρῶντες]
1827 2470 2196 2538 ἐκκλησιάζετε
2255 2473 2340 2526 καὶ

372 2559 549 2625 νόμους
591 2555 856 2624 εἷο-φέρετε
897 2554 1116 2615 καινούς.
1200 2554 1360 2609 Plane
1403 2554 1586 2610 eodem
1628 2555 1782 2610 modo
1835 2556 2082 2629 Scaptius
2121 2560 2208 2614 XI.
2252 2564 2341 2614 52.

371 2648 496 2715 πρὸς
525 2649 700 2700 ταῦτα
744 2642 992 2715 [ὁρῶντες]
1039 2643 1110 2695 τοὶ
1139 2643 1313 2697 δίκαιοι
1347 2642 1432 2696 καὶ
1475 2644 1546 2697 τοὶ
1576 2644 1756 2711 εὔορκοι
1786 2647 2109 2713 ψηφίσαισθε.
2152 2647 2344 2715 Quam-

375 2750 536 2807 quam
576 2732 759 2786 rhetor
799 2732 909 2801 ipse
945 2747 1344 2801 nonnumquam
1385 2731 1718 2803 negligenter
1756 2739 1807 2787 et
1838 2734 2024 2788 vitiose
2062 2737 2179 2802 ὅρὸιν
2213 2735 2347 2790 dixit

377 2839 473 2894 pro
510 2820 728 2886 βλέπειν
769 2825 821 2879 et
864 2818 1189 2884 ἀποβλέπειν
1232 2827 1408 2873 tamen
1445 2819 1528 2875 his
1568 2819 1697 2875 locis
1738 2820 1892 2892 culpa
1922 2829 2089 2876 vacat.
2170 2823 2349 2880 Redde

377 2907 769 2977 ludimagistris
808 2923 965 2960 suum
1023 2908 1224 2974 ὁρῶντες
1266 2915 1319 2961 et
1354 2908 1532 2961 omnia
1586 2906 1854 2962 habebunt
1894 2911 2110 2981 optime.

455 2998 514 3051 In
551 2994 826 3066 Euripidis
864 2994 977 3049 loco
1013 2996 1352 3066 perspicuum
1402 3002 1482 3049 est
1516 2994 1673 3049 verba
1719 2995 2036 3052 Alcmenae:

757 3083 875 3150 πρὸς
915 3087 1091 3137 ταῦτα
1129 3085 1220 3146 τὴν
1260 3086 1495 3150 θροισεῖοιν
1535 3081 1638 3145 δ’ςις
1680 3084 1742 3138 ἂν
1783 3085 1899 3155 θέλῃ

754 3170 909 3233 λέξει.

380 3261 562 3317 eodem
595 3258 704 3313 sere
740 3259 917 3311 animo
957 3267 1010 3312 et
1044 3276 1204 3314 sensu
1244 3259 1380 3318 dici,
1426 3265 1586 3329 atque
1623 3258 1804 3314 Medea
1841 3258 2008 3314 dixit:

758 3347 878 3412 πρὸς
921 3351 1094 3404 ταῦτα
1134 3347 1220 3407 uae}
1261 3348 1501 3407 λέοοινοου,
1546 3348 1588 3400 εἰ
1629 3348 1839 3410 βούλει,
1882 3347 2048 3402 κοέλει.

383 3443 435 3495 et
475 3435 706 3490 Tiresias
745 3433 810 3487 ad
851 3432 1202 3505 Oedipodem:

683 3525 770 3576 οὐκ
810 3520 873 3574 ἂν
915 3523 1046 3589 πέροο
1087 3523 1366 3591 φράσαιμι.
1406 3525 1524 3589 πρὸς
1565 3522 1711 3584 τάδ’,
1757 3526 1795 3578 εὶ
1839 3524 1995 3584 θέλεις
2020 3566 2032 3584 ,

681 3611 834 3675 θυμοῦ
875 3610 935 3688 δι’
980 3614 1154 3675 ὀργῆς,
1198 3610 1305 3673 ἥτις
1347 3611 1661 3678 οὶγριωτοὲτη.
