2436 4068
1051 193 1156 243 545

118 360 300 400 eorum
344 341 578 413 primum
620 341 692 394 ita
734 336 1100 393 restituerim:

492 426 619 483 οὕτω
655 428 884 482 πέπονθα
925 427 1015 479 καί
1053 446 1123 490 με
1165 428 1538 494 συμφρουροῦσ’
1579 427 1664 480 οὶεί

481 518 676 583 βαθεῖα
715 515 863 577 κηλίς
905 515 1012 567 κτὲ.

190 605 468 662 Facillime
507 612 562 660 et
600 603 914 676 saepissime
964 599 1371 655 confunduntur
1408 607 1677 671 φρουρεῖν,
1726 608 1931 671 φουρεῖν
1955 644 1967 666 ,
2006 609 2098 673 φο·

113 701 215 763 ρεῑν
253 701 307 749 et
344 699 563 762 Φρονεῑν.
644 689 979 764 Hesychius:
1039 688 1383 758 Αἵφουροςε
1425 691 1645 753 αἱθάλη..
1679 696 2007 760 Σοφοκλῆς,
2047 699 2102 746 et

114 782 471 851 Ἀειφόρος;
511 780 778 843 άειθαλής.
839 782 1113 846 Σοφοκλῆς
1152 777 1412 847 Τηλέφῳ,
1454 786 1503 832 et
1547 781 1976 847 Ἀειφροῦροςε
2019 781 2099 835 άεὶ

113 870 377 937 διαμένων.
458 868 663 923 Aiberti
703 883 892 922 verum
946 865 1148 937 reperit
1189 863 1283 919 sed
1337 864 1549 920 abiecit.
1629 867 2099 937 Ἀείφρουρος,

109 959 390 1022 άειθαλῆς,
440 957 521 1012 ἀεὶ
568 955 818 1022 διαμένων
872 971 937 1009 ex
975 953 1198 1024 antiqua
1253 951 1395 1016 λέξει
1445 963 1670 1023 τραγικῇ
1726 964 2097 1011 manaverunt.

113 1047 252 1102 Hinc
290 1045 469 1116 colligi
511 1051 683 1117 potest
722 1060 828 1116 quo
866 1057 1027 1098 sensu
1069 1040 1253 1105 κηλίς,
1294 1041 1416 1096 άνία
1455 1049 1509 1095 et
1550 1042 1671 1096 sim.
1713 1044 1794 1098 ἀεὶ
1838 1049 2099 1114 συμφρουυ

111 1143 212 1204 ρεῖν
251 1133 520 1189 dicantur.
601 1131 808 1188 Addam
862 1131 948 1186 his
1002 1129 1235 1200 denique
1286 1129 1560 1184 senarium
1614 1147 1644 1185 e
1697 1129 1888 1185 Dorico
1944 1141 2100 1204 poeta

113 1229 393 1287 sumtum,
436 1222 528 1293 qui
571 1221 623 1276 in
666 1218 1009 1293 proverbium
1053 1218 1214 1282 abiit,
1259 1218 1313 1271 in
1356 1217 1582 1289 Paedag.
1618 1219 1710 1273 111.
1768 1235 1816 1291 p.
1854 1223 1982 1276 252.
2023 1221 2102 1276 οἵα

113 1313 219 1379 γὰρ
257 1310 532 1375 δέσποινα,
573 1309 742 1379 φασὶν
774 1310 818 1364 οἱ
858 1306 1340 1376 παροιμιαζόμενοι,
1379 1306 1552 1361 τοιάδε
1586 1308 1670 1375 χοὶ
1709 1309 1859 1365 κύων.
1942 1309 2103 1364 Poeta

117 1399 358 1455 dixerat:

414 1484 495 1542 οἵα
533 1486 640 1554 γὰρ
680 1485 718 1539 ά
756 1484 999 1540 δέσποινα
1037 1485 1153 1539 τοία
1194 1484 1280 1551 χοὶ
1318 1484 1466 1539 κύων.

113 1583 168 1632 et
219 1575 418 1630 scitum
472 1574 668 1630 incerti
720 1571 923 1628 Comici
975 1571 1339 1644 fragmentum
1382 1588 1445 1627 ex
1501 1571 1727 1644 Paedag.
1766 1574 1836 1628 11.v
1883 1591 1932 1647 p.
1975 1580 2098 1631 154.

111 1666 155 1719 oi
208 1663 261 1718 δὲ
319 1662 687 1728 κακοδαίμονες
737 1660 1024 1729 μακάριςον
1070 1663 1316 1726 ἡγοῦνται
1374 1661 1488 1728 βίον
1540 1662 1635 1724 τὴν
1690 1664 1948 1731 άκρασίαν
2005 1665 2099 1727 τὴν

111 1751 226 1819 περὶ
260 1750 336 1806 τα
372 1751 662 1818 συμπόσια.
703 1747 769 1805 ὦν
804 1750 881 1807 ἐς)
923 1750 982 1804 τὸ
1014 1749 1104 1818 ζῆν
1142 1749 1281 1804 οὐδὲν
1316 1747 1452 1804 ἄλλο
1493 1748 1523 1813 ἢ
1563 1755 1758 1816 κῶμος,
1800 1751 2098 1819 κραιπάλη,

113 1841 416 1907 βαλανεῖα,
473 1837 697 1906 ἄκρατος
719 1879 735 1903 ,
792 1840 978 1905 άμίδες
1001 1879 1016 1900 ,
1077 1838 1242 1907 άργία
1269 1880 1282 1901 ,
1343 1836 1518 1900 πότος.
1612 1837 1863 1896 Comicus
1922 1842 2101 1897 nescio

114 1929 238 2000 quis
278 1927 364 1982 his
403 1926 632 1983 senariis
671 1933 928 1999 nepotum
968 1926 1265 1998 nequitiam
1309 1924 1700 1998 descripserat:

414 2014 480 2072 ὧν
518 2014 595 2074 ἔςι
631 2015 691 2071 τὸ
731 2015 821 2084 ζῆν
859 2015 998 2071 οὐδὲν
1040 2013 1166 2070 ἄλλ’
1206 2015 1234 2079 ἢ
1275 2014 1572 2083 κραιπάλη,

414 2110 582 2171 κῶμος
607 2145 624 2168 ,
665 2104 948 2170 βαλανεΐ,
989 2102 1214 2172 ἄκρατος
1235 2143 1250 2168 ,
1289 2103 1473 2168 άμίδες
1497 2143 1512 2167 ,
1552 2103 1735 2172 άργία.

112 2193 280 2250 malui
318 2200 499 2249 autem
539 2192 696 2255 πότος
733 2208 1015 2256 resecare,
1055 2191 1213 2247 cuius
1268 2191 1424 2263 plane
1465 2191 1674 2247 inutilis
1730 2193 1932 2248 mentio
1985 2202 2099 2258 est,

113 2298 276 2355 quam
331 2287 497 2347 κῶμος
557 2297 682 2335 cum
738 2281 974 2336 Porsono
1010 2280 1064 2334 in
1118 2278 1405 2335 Adversar.
1448 2296 1499 2352 p.
1534 2284 1664 2336 500.
1741 2282 1895 2337 Latet
1952 2283 2100 2339 aliud

110 2371 311 2428 Comici
354 2369 716 2442 fragmentum
758 2371 815 2424 in
855 2367 1083 2440 Paedag.
1121 2368 1214 2423 111.
1258 2385 1308 2440 p.
1345 2371 1472 2432 255.
1527 2370 1550 2423 ὃ
1585 2367 1741 2432 ἵππος
1780 2374 1939 2427 αὐτοῦ
1979 2391 2097 2427 πεν·

110 2461 391 2516 τεκαίδεκα
445 2457 724 2514 ταλάντων
777 2458 884 2518 ἐςὶν
939 2457 1079 2523 ἄξιος
1133 2458 1162 2520 ἢ
1211 2459 1270 2512 τὸ
1329 2459 1513 2526 χωρίον
1559 2459 1588 2523 ἢ
1642 2461 1667 2512 ὁ
1719 2459 1918 2523 οἰκέτης
1964 2461 1994 2524 ἢ
2039 2463 2098 2516 τὸ

112 2549 357 2617 χρυσίον,

490 2636 647 2697 αὐτὸς
686 2635 738 2691 δὲ
778 2637 996 2705 χαλκῶν
1037 2637 1112 2695 ἑςι
1152 2636 1446 2703 τιμιώτερος

488 2729 651 2791 τριῶν.

188 2813 372 2869 Scitus
415 2813 579 2868 etiam
617 2810 918 2866 versiculus
962 2810 1093 2867 latet
1142 2813 1197 2865 in
1240 2810 1495 2867 Stromat.
1534 2810 1596 2866 V.
1637 2829 1690 2885 p.
1722 2815 1849 2869 560.
1912 2816 1940 2878 ἡ
1976 2818 2098 2869 Ἐλ-

110 2903 290 2966 ληνικῆ
320 2901 615 2971 Φιλοσοφία
653 2907 719 2968 τῇ
754 2900 811 2954 ἕκ
843 2906 938 2963 τῆς
968 2901 1264 2968 θρυαλλίδος
1305 2900 1431 2955 ἔοικε
1467 2900 1793 2967 λαμπηδόνι,
1836 2899 1893 2963 ἣν
1929 2902 2096 2958 άνάπ-

114 3010 284 3047 τουσιν
321 2989 567 3060 ἄνθρωποι

488 3080 613 3147 παρ’
655 3078 797 3141 ἡλίου
835 3077 1149 3139 κλέπτοντες
1190 3077 1442 3146 ἐντέχνως
1481 3078 1540 3133 τὸ
1577 3080 1708 3149 φῶς.

115 3166 217 3223 Sed
252 3184 283 3223 e
317 3166 637 3222 diverticulo
678 3167 733 3220 in
775 3166 936 3220 viam.

190 3254 302 3310 Non
340 3262 420 3310 est
459 3255 755 3327 genuinum
793 3254 933 3326 quod
971 3253 1170 3327 legitur
1211 3255 1264 3309 in
1301 3254 1503 3310 Hellen.
1535 3254 1654 3312 Vll.
1696 3272 1770 3310 ιιι.
1813 3260 1865 3310 8.
1917 3257 2099 3324 φιλαί-

119 3361 314 3405 τατος,
376 3341 742 3415 Xenophontis
790 3349 872 3398 est
920 3344 1182 3412 φίλτατος
1240 3343 1455 3408 dicere,
1516 3360 1687 3415 neque
1727 3344 1838 3398 V11.
1897 3361 1960 3397 ιν.
2011 3350 2096 3400 10.

118 3430 416 3494 ὠμόσθησαν
471 3447 663 3486 sanum
716 3438 798 3486 est
851 3430 942 3487 sed
1002 3432 1287 3499 ὠμόθησαν.
1366 3431 1626 3487 Dicebant
1680 3433 1822 3486 enim
1881 3432 2098 3488 Veteres

117 3518 344 3583 ὠμόθην,
387 3525 445 3573 ut
482 3520 688 3588 ἦρόθην,
727 3520 1041 3583 ἀπηλάθην,
1086 3521 1422 3590 παρεβάθην,
1467 3521 1757 3589 άπηρύθην,
1799 3518 1937 3584 alia,
1979 3522 2094 3593 qui-

117 3605 214 3662 bus
255 3605 499 3663 Graeculi
557 3624 832 3679 perperam
871 3630 902 3663 σ
946 3608 1210 3665 addebant
1247 3611 1473 3675 ὠμόσθην
1522 3607 1794 3671 dicentes,
1851 3615 1905 3664 ut
1945 3609 2094 3677 ἡρμό-
