<?xml version="1.0" encoding="UTF-8"?>
<!DOCTYPE html PUBLIC "-//W3C//DTD XHTML 1.0 Transitional//EN"
    "http://www.w3.org/TR/xhtml1/DTD/xhtml1-transitional.dtd">
<html xmlns="http://www.w3.org/1999/xhtml" xml:lang="en" lang="en">
 <head>
  <title>
</title>
<meta http-equiv="Content-Type" content="text/html;charset=utf-8" />
  <meta name='ocr-system' content='tesseract 3.04.00' />
  <meta name='ocr-capabilities' content='ocr_page ocr_carea ocr_par ocr_line ocrx_word'/>
</head>
<body>
  <div class='ocr_page' id='page_1' title='image "./novaelectionesqu00cobeuoft/novaelectionesqu00cobeuoft_0582.png"; bbox 0 0 2436 4068; ppageno 0'>
   <div class='ocr_carea' id='block_1_1' title="bbox 1377 193 1483 245">
    <p class='ocr_par' dir='ltr' id='par_1_1' title="bbox 1377 193 1483 245">
     <span class='ocr_line' id='line_1_1' title="bbox 1377 193 1483 245; baseline 0.057 -6"><span class='ocrx_word' id='word_1_1' title='bbox 1377 193 1483 245; x_wconf 71' lang='lat'>548</span> 
     </span>
    </p>
   </div>
   <div class='ocr_carea' id='block_1_2' title="bbox 417 335 2436 3656">
    <p class='ocr_par' dir='ltr' id='par_1_2' title="bbox 417 335 2436 3656">
     <span class='ocr_line' id='line_1_2' title="bbox 439 335 2407 409; baseline 0.001 -18"><span class='ocrx_word' id='word_1_2' title='bbox 439 338 514 392; x_wconf 87' lang='lat' dir='ltr'>ris</span> <span class='ocrx_word' id='word_1_3' title='bbox 554 337 759 391; x_wconf 90' lang='lat' dir='ltr'>scribae</span> <span class='ocrx_word' id='word_1_4' title='bbox 800 336 950 406; x_wconf 90' lang='lat' dir='ltr'>peius</span> <span class='ocrx_word' id='word_1_5' title='bbox 990 335 1218 404; x_wconf 86' lang='lat' dir='ltr'>grassati</span> <span class='ocrx_word' id='word_1_6' title='bbox 1280 342 1404 388; x_wconf 88' lang='lat' dir='ltr'>sunt</span> <span class='ocrx_word' id='word_1_7' title='bbox 1446 352 1608 407; x_wconf 86' lang='lat' dir='ltr'>quam</span> <span class='ocrx_word' id='word_1_8' title='bbox 1651 337 1704 389; x_wconf 92' lang='lat' dir='ltr'>in</span> <span class='ocrx_word' id='word_1_9' title='bbox 1756 336 2017 399; x_wconf 80' lang='lat' dir='ltr'><strong>Hierone,</strong></span> <span class='ocrx_word' id='word_1_10' title='bbox 2079 339 2169 408; x_wconf 88' lang='lat' dir='ltr'>qui</span> <span class='ocrx_word' id='word_1_11' title='bbox 2211 340 2407 409; x_wconf 86' lang='lat' dir='ltr'>passim</span> 
     </span>
     <span class='ocr_line' id='line_1_3' title="bbox 440 422 2408 497; baseline 0.002 -19"><span class='ocrx_word' id='word_1_12' title='bbox 440 425 687 495; x_wconf 78' lang='lat' dir='ltr'>pessimis</span> <span class='ocrx_word' id='word_1_13' title='bbox 728 422 983 494; x_wconf 80' lang='lat' dir='ltr'>exemplis</span> <span class='ocrx_word' id='word_1_14' title='bbox 1016 429 1303 493; x_wconf 85' lang='lat' dir='ltr'>corruptus</span> <span class='ocrx_word' id='word_1_15' title='bbox 1343 431 1396 476; x_wconf 87' lang='lat' dir='ltr'>et</span> <span class='ocrx_word' id='word_1_16' title='bbox 1439 422 1792 493; x_wconf 88' lang='lat' dir='ltr'>interpolatus</span> <span class='ocrx_word' id='word_1_17' title='bbox 1847 426 1900 477; x_wconf 91' lang='lat' dir='ltr'>in</span> <span class='ocrx_word' id='word_1_18' title='bbox 1955 424 2236 478; x_wconf 88' lang='lat' dir='ltr'>Codicibus</span> <span class='ocrx_word' id='word_1_19' title='bbox 2290 444 2408 497; x_wconf 82' lang='lat' dir='ltr'>per-</span> 
     </span>
     <span class='ocr_line' id='line_1_4' title="bbox 437 508 2406 582; baseline 0.001 -17"><span class='ocrx_word' id='word_1_20' title='bbox 437 512 618 581; x_wconf 80' lang='lat' dir='ltr'>exigui</span> <span class='ocrx_word' id='word_1_21' title='bbox 674 512 831 580; x_wconf 90' lang='lat' dir='ltr'>pretii</span> <span class='ocrx_word' id='word_1_22' title='bbox 887 508 1285 564; x_wconf 79' lang='lat' dir='ltr'>circumfertur.</span> <span class='ocrx_word' id='word_1_23' title='bbox 1367 510 1510 564; x_wconf 80' lang='lat' dir='ltr'>Fieri</span> <span class='ocrx_word' id='word_1_24' title='bbox 1563 517 1737 581; x_wconf 87' lang='lat' dir='ltr'>potest</span> <span class='ocrx_word' id='word_1_25' title='bbox 1792 518 1851 565; x_wconf 89' lang='lat' dir='ltr'>ut</span> <span class='ocrx_word' id='word_1_26' title='bbox 1909 512 2192 582; x_wconf 90' lang='lat' dir='ltr'>aliquando</span> <span class='ocrx_word' id='word_1_27' title='bbox 2230 514 2406 567; x_wconf 90' lang='lat' dir='ltr'>melio-</span> 
     </span>
     <span class='ocr_line' id='line_1_5' title="bbox 437 596 2408 670; baseline 0.002 -19"><span class='ocrx_word' id='word_1_28' title='bbox 437 615 522 651; x_wconf 88' lang='lat' dir='ltr'>res</span> <span class='ocrx_word' id='word_1_29' title='bbox 561 597 683 650; x_wconf 86' lang='lat' dir='ltr'>libri</span> <span class='ocrx_word' id='word_1_30' title='bbox 724 598 777 650; x_wconf 90' lang='lat' dir='ltr'>in</span> <span class='ocrx_word' id='word_1_31' title='bbox 820 596 971 650; x_wconf 90' lang='lat' dir='ltr'>Italia</span> <span class='ocrx_word' id='word_1_32' title='bbox 1013 596 1187 650; x_wconf 89' lang='lat' dir='ltr'>adhuc</span> <span class='ocrx_word' id='word_1_33' title='bbox 1230 597 1454 652; x_wconf 89' lang='lat' dir='ltr'>latentes</span> <span class='ocrx_word' id='word_1_34' title='bbox 1509 599 1853 652; x_wconf 82' lang='lat' dir='ltr'>excutiantur</span> <span class='ocrx_word' id='word_1_35' title='bbox 1888 606 1941 654; x_wconf 90' lang='lat' dir='ltr'>et</span> <span class='ocrx_word' id='word_1_36' title='bbox 1990 600 2067 652; x_wconf 92' lang='lat' dir='ltr'>sic</span> <span class='ocrx_word' id='word_1_37' title='bbox 2102 617 2226 670; x_wconf 89' lang='lat' dir='ltr'>pars</span> <span class='ocrx_word' id='word_1_38' title='bbox 2265 618 2408 655; x_wconf 91' lang='lat' dir='ltr'>men-</span> 
     </span>
     <span class='ocr_line' id='line_1_6' title="bbox 436 683 2408 758; baseline 0.002 -21"><span class='ocrx_word' id='word_1_39' title='bbox 436 685 626 738; x_wconf 89' lang='lat' dir='ltr'>dorum</span> <span class='ocrx_word' id='word_1_40' title='bbox 667 684 901 738; x_wconf 87' lang='lat' dir='ltr'>tollatur.</span> <span class='ocrx_word' id='word_1_41' title='bbox 982 683 1134 738; x_wconf 91' lang='lat' dir='ltr'>Nunc</span> <span class='ocrx_word' id='word_1_42' title='bbox 1174 702 1331 756; x_wconf 91' lang='lat' dir='ltr'>quam</span> <span class='ocrx_word' id='word_1_43' title='bbox 1387 685 1730 740; x_wconf 87' lang='lat' dir='ltr'>vehementer</span> <span class='ocrx_word' id='word_1_44' title='bbox 1780 693 2034 758; x_wconf 88' lang='lat' dir='ltr'>corrupta</span> <span class='ocrx_word' id='word_1_45' title='bbox 2086 689 2194 740; x_wconf 87' lang='lat' dir='ltr'>sint</span> <span class='ocrx_word' id='word_1_46' title='bbox 2234 688 2408 758; x_wconf 87' lang='lat' dir='ltr'>plera-</span> 
     </span>
     <span class='ocr_line' id='line_1_7' title="bbox 437 771 2408 845; baseline 0.003 -20"><span class='ocrx_word' id='word_1_47' title='bbox 437 789 539 843; x_wconf 89' lang='lat' dir='ltr'>que</span> <span class='ocrx_word' id='word_1_48' title='bbox 579 779 632 825; x_wconf 89' lang='lat' dir='ltr'>et</span> <span class='ocrx_word' id='word_1_49' title='bbox 684 773 824 825; x_wconf 90' lang='lat' dir='ltr'>inter</span> <span class='ocrx_word' id='word_1_50' title='bbox 863 771 1147 843; x_wconf 87' lang='lat' dir='ltr'>legendum</span> <span class='ocrx_word' id='word_1_51' title='bbox 1189 772 1330 827; x_wconf 80' lang='lat' dir='ltr'>facili</span> <span class='ocrx_word' id='word_1_52' title='bbox 1374 775 1584 844; x_wconf 85' lang='lat' dir='ltr'>negotio</span> <span class='ocrx_word' id='word_1_53' title='bbox 1633 775 2002 844; x_wconf 84' lang='lat' dir='ltr'>cognoscitur,</span> <span class='ocrx_word' id='word_1_54' title='bbox 2057 776 2103 827; x_wconf 92' lang='lat' dir='ltr'>si</span> <span class='ocrx_word' id='word_1_55' title='bbox 2143 776 2264 845; x_wconf 88' lang='lat' dir='ltr'>quis</span> <span class='ocrx_word' id='word_1_56' title='bbox 2310 774 2408 830; x_wconf 90' lang='lat' dir='ltr'>hoc</span> 
     </span>
     <span class='ocr_line' id='line_1_8' title="bbox 435 860 2408 933; baseline 0.002 -20"><span class='ocrx_word' id='word_1_57' title='bbox 435 860 547 930; x_wconf 87' lang='lat' dir='ltr'>agit</span> <span class='ocrx_word' id='word_1_58' title='bbox 587 869 639 914; x_wconf 88' lang='lat' dir='ltr'>et</span> <span class='ocrx_word' id='word_1_59' title='bbox 679 876 838 931; x_wconf 87' lang='lat' dir='ltr'>quam</span> <span class='ocrx_word' id='word_1_60' title='bbox 882 860 982 912; x_wconf 88' lang='lat' dir='ltr'>ista</span> <span class='ocrx_word' id='word_1_61' title='bbox 1023 867 1077 913; x_wconf 89' lang='lat' dir='ltr'>et</span> <span class='ocrx_word' id='word_1_62' title='bbox 1117 860 1182 913; x_wconf 89' lang='lat' dir='ltr'>ab</span> <span class='ocrx_word' id='word_1_63' title='bbox 1229 862 1407 915; x_wconf 86' lang='lat' dir='ltr'>Attico</span> <span class='ocrx_word' id='word_1_64' title='bbox 1447 862 1622 915; x_wconf 90' lang='lat' dir='ltr'>nitore</span> <span class='ocrx_word' id='word_1_65' title='bbox 1671 869 1723 916; x_wconf 92' lang='lat' dir='ltr'>et</span> <span class='ocrx_word' id='word_1_66' title='bbox 1765 880 1795 916; x_wconf 91' lang='lat' dir='ltr'>a</span> <span class='ocrx_word' id='word_1_67' title='bbox 1838 861 2219 933; x_wconf 90' lang='lat' dir='ltr'>Xenophontea</span> <span class='ocrx_word' id='word_1_68' title='bbox 2278 864 2408 916; x_wconf 90' lang='lat' dir='ltr'>scri-</span> 
     </span>
     <span class='ocr_line' id='line_1_9' title="bbox 434 946 2406 1020; baseline 0.002 -20"><span class='ocrx_word' id='word_1_69' title='bbox 434 946 592 1001; x_wconf 88' lang='lat' dir='ltr'>bendi</span> <span class='ocrx_word' id='word_1_70' title='bbox 632 954 913 1000; x_wconf 87' lang='lat' dir='ltr'>venustate</span> <span class='ocrx_word' id='word_1_71' title='bbox 953 946 1273 1001; x_wconf 83' lang='lat' dir='ltr'>abhorreant</span> <span class='ocrx_word' id='word_1_72' title='bbox 1314 948 1571 1002; x_wconf 83' lang='lat' dir='ltr'>diuturna</span> <span class='ocrx_word' id='word_1_73' title='bbox 1607 950 1910 1003; x_wconf 88' lang='lat' dir='ltr'>Atticorum</span> <span class='ocrx_word' id='word_1_74' title='bbox 1949 957 2001 1002; x_wconf 90' lang='lat' dir='ltr'>et</span> <span class='ocrx_word' id='word_1_75' title='bbox 2041 949 2406 1020; x_wconf 86' lang='lat' dir='ltr'>Xenophontis</span> 
     </span>
     <span class='ocr_line' id='line_1_10' title="bbox 434 1033 2403 1107; baseline 0.001 -19"><span class='ocrx_word' id='word_1_76' title='bbox 434 1034 660 1089; x_wconf 90' lang='lat' dir='ltr'>lectione</span> <span class='ocrx_word' id='word_1_77' title='bbox 719 1040 772 1087; x_wconf 89' lang='lat' dir='ltr'>et</span> <span class='ocrx_word' id='word_1_78' title='bbox 830 1033 1174 1089; x_wconf 84' lang='lat' dir='ltr'>meditatione</span> <span class='ocrx_word' id='word_1_79' title='bbox 1234 1053 1522 1107; x_wconf 84' lang='lat' dir='ltr'>agnoscere</span> <span class='ocrx_word' id='word_1_80' title='bbox 1585 1043 1638 1090; x_wconf 91' lang='lat' dir='ltr'>et</span> <span class='ocrx_word' id='word_1_81' title='bbox 1696 1038 1896 1091; x_wconf 91' lang='lat' dir='ltr'>sentire</span> <span class='ocrx_word' id='word_1_82' title='bbox 1956 1037 2160 1091; x_wconf 86' lang='lat' dir='ltr'>didicit.</span> <span class='ocrx_word' id='word_1_83' title='bbox 2258 1037 2403 1091; x_wconf 92' lang='lat' dir='ltr'>Idem</span> 
     </span>
     <span class='ocr_line' id='line_1_11' title="bbox 433 1121 2405 1194; baseline 0.001 -18"><span class='ocrx_word' id='word_1_84' title='bbox 433 1121 822 1176; x_wconf 86' lang='lat' dir='ltr'>animadvertet</span> <span class='ocrx_word' id='word_1_85' title='bbox 866 1121 1054 1175; x_wconf 91' lang='lat' dir='ltr'>bonam</span> <span class='ocrx_word' id='word_1_86' title='bbox 1099 1129 1304 1194; x_wconf 87' lang='lat' dir='ltr'>partem</span> <span class='ocrx_word' id='word_1_87' title='bbox 1365 1123 1742 1178; x_wconf 87' lang='lat' dir='ltr'>mendosarum</span> <span class='ocrx_word' id='word_1_88' title='bbox 1802 1125 2092 1178; x_wconf 90' lang='lat' dir='ltr'>lectionum</span> <span class='ocrx_word' id='word_1_89' title='bbox 2153 1126 2229 1179; x_wconf 93' lang='lat' dir='ltr'>sic</span> <span class='ocrx_word' id='word_1_90' title='bbox 2290 1141 2405 1179; x_wconf 87' lang='lat' dir='ltr'>esse</span> 
     </span>
     <span class='ocr_line' id='line_1_12' title="bbox 432 1209 2403 1283; baseline 0.001 -18"><span class='ocrx_word' id='word_1_91' title='bbox 432 1217 832 1282; x_wconf 85' lang='lat' dir='ltr'>comparatam,</span> <span class='ocrx_word' id='word_1_92' title='bbox 887 1216 949 1262; x_wconf 90' lang='lat' dir='ltr'>ut</span> <span class='ocrx_word' id='word_1_93' title='bbox 989 1209 1308 1270; x_wconf 86' lang='lat' dir='ltr'>Criticorum</span> <span class='ocrx_word' id='word_1_94' title='bbox 1351 1213 1600 1266; x_wconf 89' lang='lat' dir='ltr'>acumine</span> <span class='ocrx_word' id='word_1_95' title='bbox 1639 1219 1692 1267; x_wconf 87' lang='lat' dir='ltr'>et</span> <span class='ocrx_word' id='word_1_96' title='bbox 1731 1212 1966 1267; x_wconf 91' lang='lat' dir='ltr'>sollertia</span> <span class='ocrx_word' id='word_1_97' title='bbox 2022 1214 2077 1265; x_wconf 87' lang='lat' dir='ltr'>in</span> <span class='ocrx_word' id='word_1_98' title='bbox 2130 1213 2403 1283; x_wconf 86' lang='lat' dir='ltr'>integrum</span> 
     </span>
     <span class='ocr_line' id='line_1_13' title="bbox 431 1299 2405 1368; baseline 0.001 -15"><span class='ocrx_word' id='word_1_99' title='bbox 431 1299 646 1353; x_wconf 90' lang='lat' dir='ltr'>restitui</span> <span class='ocrx_word' id='word_1_100' title='bbox 688 1305 948 1368; x_wconf 88' lang='lat' dir='ltr'>nequeat:</span> <span class='ocrx_word' id='word_1_101' title='bbox 991 1315 1094 1351; x_wconf 91' lang='lat' dir='ltr'>non</span> <span class='ocrx_word' id='word_1_102' title='bbox 1134 1299 1277 1352; x_wconf 91' lang='lat' dir='ltr'>enim</span> <span class='ocrx_word' id='word_1_103' title='bbox 1317 1300 1568 1362; x_wconf 69' lang='grc' dir='ltr'><em>ἐπιπολῆς</em></span> <span class='ocrx_word' id='word_1_104' title='bbox 1614 1307 1742 1354; x_wconf 89' lang='lat' dir='ltr'>sunt</span> <span class='ocrx_word' id='word_1_105' title='bbox 1781 1308 1832 1355; x_wconf 89' lang='lat' dir='ltr'>et</span> <span class='ocrx_word' id='word_1_106' title='bbox 1876 1301 2074 1355; x_wconf 93' lang='lat' dir='ltr'>leviora</span> <span class='ocrx_word' id='word_1_107' title='bbox 2114 1300 2337 1354; x_wconf 89' lang='lat' dir='ltr'>vulnera</span> <span class='ocrx_word' id='word_1_108' title='bbox 2375 1317 2405 1354; x_wconf 92' lang='lat' dir='ltr'>a</span> 
     </span>
     <span class='ocr_line' id='line_1_14' title="bbox 433 1385 2404 1459; baseline 0.001 -19"><span class='ocrx_word' id='word_1_109' title='bbox 433 1387 734 1441; x_wconf 87' lang='lat' dir='ltr'>scribarum</span> <span class='ocrx_word' id='word_1_110' title='bbox 776 1386 1097 1448; x_wconf 81' lang='lat' dir='ltr'>oscitantia,</span> <span class='ocrx_word' id='word_1_111' title='bbox 1139 1393 1195 1438; x_wconf 89' lang='lat' dir='ltr'>ut</span> <span class='ocrx_word' id='word_1_112' title='bbox 1245 1385 1355 1440; x_wconf 88' lang='lat' dir='ltr'>sere</span> <span class='ocrx_word' id='word_1_113' title='bbox 1397 1388 1487 1452; x_wconf 83' lang='lat' dir='ltr'>fit,</span> <span class='ocrx_word' id='word_1_114' title='bbox 1530 1387 1764 1459; x_wconf 86' lang='lat' dir='ltr'>profecta</span> <span class='ocrx_word' id='word_1_115' title='bbox 1791 1432 1805 1453; x_wconf 96' lang='lat'><strong>,</strong></span> <span class='ocrx_word' id='word_1_116' title='bbox 1847 1388 1938 1442; x_wconf 92' lang='lat' dir='ltr'>sed</span> <span class='ocrx_word' id='word_1_117' title='bbox 1979 1386 2182 1442; x_wconf 73' lang='grc' dir='ltr'><em>ὕπουλοο</em></span> <span class='ocrx_word' id='word_1_118' title='bbox 2221 1389 2404 1442; x_wconf 88' lang='lat' dir='ltr'>sciolo·</span> 
     </span>
     <span class='ocr_line' id='line_1_15' title="bbox 435 1474 2402 1546; baseline 0.002 -19"><span class='ocrx_word' id='word_1_119' title='bbox 435 1491 555 1528; x_wconf 85' lang='lat' dir='ltr'>rum</span> <span class='ocrx_word' id='word_1_120' title='bbox 608 1474 908 1528; x_wconf 89' lang='lat' dir='ltr'>temeritate</span> <span class='ocrx_word' id='word_1_121' title='bbox 961 1479 1014 1527; x_wconf 90' lang='lat' dir='ltr'>et</span> <span class='ocrx_word' id='word_1_122' title='bbox 1072 1489 1233 1544; x_wconf 88' lang='lat' dir='ltr'>prava</span> <span class='ocrx_word' id='word_1_123' title='bbox 1289 1482 1655 1530; x_wconf 90' lang='lat' dir='ltr'>correctorum</span> <span class='ocrx_word' id='word_1_124' title='bbox 1710 1475 1994 1530; x_wconf 84' lang='lat' dir='ltr'>sedulitate</span> <span class='ocrx_word' id='word_1_125' title='bbox 2050 1477 2262 1546; x_wconf 90' lang='lat' dir='ltr'>penitus</span> <span class='ocrx_word' id='word_1_126' title='bbox 2324 1477 2402 1530; x_wconf 89' lang='lat' dir='ltr'>in·</span> 
     </span>
     <span class='ocr_line' id='line_1_16' title="bbox 432 1560 2404 1635; baseline 0.002 -20"><span class='ocrx_word' id='word_1_127' title='bbox 432 1562 595 1616; x_wconf 90' lang='lat' dir='ltr'>flicta.</span> <span class='ocrx_word' id='word_1_128' title='bbox 672 1560 1069 1615; x_wconf 89' lang='lat' dir='ltr'>Interciderunt</span> <span class='ocrx_word' id='word_1_129' title='bbox 1109 1560 1334 1615; x_wconf 89' lang='lat' dir='ltr'>subinde</span> <span class='ocrx_word' id='word_1_130' title='bbox 1375 1562 1684 1634; x_wconf 89' lang='lat' dir='ltr'>complura,</span> <span class='ocrx_word' id='word_1_131' title='bbox 1737 1563 1840 1617; x_wconf 89' lang='lat' dir='ltr'>alia</span> <span class='ocrx_word' id='word_1_132' title='bbox 1887 1580 2164 1635; x_wconf 89' lang='lat' dir='ltr'>perperam</span> <span class='ocrx_word' id='word_1_133' title='bbox 2208 1564 2404 1620; x_wconf 87' lang='lat' dir='ltr'>adhae-</span> 
     </span>
     <span class='ocr_line' id='line_1_17' title="bbox 432 1648 2404 1720; baseline 0.002 -16"><span class='ocrx_word' id='word_1_134' title='bbox 432 1657 655 1716; x_wconf 88' lang='lat' dir='ltr'>serunt,</span> <span class='ocrx_word' id='word_1_135' title='bbox 717 1655 949 1720; x_wconf 88' lang='lat' dir='ltr'>suntque</span> <span class='ocrx_word' id='word_1_136' title='bbox 990 1648 1159 1701; x_wconf 89' lang='lat' dir='ltr'>multa</span> <span class='ocrx_word' id='word_1_137' title='bbox 1203 1648 1395 1703; x_wconf 89' lang='lat' dir='ltr'>menda</span> <span class='ocrx_word' id='word_1_138' title='bbox 1435 1650 1744 1704; x_wconf 91' lang='lat' dir='ltr'>huiusmodi</span> <span class='ocrx_word' id='word_1_139' title='bbox 1789 1659 1848 1705; x_wconf 88' lang='lat' dir='ltr'>ut</span> <span class='ocrx_word' id='word_1_140' title='bbox 1897 1651 2140 1705; x_wconf 83' lang='lat' dir='ltr'>fraudem</span> <span class='ocrx_word' id='word_1_141' title='bbox 2187 1652 2404 1708; x_wconf 86' lang='lat' dir='ltr'>subesse</span> 
     </span>
     <span class='ocr_line' id='line_1_18' title="bbox 431 1736 2402 1812; baseline 0.002 -20"><span class='ocrx_word' id='word_1_142' title='bbox 431 1739 773 1811; x_wconf 89' lang='lat' dir='ltr'>perspicuum</span> <span class='ocrx_word' id='word_1_143' title='bbox 812 1738 918 1802; x_wconf 87' lang='lat' dir='ltr'>sit,</span> <span class='ocrx_word' id='word_1_144' title='bbox 960 1736 1051 1791; x_wconf 86' lang='lat' dir='ltr'>sed</span> <span class='ocrx_word' id='word_1_145' title='bbox 1094 1753 1230 1807; x_wconf 88' lang='lat' dir='ltr'>quae</span> <span class='ocrx_word' id='word_1_146' title='bbox 1272 1737 1340 1790; x_wconf 87' lang='lat' dir='ltr'>sit</span> <span class='ocrx_word' id='word_1_147' title='bbox 1396 1739 1630 1809; x_wconf 86' lang='lat' dir='ltr'>genuina</span> <span class='ocrx_word' id='word_1_148' title='bbox 1670 1746 1722 1794; x_wconf 90' lang='lat' dir='ltr'>et</span> <span class='ocrx_word' id='word_1_149' title='bbox 1756 1756 1883 1793; x_wconf 91' lang='lat' dir='ltr'>sana</span> <span class='ocrx_word' id='word_1_150' title='bbox 1921 1740 2224 1810; x_wconf 89' lang='lat' dir='ltr'>scriptura,</span> <span class='ocrx_word' id='word_1_151' title='bbox 2267 1757 2402 1812; x_wconf 87' lang='lat' dir='ltr'>quae</span> 
     </span>
     <span class='ocr_line' id='line_1_19' title="bbox 428 1825 2398 1899; baseline 0.002 -20"><span class='ocrx_word' id='word_1_152' title='bbox 428 1827 544 1899; x_wconf 90' lang='lat' dir='ltr'>ipsa</span> <span class='ocrx_word' id='word_1_153' title='bbox 579 1825 946 1897; x_wconf 81' lang='lat' dir='ltr'>Xenophontis</span> <span class='ocrx_word' id='word_1_154' title='bbox 982 1842 1172 1878; x_wconf 90' lang='lat' dir='ltr'>manus</span> <span class='ocrx_word' id='word_1_155' title='bbox 1215 1826 1284 1878; x_wconf 89' lang='lat' dir='ltr'>sit</span> <span class='ocrx_word' id='word_1_156' title='bbox 1319 1827 1483 1880; x_wconf 89' lang='lat' dir='ltr'>etiam</span> <span class='ocrx_word' id='word_1_157' title='bbox 1526 1827 1719 1880; x_wconf 92' lang='lat' dir='ltr'>harum</span> <span class='ocrx_word' id='word_1_158' title='bbox 1754 1844 1935 1881; x_wconf 90' lang='lat' dir='ltr'>rerum</span> <span class='ocrx_word' id='word_1_159' title='bbox 1979 1827 2398 1898; x_wconf 79' lang='lat' dir='ltr'>intelligentibus</span> 
     </span>
     <span class='ocr_line' id='line_1_20' title="bbox 430 1913 2400 1987; baseline -0.001 -19"><span class='ocrx_word' id='word_1_160' title='bbox 430 1915 702 1969; x_wconf 91' lang='lat' dir='ltr'>evidenter</span> <span class='ocrx_word' id='word_1_161' title='bbox 738 1913 1092 1966; x_wconf 88' lang='lat' dir='ltr'>demonstrari</span> <span class='ocrx_word' id='word_1_162' title='bbox 1134 1930 1236 1966; x_wconf 91' lang='lat' dir='ltr'>non</span> <span class='ocrx_word' id='word_1_163' title='bbox 1280 1916 1462 1984; x_wconf 87' lang='lat' dir='ltr'>possit.</span> <span class='ocrx_word' id='word_1_164' title='bbox 1539 1915 1735 1968; x_wconf 90' lang='lat' dir='ltr'>Bonam</span> <span class='ocrx_word' id='word_1_165' title='bbox 1776 1922 1983 1987; x_wconf 90' lang='lat' dir='ltr'>partem</span> <span class='ocrx_word' id='word_1_166' title='bbox 2022 1932 2086 1968; x_wconf 84' lang='lat' dir='ltr'>ex</span> <span class='ocrx_word' id='word_1_167' title='bbox 2134 1932 2194 1969; x_wconf 92' lang='lat' dir='ltr'>eo</span> <span class='ocrx_word' id='word_1_168' title='bbox 2226 1914 2400 1970; x_wconf 90' lang='lat' dir='ltr'>libello</span> 
     </span>
     <span class='ocr_line' id='line_1_21' title="bbox 430 2000 2400 2074; baseline 0 -17"><span class='ocrx_word' id='word_1_169' title='bbox 430 2002 688 2057; x_wconf 86' lang='lat' dir='ltr'>Stobaeus</span> <span class='ocrx_word' id='word_1_170' title='bbox 731 2019 793 2054; x_wconf 83' lang='lat' dir='ltr'>ex</span> <span class='ocrx_word' id='word_1_171' title='bbox 835 2000 1004 2054; x_wconf 91' lang='lat' dir='ltr'>multo</span> <span class='ocrx_word' id='word_1_172' title='bbox 1043 2001 1351 2056; x_wconf 87' lang='lat' dir='ltr'>melioribus</span> <span class='ocrx_word' id='word_1_173' title='bbox 1383 2002 1536 2056; x_wconf 85' lang='lat' dir='ltr'>libris</span> <span class='ocrx_word' id='word_1_174' title='bbox 1575 2002 1898 2074; x_wconf 85' lang='lat' dir='ltr'>descriptam</span> <span class='ocrx_word' id='word_1_175' title='bbox 1948 2003 2002 2056; x_wconf 91' lang='lat' dir='ltr'>in</span> <span class='ocrx_word' id='word_1_176' title='bbox 2053 2003 2400 2073; x_wconf 84' lang='lat' dir='ltr'>Florilegium</span> 
     </span>
     <span class='ocr_line' id='line_1_22' title="bbox 426 2089 2399 2163; baseline -0.001 -18"><span class='ocrx_word' id='word_1_177' title='bbox 426 2091 625 2161; x_wconf 89' lang='lat' dir='ltr'>recepit</span> <span class='ocrx_word' id='word_1_178' title='bbox 662 2089 841 2143; x_wconf 85' lang='lat' dir='ltr'>XLIX.</span> <span class='ocrx_word' id='word_1_179' title='bbox 887 2092 1129 2143; x_wconf 86' lang='lat'>50—46.</span> <span class='ocrx_word' id='word_1_180' title='bbox 1187 2089 1251 2143; x_wconf 92' lang='lat' dir='ltr'>ab</span> <span class='ocrx_word' id='word_1_181' title='bbox 1292 2090 1446 2144; x_wconf 92' lang='lat' dir='ltr'>initio</span> <span class='ocrx_word' id='word_1_182' title='bbox 1487 2107 1656 2162; x_wconf 91' lang='lat' dir='ltr'>usque</span> <span class='ocrx_word' id='word_1_183' title='bbox 1707 2090 1772 2144; x_wconf 91' lang='lat' dir='ltr'>ad</span> <span class='ocrx_word' id='word_1_184' title='bbox 1833 2107 1947 2163; x_wconf 90' lang='lat' dir='ltr'>cap.</span> <span class='ocrx_word' id='word_1_185' title='bbox 1986 2091 2074 2144; x_wconf 92' lang='lat' dir='ltr'>VI.</span> <span class='ocrx_word' id='word_1_186' title='bbox 2131 2094 2159 2162; x_wconf 83' lang='lat'>§</span> <span class='ocrx_word' id='word_1_187' title='bbox 2201 2095 2249 2145; x_wconf 90' lang='grc'>6.</span> <span class='ocrx_word' id='word_1_188' title='bbox 2307 2089 2399 2145; x_wconf 87' lang='lat' dir='ltr'>sed</span> 
     </span>
     <span class='ocr_line' id='line_1_23' title="bbox 428 2175 2396 2234; baseline 0 -2"><span class='ocrx_word' id='word_1_189' title='bbox 428 2178 612 2232; x_wconf 89' lang='lat' dir='ltr'>multis</span> <span class='ocrx_word' id='word_1_190' title='bbox 666 2175 891 2230; x_wconf 88' lang='lat' dir='ltr'>subinde</span> <span class='ocrx_word' id='word_1_191' title='bbox 935 2178 1165 2231; x_wconf 88' lang='lat' dir='ltr'>omissis.</span> <span class='ocrx_word' id='word_1_192' title='bbox 1248 2179 1528 2232; x_wconf 89' lang='lat' dir='ltr'>Praeterea</span> <span class='ocrx_word' id='word_1_193' title='bbox 1577 2179 1631 2231; x_wconf 91' lang='lat' dir='ltr'>in</span> <span class='ocrx_word' id='word_1_194' title='bbox 1686 2178 1866 2232; x_wconf 89' lang='lat' dir='ltr'>Floril.</span> <span class='ocrx_word' id='word_1_195' title='bbox 1908 2179 2087 2233; x_wconf 87' lang='lat' dir='ltr'>XLVI.</span> <span class='ocrx_word' id='word_1_196' title='bbox 2135 2183 2257 2234; x_wconf 90' lang='grc'><strong>109.</strong></span> <span class='ocrx_word' id='word_1_197' title='bbox 2315 2195 2396 2233; x_wconf 85' lang='lat' dir='ltr'>re-</span> 
     </span>
     <span class='ocr_line' id='line_1_24' title="bbox 425 2264 2397 2338; baseline -0.001 -17"><span class='ocrx_word' id='word_1_198' title='bbox 425 2269 567 2338; x_wconf 91' lang='lat' dir='ltr'>cepit</span> <span class='ocrx_word' id='word_1_199' title='bbox 619 2281 734 2336; x_wconf 88' lang='lat' dir='ltr'>cap.</span> <span class='ocrx_word' id='word_1_200' title='bbox 770 2264 861 2318; x_wconf 81' lang='lat' dir='ltr'>IX.</span> <span class='ocrx_word' id='word_1_201' title='bbox 908 2267 1112 2317; x_wconf 91' lang='lat'>1—10.</span> <span class='ocrx_word' id='word_1_202' title='bbox 1190 2265 1495 2319; x_wconf 87' lang='lat' dir='ltr'>Athenaeus</span> <span class='ocrx_word' id='word_1_203' title='bbox 1547 2283 1612 2319; x_wconf 86' lang='lat' dir='ltr'>ex</span> <span class='ocrx_word' id='word_1_204' title='bbox 1665 2266 1893 2320; x_wconf 90' lang='lat' dir='ltr'>Hierone</span> <span class='ocrx_word' id='word_1_205' title='bbox 1944 2272 2053 2320; x_wconf 91' lang='lat' dir='ltr'>tres</span> <span class='ocrx_word' id='word_1_206' title='bbox 2093 2266 2235 2320; x_wconf 90' lang='lat' dir='ltr'>locos</span> <span class='ocrx_word' id='word_1_207' title='bbox 2286 2266 2397 2319; x_wconf 91' lang='lat' dir='ltr'>lon-</span> 
     </span>
     <span class='ocr_line' id='line_1_25' title="bbox 423 2351 2394 2426; baseline 0.001 -19"><span class='ocrx_word' id='word_1_208' title='bbox 423 2355 599 2425; x_wconf 88' lang='lat' dir='ltr'>giores</span> <span class='ocrx_word' id='word_1_209' title='bbox 640 2351 924 2423; x_wconf 85' lang='lat' dir='ltr'>descripsit</span> <span class='ocrx_word' id='word_1_210' title='bbox 957 2351 1048 2406; x_wconf 90' lang='lat'>111.</span> <span class='ocrx_word' id='word_1_211' title='bbox 1091 2370 1141 2423; x_wconf 90' lang='lat' dir='ltr'>p.</span> <span class='ocrx_word' id='word_1_212' title='bbox 1170 2357 1268 2406; x_wconf 71' lang='lat'>121</span> <span class='ocrx_word' id='word_1_213' title='bbox 1315 2354 1392 2416; x_wconf 90' lang='lat' dir='ltr'>D,</span> <span class='ocrx_word' id='word_1_214' title='bbox 1432 2354 1522 2409; x_wconf 91' lang='lat' dir='ltr'>IV.</span> <span class='ocrx_word' id='word_1_215' title='bbox 1566 2371 1617 2425; x_wconf 92' lang='lat' dir='ltr'>p.</span> <span class='ocrx_word' id='word_1_216' title='bbox 1648 2358 1751 2408; x_wconf 91' lang='lat'>144</span> <span class='ocrx_word' id='word_1_217' title='bbox 1793 2354 1846 2408; x_wconf 89' lang='lat' dir='ltr'>C.</span> <span class='ocrx_word' id='word_1_218' title='bbox 1890 2361 1942 2408; x_wconf 92' lang='lat' dir='ltr'>et</span> <span class='ocrx_word' id='word_1_219' title='bbox 1996 2354 2084 2408; x_wconf 92' lang='lat' dir='ltr'>IV.</span> <span class='ocrx_word' id='word_1_220' title='bbox 2131 2372 2178 2426; x_wconf 90' lang='lat' dir='ltr'>p.</span> <span class='ocrx_word' id='word_1_221' title='bbox 2206 2359 2306 2408; x_wconf 90' lang='lat'>171</span> <span class='ocrx_word' id='word_1_222' title='bbox 2334 2355 2394 2408; x_wconf 92' lang='lat' dir='ltr'>E.</span> 
     </span>
     <span class='ocr_line' id='line_1_26' title="bbox 423 2438 2396 2506; baseline 0 -9"><span class='ocrx_word' id='word_1_223' title='bbox 423 2442 703 2497; x_wconf 85' lang='lat' dir='ltr'>Caeterum</span> <span class='ocrx_word' id='word_1_224' title='bbox 777 2438 966 2503; x_wconf 76' lang='grc' dir='ltr'><em>λέξεων</em></span> <span class='ocrx_word' id='word_1_225' title='bbox 1027 2442 1487 2495; x_wconf 90' lang='lat' dir='ltr'>consarcinatores</span> <span class='ocrx_word' id='word_1_226' title='bbox 1548 2448 1601 2496; x_wconf 90' lang='lat' dir='ltr'>et</span> <span class='ocrx_word' id='word_1_227' title='bbox 1669 2442 1951 2496; x_wconf 89' lang='lat' dir='ltr'>Atticistae</span> <span class='ocrx_word' id='word_1_228' title='bbox 2009 2459 2074 2497; x_wconf 86' lang='lat' dir='ltr'>ex</span> <span class='ocrx_word' id='word_1_229' title='bbox 2133 2443 2396 2506; x_wconf 89' lang='lat' dir='ltr'>Hierone,</span> 
     </span>
     <span class='ocr_line' id='line_1_27' title="bbox 427 2528 2398 2602; baseline -0.001 -17"><span class='ocrx_word' id='word_1_230' title='bbox 427 2530 566 2602; x_wconf 87' lang='lat' dir='ltr'>quod</span> <span class='ocrx_word' id='word_1_231' title='bbox 608 2530 812 2591; x_wconf 86' lang='lat' dir='ltr'>sciam,</span> <span class='ocrx_word' id='word_1_232' title='bbox 869 2544 1027 2581; x_wconf 91' lang='lat' dir='ltr'>unam</span> <span class='ocrx_word' id='word_1_233' title='bbox 1087 2535 1299 2582; x_wconf 89' lang='lat' dir='ltr'>tantum</span> <span class='ocrx_word' id='word_1_234' title='bbox 1340 2528 1478 2592; x_wconf 73' lang='grc' dir='ltr'><em>λέξιν</em></span> <span class='ocrx_word' id='word_1_235' title='bbox 1522 2536 1872 2593; x_wconf 89' lang='lat' dir='ltr'>notaverunt,</span> <span class='ocrx_word' id='word_1_236' title='bbox 1927 2529 1990 2584; x_wconf 92' lang='lat' dir='ltr'>de</span> <span class='ocrx_word' id='word_1_237' title='bbox 2041 2546 2146 2602; x_wconf 89' lang='lat' dir='ltr'>qua</span> <span class='ocrx_word' id='word_1_238' title='bbox 2204 2532 2398 2585; x_wconf 87' lang='lat' dir='ltr'>eximia</span> 
     </span>
     <span class='ocr_line' id='line_1_28' title="bbox 424 2615 2396 2690; baseline -0.001 -16"><span class='ocrx_word' id='word_1_239' title='bbox 424 2626 505 2674; x_wconf 88' lang='lat' dir='ltr'>est</span> <span class='ocrx_word' id='word_1_240' title='bbox 545 2618 818 2672; x_wconf 87' lang='lat' dir='ltr'>annotatio</span> <span class='ocrx_word' id='word_1_241' title='bbox 858 2615 999 2687; x_wconf 87' lang='lat' dir='ltr'>apud</span> <span class='ocrx_word' id='word_1_242' title='bbox 1050 2615 1271 2670; x_wconf 89' lang='lat' dir='ltr'>Suidam</span> <span class='ocrx_word' id='word_1_243' title='bbox 1312 2633 1374 2671; x_wconf 89' lang='lat' dir='ltr'>ex</span> <span class='ocrx_word' id='word_1_244' title='bbox 1418 2618 1596 2671; x_wconf 89' lang='lat' dir='ltr'>nescio</span> <span class='ocrx_word' id='word_1_245' title='bbox 1638 2635 1743 2689; x_wconf 89' lang='lat' dir='ltr'>quo</span> <span class='ocrx_word' id='word_1_246' title='bbox 1786 2618 2093 2688; x_wconf 85' lang='lat' dir='ltr'>pererudito</span> <span class='ocrx_word' id='word_1_247' title='bbox 2131 2636 2396 2690; x_wconf 87' lang='lat' dir='ltr'>gramma-</span> 
     </span>
     <span class='ocr_line' id='line_1_29' title="bbox 422 2704 2394 2775; baseline -0.001 -14"><span class='ocrx_word' id='word_1_248' title='bbox 422 2708 529 2761; x_wconf 86' lang='lat' dir='ltr'>tico</span> <span class='ocrx_word' id='word_1_249' title='bbox 585 2704 882 2775; x_wconf 82' lang='lat' dir='ltr'>descripta:</span> <span class='ocrx_word' id='word_1_250' title='bbox 939 2706 1316 2769; x_wconf 73' lang='grc' dir='ltr'>Ἀγλευκὲς</span> <span class='ocrx_word' id='word_1_251' title='bbox 1374 2707 1431 2759; x_wconf 84' lang='grc' dir='ltr'>τὸ</span> <span class='ocrx_word' id='word_1_252' title='bbox 1484 2706 1633 2767; x_wconf 67' lang='grc' dir='ltr'><em>ἀηδὲς</em></span> <span class='ocrx_word' id='word_1_253' title='bbox 1691 2710 1918 2775; x_wconf 78' lang='grc' dir='ltr'><em>Ξενοφῶν</em></span> <span class='ocrx_word' id='word_1_254' title='bbox 1973 2707 2162 2774; x_wconf 72' lang='grc' dir='ltr'><em>εἴρηκεν</em></span> <span class='ocrx_word' id='word_1_255' title='bbox 2221 2709 2270 2760; x_wconf 83' lang='grc' dir='ltr'>ἐν</span> <span class='ocrx_word' id='word_1_256' title='bbox 2323 2708 2394 2774; x_wconf 76' lang='grc' dir='ltr'>τῷ</span> 
     </span>
     <span class='ocr_line' id='line_1_30' title="bbox 426 2791 2436 2861; baseline -0.001 -12"><span class='ocrx_word' id='word_1_257' title='bbox 426 2794 752 2861; x_wconf 77' lang='grc' dir='ltr'><em>Οἰκονομικῷ.</em></span> <span class='ocrx_word' id='word_1_258' title='bbox 833 2799 993 2846; x_wconf 85' lang='grc' dir='ltr'><em>Δοκεῖ</em></span> <span class='ocrx_word' id='word_1_259' title='bbox 1045 2793 1097 2846; x_wconf 80' lang='grc' dir='ltr'>δὲ</span> <span class='ocrx_word' id='word_1_260' title='bbox 1150 2791 1339 2855; x_wconf 75' lang='grc' dir='ltr'><em>ξενικὸν</em></span> <span class='ocrx_word' id='word_1_261' title='bbox 1392 2794 1450 2847; x_wconf 78' lang='grc' dir='ltr'>τὸ</span> <span class='ocrx_word' id='word_1_262' title='bbox 1503 2793 1696 2860; x_wconf 73' lang='grc' dir='ltr'><em>ὅνομοο,</em></span> <span class='ocrx_word' id='word_1_263' title='bbox 1739 2795 2023 2849; x_wconf 78' lang='grc' dir='ltr'><em>Σικελικόν.</em></span> <span class='ocrx_word' id='word_1_264' title='bbox 2077 2796 2208 2848; x_wconf 77' lang='grc' dir='ltr'><em>πολὺ</em></span> <span class='ocrx_word' id='word_1_265' title='bbox 2267 2799 2392 2859; x_wconf 71' lang='grc' dir='ltr'><em>γοῦν</em></span> <span class='ocrx_word' id='word_1_266' title='bbox 2435 2829 2436 2860; x_wconf 70' lang='lat'>3</span> 
     </span>
     <span class='ocr_line' id='line_1_31' title="bbox 422 2875 2436 2953; baseline 0 -18"><span class='ocrx_word' id='word_1_267' title='bbox 422 2885 497 2940; x_wconf 82' lang='grc' dir='ltr'>ἑςι</span> <span class='ocrx_word' id='word_1_268' title='bbox 537 2881 697 2936; x_wconf 68' lang='grc' dir='ltr'><em>πάλιν</em></span> <span class='ocrx_word' id='word_1_269' title='bbox 741 2879 877 2951; x_wconf 88' lang='lat' dir='ltr'>(dele</span> <span class='ocrx_word' id='word_1_270' title='bbox 918 2879 1099 2953; x_wconf 64' lang='grc' dir='ltr'><em>πάλιν)</em></span> <span class='ocrx_word' id='word_1_271' title='bbox 1140 2883 1283 2949; x_wconf 70' lang='grc' dir='ltr'><em>ποοροὶ</em></span> <span class='ocrx_word' id='word_1_272' title='bbox 1323 2883 1393 2948; x_wconf 80' lang='grc' dir='ltr'>τῷ</span> <span class='ocrx_word' id='word_1_273' title='bbox 1436 2883 1666 2936; x_wconf 79' lang='grc' dir='ltr'><em>Ῥίνθωνι.</em></span> <span class='ocrx_word' id='word_1_274' title='bbox 1746 2882 1845 2936; x_wconf 68' lang='lat' dir='ltr'>Koa}</span> <span class='ocrx_word' id='word_1_275' title='bbox 1903 2883 2392 2950; x_wconf 72' lang='grc' dir='ltr'><em>οέγλευκέςερον</em></span> <span class='ocrx_word' id='word_1_276' title='bbox 2434 2875 2436 2899; x_wconf 74' lang='lat'><em>³</em></span> 
     </span>
     <span class='ocr_line' id='line_1_32' title="bbox 417 2967 2394 3038; baseline -0.001 -13"><span class='ocrx_word' id='word_1_277' title='bbox 417 2971 531 3025; x_wconf 70' lang='grc' dir='ltr'>ἀντὶ</span> <span class='ocrx_word' id='word_1_278' title='bbox 573 2973 661 3023; x_wconf 79' lang='grc' dir='ltr'>τοῦ</span> <span class='ocrx_word' id='word_1_279' title='bbox 701 2967 964 3035; x_wconf 65' lang='grc' dir='ltr'><em>ἀηδές-ερον</em></span> <span class='ocrx_word' id='word_1_280' title='bbox 1006 2970 1235 3038; x_wconf 77' lang='grc' dir='ltr'><em>Ξενοφῶν</em></span> <span class='ocrx_word' id='word_1_281' title='bbox 1269 2969 1461 3036; x_wconf 82' lang='grc' dir='ltr'><em>Ἱέρωνι.</em></span> <span class='ocrx_word' id='word_1_282' title='bbox 1544 2970 1713 3023; x_wconf 89' lang='lat' dir='ltr'>Locus</span> <span class='ocrx_word' id='word_1_283' title='bbox 1751 2977 1831 3024; x_wconf 87' lang='lat' dir='ltr'>est</span> <span class='ocrx_word' id='word_1_284' title='bbox 1871 2970 1911 3023; x_wconf 91' lang='lat' dir='ltr'>I.</span> <span class='ocrx_word' id='word_1_285' title='bbox 1956 2974 2055 3034; x_wconf 72' lang='lat'>21,</span> <span class='ocrx_word' id='word_1_286' title='bbox 2097 2970 2188 3024; x_wconf 89' lang='lat' dir='ltr'>ubi</span> <span class='ocrx_word' id='word_1_287' title='bbox 2225 2972 2394 3036; x_wconf 75' lang='grc' dir='ltr'><em>οέγλυ-</em></span> 
     </span>
     <span class='ocr_line' id='line_1_33' title="bbox 421 3056 2389 3129; baseline 0.002 -18"><span class='ocrx_word' id='word_1_288' title='bbox 421 3060 617 3126; x_wconf 82' lang='grc' dir='ltr'><em>κέςερον</em></span> <span class='ocrx_word' id='word_1_289' title='bbox 651 3057 706 3108; x_wconf 88' lang='lat' dir='ltr'>in</span> <span class='ocrx_word' id='word_1_290' title='bbox 727 3056 878 3109; x_wconf 89' lang='lat' dir='ltr'>libris</span> <span class='ocrx_word' id='word_1_291' title='bbox 902 3063 1011 3120; x_wconf 90' lang='lat' dir='ltr'>est,</span> <span class='ocrx_word' id='word_1_292' title='bbox 1047 3057 1496 3128; x_wconf 85' lang='lat' dir='ltr'>quemadmodum</span> <span class='ocrx_word' id='word_1_293' title='bbox 1530 3058 1582 3111; x_wconf 92' lang='lat' dir='ltr'>in</span> <span class='ocrx_word' id='word_1_294' title='bbox 1614 3058 1837 3129; x_wconf 88' lang='lat' dir='ltr'>Longini</span> <span class='ocrx_word' id='word_1_295' title='bbox 1861 3058 2145 3112; x_wconf 89' lang='lat' dir='ltr'>Rhetorica</span> <span class='ocrx_word' id='word_1_296' title='bbox 2185 3076 2234 3129; x_wconf 90' lang='lat' dir='ltr'>p.</span> <span class='ocrx_word' id='word_1_297' title='bbox 2262 3063 2389 3115; x_wconf 81' lang='lat'>159.</span> 
     </span>
     <span class='ocr_line' id='line_1_34' title="bbox 420 3143 2374 3212; baseline -0.001 -11"><span class='ocrx_word' id='word_1_298' title='bbox 420 3147 548 3201; x_wconf 82' lang='lat' dir='ltr'>Bak.</span> <span class='ocrx_word' id='word_1_299' title='bbox 584 3146 640 3198; x_wconf 91' lang='lat' dir='ltr'>in</span> <span class='ocrx_word' id='word_1_300' title='bbox 672 3143 873 3198; x_wconf 87' lang='lat' dir='ltr'>verbis:</span> <span class='ocrx_word' id='word_1_301' title='bbox 915 3147 969 3198; x_wconf 83' lang='grc' dir='ltr'>οὐ</span> <span class='ocrx_word' id='word_1_302' title='bbox 1010 3145 1113 3212; x_wconf 69' lang='grc' dir='ltr'>γοὶρ</span> <span class='ocrx_word' id='word_1_303' title='bbox 1154 3143 1318 3211; x_wconf 70' lang='grc' dir='ltr'><em>ὅμοιον</em></span> <span class='ocrx_word' id='word_1_304' title='bbox 1346 3178 1421 3186; x_wconf 92' lang='grc'>--</span> <span class='ocrx_word' id='word_1_305' title='bbox 1452 3148 1510 3200; x_wconf 76' lang='grc' dir='ltr'>τὸ</span> <span class='ocrx_word' id='word_1_306' title='bbox 1547 3147 1696 3208; x_wconf 73' lang='grc' dir='ltr'><em>οέηδὲς</em></span> <span class='ocrx_word' id='word_1_307' title='bbox 1734 3146 2080 3211; x_wconf 68' lang='grc' dir='ltr'>ἀγλευκὲς</span> <span class='ocrx_word' id='word_1_308' title='bbox 2122 3148 2282 3201; x_wconf 81' lang='grc' dir='ltr'><em>εἰπεῖν</em></span> <span class='ocrx_word' id='word_1_309' title='bbox 2315 3179 2374 3186; x_wconf 88' lang='grc'><strong>-</strong></span> 
     </span>
     <span class='ocr_line' id='line_1_35' title="bbox 421 3232 2386 3299; baseline -0.001 -9"><span class='ocrx_word' id='word_1_310' title='bbox 421 3236 506 3290; x_wconf 67' lang='lat' dir='ltr'>ux}</span> <span class='ocrx_word' id='word_1_311' title='bbox 549 3234 606 3288; x_wconf 79' lang='grc' dir='ltr'>τὸ</span> <span class='ocrx_word' id='word_1_312' title='bbox 643 3232 800 3286; x_wconf 70' lang='grc' dir='ltr'><em>καλὸν</em></span> <span class='ocrx_word' id='word_1_313' title='bbox 854 3234 1309 3299; x_wconf 67' lang='grc' dir='ltr'><em>περικαλλές,</em></span> <span class='ocrx_word' id='word_1_314' title='bbox 1365 3234 1608 3288; x_wconf 89' lang='lat' dir='ltr'>nonnulli</span> <span class='ocrx_word' id='word_1_315' title='bbox 1663 3235 1787 3287; x_wconf 85' lang='lat' dir='ltr'>libri</span> <span class='ocrx_word' id='word_1_316' title='bbox 1834 3235 2065 3299; x_wconf 69' lang='grc' dir='ltr'><em>οέγλυκές</em></span> <span class='ocrx_word' id='word_1_317' title='bbox 2119 3233 2386 3288; x_wconf 86' lang='lat' dir='ltr'>exhibent.</span> 
     </span>
     <span class='ocr_line' id='line_1_36' title="bbox 420 3318 2436 3393; baseline -0.001 -15"><span class='ocrx_word' id='word_1_318' title='bbox 420 3320 706 3389; x_wconf 70' lang='grc' dir='ltr'><strong><em>Ἀγλευκές</em></strong></span> <span class='ocrx_word' id='word_1_319' title='bbox 752 3319 806 3373; x_wconf 92' lang='lat' dir='ltr'>in</span> <span class='ocrx_word' id='word_1_320' title='bbox 863 3318 1199 3374; x_wconf 88' lang='lat' dir='ltr'>Oeconomici</span> <span class='ocrx_word' id='word_1_321' title='bbox 1249 3322 1566 3384; x_wconf 83' lang='lat' dir='ltr'>CodicibuS,</span> <span class='ocrx_word' id='word_1_322' title='bbox 1623 3323 1715 3393; x_wconf 90' lang='lat' dir='ltr'>qui</span> <span class='ocrx_word' id='word_1_323' title='bbox 1757 3329 2005 3385; x_wconf 89' lang='lat' dir='ltr'>exstant,</span> <span class='ocrx_word' id='word_1_324' title='bbox 2062 3323 2116 3374; x_wconf 91' lang='lat' dir='ltr'>in</span> <span class='ocrx_word' id='word_1_325' title='bbox 2166 3322 2388 3388; x_wconf 77' lang='grc' dir='ltr'><em>οέτερπές</em></span> <span class='ocrx_word' id='word_1_326' title='bbox 2435 3319 2436 3346; x_wconf 75' lang='lat'><em>³</em></span> 
     </span>
     <span class='ocr_line' id='line_1_37' title="bbox 420 3407 2436 3507; baseline -0.001 -42"><span class='ocrx_word' id='word_1_327' title='bbox 420 3411 552 3466; x_wconf 87' lang='lat' dir='ltr'>abiit</span> <span class='ocrx_word' id='word_1_328' title='bbox 591 3425 705 3480; x_wconf 89' lang='lat' dir='ltr'>cap.</span> <span class='ocrx_word' id='word_1_329' title='bbox 744 3407 883 3462; x_wconf 85' lang='lat' dir='ltr'>VIII.</span> <span class='ocrx_word' id='word_1_330' title='bbox 929 3410 957 3477; x_wconf 83' lang='lat'>§</span> <span class='ocrx_word' id='word_1_331' title='bbox 999 3412 1050 3462; x_wconf 82' lang='lat'>5.</span> <span class='ocrx_word' id='word_1_332' title='bbox 1127 3409 1224 3462; x_wconf 89' lang='lat' dir='ltr'>Est</span> <span class='ocrx_word' id='word_1_333' title='bbox 1262 3409 1316 3461; x_wconf 91' lang='lat' dir='ltr'>in</span> <span class='ocrx_word' id='word_1_334' title='bbox 1356 3410 1584 3463; x_wconf 90' lang='lat' dir='ltr'>Hierone</span> <span class='ocrx_word' id='word_1_335' title='bbox 1633 3411 1769 3463; x_wconf 89' lang='lat' dir='ltr'>alius</span> <span class='ocrx_word' id='word_1_336' title='bbox 1809 3411 1990 3474; x_wconf 83' lang='lat' dir='ltr'>locuS,</span> <span class='ocrx_word' id='word_1_337' title='bbox 2034 3410 2122 3463; x_wconf 92' lang='lat' dir='ltr'>ubi</span> <span class='ocrx_word' id='word_1_338' title='bbox 2163 3409 2436 3507; x_wconf 14' lang='lat' dir='ltr'>vocabu-*¹3</span> 
     </span>
     <span class='ocr_line' id='line_1_38' title="bbox 420 3495 2430 3569; baseline -0.001 -17"><span class='ocrx_word' id='word_1_339' title='bbox 420 3500 528 3553; x_wconf 91' lang='lat' dir='ltr'>lum</span> <span class='ocrx_word' id='word_1_340' title='bbox 570 3498 808 3569; x_wconf 89' lang='lat' dir='ltr'>priscum</span> <span class='ocrx_word' id='word_1_341' title='bbox 849 3502 903 3550; x_wconf 90' lang='lat' dir='ltr'>et</span> <span class='ocrx_word' id='word_1_342' title='bbox 942 3495 1006 3549; x_wconf 90' lang='lat' dir='ltr'>ab</span> <span class='ocrx_word' id='word_1_343' title='bbox 1053 3496 1354 3551; x_wconf 89' lang='lat' dir='ltr'>Atticorum</span> <span class='ocrx_word' id='word_1_344' title='bbox 1406 3503 1578 3551; x_wconf 87' lang='lat' dir='ltr'>aetate</span> <span class='ocrx_word' id='word_1_345' title='bbox 1618 3503 1814 3551; x_wconf 84' lang='lat' dir='ltr'>et·usu</span> <span class='ocrx_word' id='word_1_346' title='bbox 1871 3498 2258 3553; x_wconf 88' lang='lat' dir='ltr'>alienissimum</span> <span class='ocrx_word' id='word_1_347' title='bbox 2311 3496 2383 3550; x_wconf 91' lang='lat' dir='ltr'>le·</span> <span class='ocrx_word' id='word_1_348' title='bbox 2428 3509 2430 3517; x_wconf 80' lang='grc'>’</span> 
     </span>
     <span class='ocr_line' id='line_1_39' title="bbox 418 3583 2429 3656; baseline -0.001 -16"><span class='ocrx_word' id='word_1_349' title='bbox 418 3588 565 3656; x_wconf 81' lang='lat' dir='ltr'>gitur</span> <span class='ocrx_word' id='word_1_350' title='bbox 605 3585 695 3642; x_wconf 90' lang='lat' dir='ltr'>XI.</span> <span class='ocrx_word' id='word_1_351' title='bbox 739 3589 791 3639; x_wconf 82' lang='lat'>5.</span> <span class='ocrx_word' id='word_1_352' title='bbox 845 3583 1018 3645; x_wconf 72' lang='grc' dir='ltr'><em>ὅπλοις</em></span> <span class='ocrx_word' id='word_1_353' title='bbox 1071 3593 1174 3645; x_wconf 79' lang='grc' dir='ltr'><em>τοῖς</em></span> <span class='ocrx_word' id='word_1_354' title='bbox 1232 3585 1798 3649; x_wconf 76' lang='grc' dir='ltr'><em>ἕκποογλοτοὶτοις</em></span> <span class='ocrx_word' id='word_1_355' title='bbox 1844 3589 2003 3649; x_wconf 68' lang='grc' dir='ltr'><em>αὐτὸς</em></span> <span class='ocrx_word' id='word_1_356' title='bbox 2060 3604 2376 3641; x_wconf 75' lang='grc' dir='ltr'><em>κοιτοοκεκοσ-</em></span> <span class='ocrx_word' id='word_1_357' title='bbox 2427 3587 2429 3626; x_wconf 71' lang='lat'><em>3</em></span> 
     </span>
    </p>
   </div>
  </div>
 </body>
</html>
