2436 4068
1316 170 1420 219 740

396 321 573 391 inepte
614 318 720 372 illic
771 334 883 371 esse
926 316 1179 368 insertam
1225 330 1284 365 ac
1341 315 1385 365 si
1428 313 1549 383 quis
1597 310 1931 383 Xenophonti
1978 313 2225 368 Latinum
2267 316 2361 369 ali-

398 407 538 479 quod
579 405 892 459 vocabulum
935 401 1218 455 obtrudere
1259 399 1544 453 voluisset?
1625 400 1683 452 In
1736 401 1946 470 integro
2001 401 2363 473 Xenophontis
2424 452 2425 483 ;

393 496 527 548 libro
569 493 971 547 Atheniensium
1026 490 1204 543 nescio
1246 505 1402 559 quem
1454 488 1890 558 reprehensorem
1945 488 2140 543 dixisse
2193 492 2360 561 suspi-
2424 492 2425 523 ³

394 599 518 635 cor:
567 582 758 634 δοκοῦσι
800 581 851 633 δὲ
891 580 1143 640 Ἀθηναῖοι
1184 577 1269 629 καὶ
1313 576 1464 629 τοῦτό
1511 596 1620 641 μοι
1673 579 1761 630 οὐκ
1813 578 1954 642 ὀρθῶς
1995 577 2367 643 βουλεύεσθαι,

396 671 481 724 cui
526 668 770 723 defensor
806 667 999 737 aliquis
1041 665 1445 719 Atheniensium
1489 664 1850 734 responderit:
1893 667 1934 719 οἱ
1968 666 2020 718 δὲ
2056 670 2203 719 τοῦτο
2240 667 2364 730 yma-
2426 661 2429 704 5

394 779 466 826 μη
503 761 751 819 ποιοῦσιν,
809 753 997 808 deinde
1037 753 1166 806 haec
1217 752 1394 804 onmia
1437 751 1500 804 ab
1551 752 1728 822 aliquo
1774 753 1850 805 sic
1891 753 1946 806 in
1992 753 2206 807 brevius
2246 771 2366 807 con·
2428 818 2430 824 y

395 852 566 898 tracta
609 861 758 907 esse,
802 851 859 896 ut
901 841 1160 895 videmus.
1243 839 1344 894 Sed
1385 839 1514 893 haec
1553 840 1818 894 indicasse
1855 842 1984 894 satis
2027 847 2168 895 esto:
2223 859 2365 896 nunc
2427 826 2436 916 ⁷¹

394 931 583 986 videbo
623 931 814 1003 ecquid
860 929 1108 1001 prodesse
1151 931 1344 999 possim
1394 928 1523 981 locis
1575 928 1892 999 quibusdam
1956 931 2223 1000 corruptis
2263 929 2376 1004 illis
2429 916 2436 976 ³}

397 1021 610 1092 quidem
663 1020 754 1074 sed
798 1037 900 1072 non
950 1018 1106 1089 plane
1149 1015 1542 1088 pessumdatiS,
1595 1015 1687 1069 ubi
1729 1034 1894 1087 quum
1936 1016 2195 1088 pleraque
2243 1034 2368 1089 pars
2435 1017 2436 1020 ’

399 1107 681 1162 verborum
732 1125 860 1161 sana
899 1114 950 1160 et
990 1107 1199 1175 integra
1239 1106 1308 1158 sit
1349 1106 1529 1159 sanari
1578 1106 1744 1175 possit
1793 1104 1881 1158 illa
1922 1106 2186 1176 particula
2233 1122 2367 1177 quae

392 1196 564 1250 labem
610 1203 662 1250 et
704 1196 898 1250 vitium
939 1194 1198 1264 concepit.

470 1285 530 1338 In
563 1301 676 1355 cap.
710 1285 748 1338 Ι.
795 1286 824 1354 §
860 1287 925 1336 2:
968 1287 1156 1349 πρῶτον
1195 1282 1289 1346 μὲν
1333 1277 1447 1344 οὖν,
1487 1280 1700 1351 inquit,
1739 1285 1878 1335 τοῦτ’
1917 1283 2005 1350 ἐρῶ
2044 1280 2120 1336 ὅτι
2165 1283 2366 1344 δικαίως

395 1372 569 1426 αὐτόθι
619 1372 725 1444 [καὶ
768 1374 810 1425 οἱ
852 1371 1064 1433 πένητες
1103 1369 1216 1439 καὶ]
1259 1371 1280 1422 ὅ
1321 1369 1477 1433 δῆμος
1516 1368 1668 1422 πλέον
1707 1368 1819 1436 ἔχει
1859 1375 1954 1423 τῶν
1998 1371 2250 1435 ,γενναίων
2283 1370 2370 1425 καὶ
2434 1369 2436 1380 '

397 1466 496 1515 τῶν
548 1461 818 1515 πλουσίων.
901 1457 1144 1512 Ridicule
1197 1458 1600 1527 coniunguntur
1650 1458 1702 1510 in
1747 1459 2008 1528 scriptore
2058 1460 2234 1513 Attico
2284 1460 2370 1514 καὶ
2434 1455 2436 1459 ’

398 1552 440 1603 οἱ
485 1550 697 1611 πένητες
739 1547 825 1602 καὶ
862 1548 883 1600 0‘
932 1547 1118 1611 δῆμος,
1172 1545 1657 1616 quemadmodum,
1711 1552 1771 1598 ut
1811 1546 1908 1600 hoc
1953 1554 2103 1611 utar,
2157 1551 2185 1611 ἧ
2229 1561 2374 1602 πολι·

399 1638 515 1691 τεία
555 1636 641 1690 καὶ
679 1639 706 1700 ἦ
746 1635 1098 1702 δημοκρατία,
1159 1649 1390 1703 namque
1430 1636 1458 1695 ἡ
1500 1634 1817 1700 δημοκρατίαι
1859 1634 1923 1688 ab
1965 1636 2158 1689 Atticis
2198 1636 2370 1708 appel·
2403 1657 2406 1662 ¹

399 1725 544 1779 latur
585 1729 613 1788 ἡ
655 1725 927 1787 πολιτεία,
983 1729 1034 1776 et
1074 1724 1116 1775 οἱ
1156 1722 1370 1783 πένητες
1422 1720 1485 1774 ab
1528 1722 1593 1774 iis
1634 1721 1891 1776 dicuntur
1926 1724 1948 1776 ὃ
1988 1725 2162 1789 δῆμος.
2245 1725 2372 1778 Utar
2406 1711 2409 1718 V

402 1831 508 1867 uno
563 1813 904 1877 testimoniO,
961 1811 1209 1883 quoniam
1258 1809 1543 1863 admodum
1594 1809 1929 1866 luculentum
1988 1819 2086 1866 est.
2166 1812 2225 1865 In
2271 1813 2374 1866 Me-

403 1902 605 1955 morab.
647 1902 734 1955 IV.
777 1920 831 1957 11.
876 1905 944 1956 57
968 1920 980 1955 :
1041 1899 1286 1954 Socrates
1338 1916 1402 1953 ex
1452 1899 1791 1972 Euthydemo
1832 1902 2073 1970 quaerit:
2126 1901 2266 1956 δοκεῖ
2299 1922 2374 1956 σοι
2416 1902 2418 1904 ’

403 1990 614 2045 δυνατὸν
654 1988 780 2044 εἶναι
822 1988 1166 2055 δημοκρατίαν
1207 1987 1389 2041 εἰδέναι
1431 1989 1505 2052 μη
1551 1988 1722 2041 εἰδότα
1772 1989 1958 2053 δῆμονς
1996 1989 2094 2042 Mo}
2135 1990 2248 2054 Δί’,
2287 1993 2375 2044 οὐκ
2416 2011 2418 2014 ·

401 2078 609 2143 ἔμοιγε,
651 2077 949 2149 respondet.
1031 2077 1166 2130 Tum
1211 2075 1484 2130 Socrates:
1541 2075 1629 2130 καὶ
1668 2077 1723 2130 τί
1760 2075 1976 2142 νομίζεις
2016 2077 2171 2142 δῆμον
2212 2074 2374 2140 εἷναι;
2416 2071 2419 2086 ²

400 2167 498 2220 Cui
535 2166 652 2220 ille:
693 2167 846 2226 τοὺς
900 2165 1199 2227 πένητας
1253 2170 1374 2218 τῶν
1428 2171 1725 2219 πολιτῶν
1793 2165 1979 2230 ἔγωγε.
2060 2166 2246 2238 Itaque
2281 2168 2374 2238 qui
2414 2170 2422 2235 ξῖ

403 2256 711 2309 meminerit
751 2255 949 2325 passim
989 2255 1073 2307 τὸν
1113 2255 1268 2319 δῆμον
1309 2261 1361 2306 et
1399 2255 1514 2314 τοὺς
1555 2254 1825 2314 πλουσίους
1874 2254 2014 2307 inter
2053 2270 2108 2308 se
2148 2256 2375 2325 opponi,

404 2361 508 2396 non
551 2342 814 2396 dubitabit
855 2341 1161 2412 sequiorum
1217 2340 1473 2394 emblema
1514 2358 1772 2396 resecare.
1855 2341 1990 2395 Hinc
2027 2342 2189 2396 simul
2243 2345 2375 2415 opti·

403 2448 488 2484 me
547 2430 870 2500 intelligitur
921 2429 1049 2500 quid
1106 2430 1174 2483 sit
1228 2434 1315 2483 τοῦ
1366 2431 1524 2494 δήμου
1578 2426 1706 2482 εἶναι
1748 2435 1800 2482 et
1855 2446 2012 2499 quam
2071 2431 2250 2500 inepta
2307 2417 2419 2486 sit³

406 2519 677 2589 scriptura
720 2534 854 2588 quae
911 2517 1034 2570 olim
1090 2517 1367 2588 legebatur
1408 2517 1472 2571 ΙΙ.
1519 2520 1620 2571 19;
1674 2515 1860 2576 ὄντες
1918 2520 1982 2578 ὡς
2021 2519 2219 2579 ἀληθῶς
2261 2522 2375 2572 τοῦ
2414 2510 2425 2578 f

405 2607 615 2671 δήμου
671 2608 762 2668 την
816 2607 1010 2674 φύσιν,
1061 2609 1115 2659 οὐ
1173 2606 1433 2671 δημοτικοί
1483 2606 1622 2658 εἷο-ιν.
1704 2604 1866 2671 Quasi
1911 2622 2036 2659 vero
2093 2606 2423 2677 quisquamA

406 2694 558 2755 πένης
608 2703 670 2762 τῇ
725 2695 919 2761 φύσει,
981 2710 1082 2747 non
1125 2703 1186 2763 τῇ
1227 2695 1401 2764 τύχη,
1457 2700 1633 2765 posset
1684 2710 1816 2747 esse.
1899 2693 2046 2760 Quod
2088 2710 2231 2747 nunc
2271 2691 2424 2758 edi-3⁴,

406 2787 527 2835 tur:
586 2780 697 2834 ἔνιοι
738 2782 946 2846 γνόντες
1000 2785 1063 2843 ὡς
1104 2783 1301 2844 άληθῶς
1342 2786 1431 2836 τοῦ
1474 2782 1631 2847 δήμου
1683 2782 1774 2842 την
1812 2782 1967 2850 φύσιν
2014 2784 2067 2835 οὐ
2111 2783 2375 2847 δημοτικοί

407 2870 562 2932 εἰσιν,
617 2886 720 2921 non
761 2886 863 2922 uno
908 2871 1122 2924 nomine
1172 2870 1425 2923 vitiosum
1467 2876 1564 2924 est.
1643 2868 1775 2923 Male
1829 2871 1971 2923 enim
2020 2869 2227 2935 γνόντες
2278 2887 2374 2940 pro

405 2956 592 3016 εἰδότες
635 2962 716 3010 est
753 2958 1017 3027 positum,
1058 2963 1110 3011 et
1146 2960 1210 3018 ὥς
1252 2960 1447 3019 άληθῶς
1492 2957 1567 3032 (id
1605 2963 1683 3010 est
1722 2956 1891 3029 ὅντως)
1937 2974 2030 3028 pro
2067 2955 2138 3011 εὖ.
2218 2958 2373 3011 Prae-

406 3052 552 3098 terea
589 3051 693 3104 τοῖς
743 3046 1067 3109 μισοδημοις,
1123 3044 1295 3115 qualis
1339 3045 1626 3117 Xenophon
1678 3052 1827 3106 erat,
1889 3061 1991 3097 non
2044 3043 2427 3119 putabantur

411 3131 571 3186 ἔνιοι
626 3137 723 3185 τῶν
777 3129 833 3185 εὖ
872 3132 1070 3186 εἰδότων
1109 3138 1196 3186 τοῦ
1255 3134 1413 3198 δήμου
1463 3134 1554 3195 την
1590 3131 1747 3200 φύσιν
1786 3134 1874 3185 οὐκ
1915 3128 2040 3184 εἶναι
2082 3132 2374 3197 δημοτικοί,

409 3219 501 3274 sed
544 3218 943 3281 ἁπαξάπαντες.
1037 3219 1216 3273 Iudice
1276 3219 1653 3290 Xenophonte,
1711 3237 1916 3282 omnm,
1978 3219 2069 3289 qui
2123 3227 2371 3273 naturam

412 3311 499 3361 τοῦ
555 3307 714 3371 δήμου
773 3307 933 3378 probe
991 3313 1322 3379 perspectam
1381 3307 1666 3370 haberent,
1723 3323 1753 3359 a
1804 3305 2127 3361 democratia
2179 3307 2420 3362 alienos*

411 3411 525 3450 esse
579 3411 792 3449 necesse
852 3401 983 3449 erat.
1076 3395 1273 3448 Verum
1331 3411 1445 3447 esse
1496 3394 1741 3447 videtur:
1801 3392 1910 3447 ἔνιοι
1952 3395 2056 3462 γὰρ
2113 3394 2250 3457 ὄντες
2309 3399 2373 3455 ὥς

411 3484 606 3544 ἀληθῶς
648 3486 735 3536 τοῦ
779 3483 934 3548 δήμου
979 3482 1052 3556 (id
1089 3489 1166 3537 est
1203 3482 1319 3536 οὔτε
1355 3488 1575 3546 γενναῖοι
1617 3482 1732 3536 οὔτε
1765 3481 2046 3555 πλούσιοι),
2085 3485 2175 3546 την
2215 3484 2373 3551 φύσιν

413 3575 464 3625 οὐ
520 3571 779 3637 δημοτικοί
824 3573 946 3626 εἷο-ιν
1006 3571 1079 3644 (id
1131 3578 1208 3627 est
1267 3572 1702 3638 οέριςοκρατεῖσθαι
1763 3571 2037 3636 βούλονται
2098 3572 2370 3639 μᾶλλονῆ
