2436 4068
1316 167 1419 216 750

391 314 514 368 olim
554 314 592 369 l.
640 319 724 368 14.
771 312 1050 367 edebatur:
1092 311 1205 369 τοὺς
1246 310 1339 372 μὲν
1378 311 1598 376 χρηςοὺς
1638 312 1929 375 ἀτιμῶσι
1966 312 2051 363 καὶ
2092 314 2347 378 χρήματα

388 404 727 471 ἀφαιροῦνται
770 401 855 453 καὶ
904 397 1225 461 ἐξελαύνουσι
1280 397 1366 449 καὶ
1409 398 1804 452 ἀποκτείνουσιν.
1883 398 2178 452 Enumerat
2230 417 2348 470 poe·

391 507 486 543 nas
542 505 760 548 omneS‚
822 493 883 539 ut
939 484 1118 548 videS,
1177 484 1381 554 legibus
1445 485 1763 538 constitutas
1819 487 2071 551 ἀτιμίαν,
2128 487 2351 554 ζημίαν,

390 580 597 646 φυγήν,
639 575 884 638 θάνατον,
930 575 1109 644 itaque
1148 572 1347 642 absque
1404 571 1510 624 ullo
1551 572 1808 627 librorum
1851 574 2048 628 auxilio
2086 575 2355 640 ἀτιμοῦσιν

390 663 753 736 reponendum
795 678 909 716 esse
965 661 1285 732 apparebat,
1342 660 1481 730 quod
1523 676 1552 713 a
1603 660 1825 715 Stobaeo
1876 669 2144 716 servatum
2199 664 2356 717 unice

393 768 576 806 verum
614 767 729 805 esse
771 751 978 821 primus
1014 750 1253 803 omnium
1291 748 1575 802 Elmsleius
1616 748 1797 802 docuit
1828 749 1893 803 ad
1930 749 2203 821 Sophoclis
2235 752 2353 805 Aia-

391 856 503 893 cem
560 856 636 891 vS.
684 841 842 891 1129.
903 837 978 910 (in
1030 837 1162 890 Mus.
1217 837 1344 890 Crit.
1387 835 1634 890 Cantabr.
1677 837 1767 890 111.
1825 855 1875 908 p.
1916 836 2082 909 481),
2137 839 2229 908 qui
2269 855 2352 893 ea-

390 928 509 981 dem
553 942 710 998 opera
766 925 1047 990 ἠτίμωνται
1096 923 1327 978 evidenti
1383 923 1750 978 emendatione
1802 924 2136 995 Xenophonti
2182 925 2356 980 reddi·

391 1015 470 1068 ‹lit
522 1031 615 1085 pro
671 1018 920 1079 τιμῶνται
975 1018 1026 1066 et
1084 1014 1389 1076 ἀτιμῶνται.
1483 1011 1580 1064 Est
1635 1028 1823 1082 operae
1882 1014 2114 1083 pretium
2176 1013 2359 1068 Sedulo

391 1101 815 1156 animadvertere
855 1117 986 1171 quas
1027 1100 1213 1154 turbas
1251 1099 1454 1153 scribae
1496 1098 1622 1153 dare
1673 1099 1878 1153 soleant
1920 1101 1972 1153 in
2023 1099 2205 1154 formis
2244 1104 2358 1155 ἀτι-

387 1195 549 1255 μοῦν,
607 1191 806 1254 ἀτιμάν
862 1196 915 1243 et
966 1192 1253 1253 ἀτιμῆσαι,
1308 1186 1607 1251 ἀτιμάσαι,
1666 1189 1963 1253 ἀτιμῶσαι,
2017 1194 2069 1241 et
2121 1188 2350 1256 ἀτίζειν,

391 1277 697 1345 ἀτιμάζειν,
738 1277 802 1331 de
843 1293 946 1348 qua
984 1293 1042 1330 re
1079 1276 1274 1330 eximia
1309 1274 1566 1345 quaedam
1617 1277 1890 1329 annotavit
1929 1274 2213 1329 Elmsleius
2251 1275 2285 1330 l.
2320 1275 2355 1329 l.

395 1383 554 1436 quem
597 1372 813 1420 secutus
851 1372 902 1418 et
944 1365 1054 1434 ipse
1089 1363 1191 1416 alia
1232 1362 1488 1433 quaedam
1532 1364 1585 1416 in
1627 1363 1763 1417 hanc
1801 1380 1912 1417 rem
1956 1363 2086 1416 mihi
2125 1362 2359 1417 animad-

397 1470 549 1508 versa
602 1452 883 1523 proferam.
963 1454 1188 1516 Ἀτιμάν
1234 1451 1439 1520 priscae
1481 1450 1696 1520 linguae
1749 1451 1944 1521 Epicae
1985 1467 2141 1505 usum
2193 1457 2245 1505 et
2297 1451 2361 1504 fi-

397 1558 491 1595 nes
532 1557 635 1594 non
677 1539 919 1594 excedit:
975 1540 1169 1593 caeteri
1213 1554 1395 1592 omnes
1435 1545 1739 1592 constanter
1783 1538 2056 1607 ἀτιμάζειν
2097 1539 2359 1595 dicebant.

396 1629 658 1683 Homerus
693 1628 997 1699 promiscue
1036 1627 1211 1681 utitur
1249 1626 1423 1679 verbis
1460 1627 1549 1680 τίω
1585 1634 1637 1680 et
1676 1631 1867 1692 τιμάν,
1911 1627 2105 1698 quibus
2145 1629 2361 1699 opponit
2424 1646 2428 1651 ’

397 1717 589 1785 ἀτίζω,
629 1719 827 1782 ἀτιμάν
868 1723 920 1771 et
958 1714 1250 1783 ἀτιμάζειν.
1331 1712 1518 1787 OdySS.
1557 1723 1622 1768 Π.
1666 1718 1802 1769 306:

625 1807 751 1870 ἠμὲν
789 1802 912 1858 ὅπου
951 1826 1028 1865 τις
1068 1805 1154 1857 νῶϊ
1187 1803 1307 1857 τίει
1345 1803 1431 1856 καὶ
1475 1803 1621 1857 δείδιε
1665 1804 1801 1871 θυμῷ
1827 1846 1842 1866 ,

624 1894 698 1956 ἠδ’
737 1890 839 1953 ὅτις
880 1895 968 1947 οὐκ
1008 1892 1192 1956 ἀλέγει
1233 1891 1318 1946 καὶ
1358 1893 1564 1961 ἀτιμᾷ
1613 1898 1741 1945 τοῖον
1785 1890 1950 1946 ἐόντα.

401 1988 452 2035 et
507 1982 703 2052 passim
763 1980 905 2034 alibi.
999 1980 1213 2050 Tragici
1267 1979 1458 2046 ἀτίζειν
1510 1986 1563 2034 et
1610 1978 1882 2047 ἀτιμάζειν
1930 1977 2213 2043 dicebant,
2273 1979 2364 2035 sed

396 2072 592 2135 ἀτιμάν
634 2087 735 2123 ηοη
774 2068 1056 2131 dicebant,
1102 2084 1196 2139 pro
1236 2084 1341 2138 quo
1395 2070 1610 2133 ἀτιμοῦν
1651 2075 1703 2122 et
1744 2067 2057 2132 ἠτιμωμένος
2098 2083 2359 2123 nonnum-

397 2175 556 2228 quam
600 2157 945 2228 usurpabant.
1025 2156 1216 2209 Forma
1261 2156 1438 2226 prisca
1473 2163 1525 2210 et
1578 2154 1808 2208 obsoleta
1861 2155 2020 2223 ἀτίζω
2067 2155 2290 2210 subinde
2331 2173 2360 2211 a

396 2245 588 2299 scribis
623 2245 864 2316 iugulato
893 2251 1062 2299 metro
1101 2245 1155 2296 in
1189 2244 1427 2310 ἀτιμάζω
1462 2243 1853 2313 corrumpitur,
1895 2249 1954 2297 ut
1989 2242 2169 2298 docuit
2190 2245 2360 2298 Mark-
2418 2238 2426 2290 J'

397 2332 589 2387 landus
629 2333 693 2387 ad
729 2332 1002 2403 Euripidis
1045 2330 1319 2402 Supplices
1364 2349 1439 2384 vs.
1487 2335 1586 2395 18,
1627 2330 1718 2383 ubi
1762 2332 1815 2383 in
1857 2330 1978 2384 Cod.
2021 2338 2134 2385 est:

697 2420 914 2488 εἴργουσι
950 2421 991 2474 δ’
1030 2422 1071 2473 οἱ
1114 2424 1415 2486 κρατοῦντες
1457 2419 1558 2473 οὐδ’
1600 2419 1852 2486 ἀναίρεσιν

696 2510 862 2563 δοῦναι
903 2507 1097 2562 θέλουσι
1138 2508 1313 2572 νόμιμ’
1353 2506 1795 2574 ἀτιμάζοντες
1839 2508 1985 2569 θεῶν,

400 2613 493 2667 pro
532 2597 827 2664 ἀτίζοντες,
869 2604 920 2651 et
962 2598 1016 2649 in
1058 2595 1324 2650 Alcestide
1366 2613 1442 2648 vs.
1486 2599 1660 2650 1440:

697 2684 826 2740 οὔτοι
867 2687 915 2738 (τ’
953 2684 1281 2751 ἀτιμάζων
1321 2685 1421 2737 οὐδ’
1461 2684 1511 2735 ε’ν
1548 2685 1834 2750 αἰσχροῖσιν
1872 2684 2055 2745 τιθείς,

402 2788 495 2841 pro
533 2773 734 2839 ἀτίζων.
813 2773 998 2843 Itaque
1038 2773 1094 2825 in
1136 2771 1407 2842 Sophoclis
1448 2771 1605 2824 Aiace
1645 2787 1720 2824 vs,
1762 2774 1932 2832 1029,
1984 2771 2071 2824 ubi
2118 2772 2170 2824 in
2211 2770 2362 2825 libris

401 2867 510 2912 est:

700 2949 774 3011 μή
813 2969 894 3000 νυν
935 2949 1155 3013 ἀτίμα
1196 2949 1330 3008 θεοὺς
1373 2950 1496 3008 θεοῖς
1534 2948 1879 3014 σεσωσμένος,

401 3035 625 3105 ambigit
675 3035 960 3088 Elmsleius
1010 3043 1190 3090 utrum
1250 3036 1438 3101 ἀτίμου
1485 3053 1549 3089 an
1604 3035 1749 3104 ἀτιζε
1805 3037 1876 3090 sit
1929 3036 2121 3089 verius,
2200 3035 2362 3105 Equi·

402 3124 519 3177 dem
566 3139 668 3175 non
709 3122 1061 3176 dubitaverim
1103 3122 1248 3189 ἀτιζε
1306 3125 1588 3194 amplecti,
1645 3124 1783 3194 qnod
1825 3140 1989 3194 quum
2033 3121 2097 3175 ab
2151 3122 2362 3177 indocto

403 3211 576 3265 scriba
615 3213 667 3263 in
708 3210 936 3277 ἀτίμαζε
975 3218 1112 3264 esset
1151 3211 1495 3281 depravatum
1520 3255 1532 3275 ‚
1574 3214 1879 3282 supervenit
1918 3210 2049 3264 levis
2088 3211 2364 3265 Corrector

403 3300 495 3369 qui
541 3300 697 3352 metri
735 3315 894 3352 causa
940 3298 1179 3352 ultimam
1224 3299 1478 3371 syllabam
1520 3299 1779 3363 resecuit,
1822 3316 1985 3368 quum
2026 3299 2239 3352 tertiam
2280 3299 2366 3354 de-

401 3385 618 3440 buisset.
700 3386 978 3440 Submiror
1024 3385 1283 3457 quomodo
1316 3386 1607 3440 Elmsleius
1662 3386 1860 3457 aliquid
1904 3386 2154 3440 tribuerit
2204 3403 2362 3441 anno-

402 3473 725 3528 tatiunculae
764 3474 829 3528 ad
872 3474 922 3528 h.
955 3474 993 3530 l.
1071 3475 1327 3539 Ἀτίμα;
1385 3478 1536 3539 ἤγουν
1575 3475 1790 3540 ἀτίμους
1845 3475 1990 3529 ποίει.
2046 3474 2349 3542 ἀτιμάζω

399 3563 456 3614 τὸ
497 3567 828 3631 καταφρονῶ,
884 3564 1094 3628 ἀτιμῶ
1142 3563 1198 3617 τὸ
1246 3560 1426 3629 ἄτιμον
1488 3567 1604 3616 ποιῶ
1660 3563 1744 3616 καὶ
1813 3563 2206 3630 ἠτιμασμένος
2271 3562 2353 3616 ἐπὶ
