2436 4068
1347 229 1453 279 520

402 373 603 430 Eadem
655 374 791 428 ratio
842 379 922 425 est
959 372 1013 424 in
1065 369 1223 424 verbo
1267 373 1525 436 ἧγοὺμαιτ
1585 372 1676 441 qui
1718 372 1858 444 apud
1907 372 2256 431 Menandrum
2311 380 2386 434 ita

401 463 565 517 dicit:

779 547 994 612 ἡγεῖταί
1030 553 1089 613 μ’
1128 543 1255 607 ὅλως
1291 545 1299 620 Ι
1335 547 1643 602 ἑπικόπανόν
1683 570 1763 610 τι,

399 638 587 692 multis
630 636 940 690 verberibus
976 653 1007 690 a
1043 636 1223 690 nescio
1257 652 1362 706 quo
1408 643 1668 691 contusus
1706 638 1782 691 ita
1822 637 1975 695 dixit.
2053 641 2242 713 Itaque
2291 659 2380 699 ne*

398 744 502 798 que
541 724 683 797 apud
723 724 1043 779 Aeschinem
1084 724 1138 777 id
1179 723 1308 778 ferri
1347 731 1520 795 potest
1561 743 1734 796 neque
1785 728 1925 799 apud
1966 729 2098 784 alios
2139 738 2380 798 vetereS,

401 813 575 868 sicubi
617 813 757 866 idem
796 812 1050 866 mendum
1097 814 1445 885 conspicitur.

475 901 626 968 Quod
677 900 958 955 emendate
1005 901 1268 972 scriptum
1325 909 1407 956 est
1449 903 1502 954 in
1556 902 1789 957 Anabasi
1829 904 1896 959 ΙΙ.
1941 923 2010 958 vi.
2057 911 2119 960 11
2178 907 2229 961 ἐν
2286 909 2381 974 μὲν

395 989 478 1046 οὖν
519 998 625 1050 τοῖς
679 990 852 1050 δεινοῖς
897 990 1070 1052 ἤθελον
1122 991 1333 1043 αὐτοῦ
1387 989 1661 1044 ἀκούειν
1709 992 1910 1061 σφόδρα
1951 993 2038 1047 καὶ
2079 997 2168 1048 οὐκ
2221 993 2382 1050 ἄλλον

397 1082 599 1148 ᾑροῦντο
637 1081 680 1133 οἱ
721 1079 1034 1145 ςρατιῶται,
1092 1084 1144 1131 et
1184 1077 1274 1131 ΙΙΙ.
1318 1095 1364 1131 v.
1412 1081 1479 1130 16
1531 1078 1740 1140 τούτους
1780 1080 1831 1134 δὲ
1868 1079 2077 1149 ἔφασαν
2117 1114 2194 1123 -
2232 1097 2383 1139 πολε.

397 1167 575 1234 μικοὺς
617 1164 746 1220 εἶναι
787 1167 873 1220 καὶ
911 1166 1256 1232 βασιλέως
1298 1169 1412 1221 οὐκ
1448 1167 1738 1232 ἀκούειν,
1779 1176 1832 1222 et
1867 1168 2028 1235 alibi,
2069 1187 2225 1243 saepe
2261 1173 2383 1227 aliis

394 1256 528 1311 locis
581 1254 964 1310 Graeculorum
1013 1254 1255 1309 socordia
1312 1253 1662 1326 depravatum
1719 1263 1799 1310 est
1852 1266 1904 1311 et
1951 1258 2016 1311 ad
2075 1258 2386 1316 huiusmodi

396 1343 637 1415 exempla
679 1340 1076 1412 corrigendum.
1158 1341 1296 1409 Quid
1347 1343 1503 1397 velim
1565 1345 1766 1415 optime
1815 1345 2092 1417 apparebit
2132 1355 2185 1402 et
2224 1349 2384 1404 simul

399 1433 698 1487 sententiae
743 1447 891 1485 meae
948 1430 1244 1502 plurimum
1303 1431 1426 1486 fidei
1464 1432 1679 1486 accedet
1731 1450 1794 1487 ex
1847 1433 1961 1487 loco
2011 1436 2388 1492 Demosthenis

400 1540 450 1592 p.
496 1524 636 1585 158,
678 1524 745 1573 9:
786 1520 1081 1581 Ἀθηναίους
1121 1520 1211 1583 δὲ,
1252 1517 1323 1580 οἷς
1365 1519 1578 1586 πάτριόν
1634 1522 1708 1579 ἕςι
1755 1523 2026 1588 μηδενὸς
2078 1526 2390 1591 ἀκούειν,

398 1608 644 1663 ἀπάντων
699 1607 752 1661 δὲ
807 1615 1013 1674 κρατεῖν
1068 1607 1119 1661 ἐν
1171 1615 1277 1668 τοῖς
1331 1608 1608 1674 πολέμοις,
1665 1608 1754 1662 ubi
1794 1616 1960 1664 testes
2007 1629 2191 1666 omnes
2244 1613 2389 1668 fideli

399 1695 686 1752 concordia
721 1694 787 1748 ad
826 1713 922 1749 nos
959 1702 1325 1767 propagarunt
1366 1698 1691 1768 scripturam
1732 1699 1945 1763 μηδενὸς
1986 1702 2390 1768 ὑπακούειν,

401 1803 543 1840 unus
571 1791 784 1839 tantum
825 1801 888 1838 ex
932 1783 1182 1838 omnibus
1224 1783 1318 1838 sed
1356 1785 1583 1839 caeteris
1625 1785 1875 1840 omnibus
1914 1786 2017 1842 fide
2058 1796 2108 1843 et
2148 1792 2389 1845 auctori-

399 1882 511 1930 tate
549 1880 827 1946 praestans
876 1872 1169 1944 plurimum
1221 1873 1502 1927 Parisinus
1544 1873 1595 1927 S.
1640 1891 1734 1945 pro
1775 1876 2050 1931 ὑπακούειν
2092 1895 2273 1933 veram
2314 1878 2391 1935 le-

399 1965 632 2018 ctionem
680 1962 880 2017 ἀκούειν
935 1962 1185 2015 servavit.
1267 1961 1499 2033 Recepta
1554 1963 1739 2016 statim
1798 1970 1878 2017 est
1934 1972 2150 2036 propter
2207 1975 2390 2022 aucto-

401 2070 547 2116 rem,
588 2050 814 2105 debebat
851 2057 903 2104 et
942 2067 1006 2104 ex
1043 2066 1099 2104 se
1136 2057 1375 2121 spectata
1416 2051 1531 2104 sine
1571 2066 1722 2104 mora
1756 2053 1941 2123 recipi.
2024 2054 2162 2121 Quid
2193 2072 2389 2112 causae

401 2149 582 2196 autem
625 2140 790 2194 fuisse
831 2146 1112 2210 putemus,
1153 2155 1253 2192 cur
1294 2139 1346 2191 in
1398 2140 1672 2193 ὑπακούειν
1714 2142 1911 2194 caeteri
1954 2159 2137 2197 omnes
2177 2145 2390 2216 conspi-

397 2229 558 2285 rent?
639 2229 867 2283 Ἀκούειν
912 2228 1044 2288 τινός
1086 2244 1182 2298 pro
1219 2227 1382 2281 alicui
1418 2228 1553 2281 dieto
1592 2228 1886 2282 audientem
1938 2247 2046 2284 esse
2082 2231 2161 2285 vel
2198 2250 2388 2302 parere

400 2318 624 2373 alieuius
658 2317 875 2388 imperio
915 2317 1237 2387 antiquioris
1276 2316 1597 2371 Graecitatis
1630 2323 1740 2380 est,
1777 2318 1869 2388 qui
1912 2335 2045 2373 usus
2080 2337 2246 2390 quum
2289 2320 2389 2375 du·
2432 2317 2436 2375 f

404 2406 535 2462 dum
576 2405 917 2459 obsolevisset
958 2421 1053 2476 pro
1092 2404 1293 2458 ἀκούειν
1349 2421 1534 2458 omnes
1588 2405 1859 2460 ὑπακούειν
1910 2415 2219 2463 constanter
2274 2426 2390 2464 coe·

401 2503 600 2568 perunt
640 2494 854 2558 dicere,
906 2500 958 2548 et
1001 2496 1085 2563 (ut
1124 2494 1423 2547 sexcenties
1465 2492 1719 2566 vidimus)
1775 2511 1926 2548 suam
1969 2494 2220 2566 loquendi
2259 2515 2390 2552 con-

402 2583 743 2639 suetudinem
781 2583 836 2636 in
877 2582 1232 2653 Antiquitatis
1270 2588 1618 2635 monumenta
1660 2588 1862 2636 temere
1901 2583 2210 2639 transserre.
2289 2585 2388 2642 Est
2426 2572 2436 2649 f

402 2680 583 2728 autem
626 2671 680 2725 id
721 2677 1002 2743 propterea
1039 2679 1147 2724 tam
1186 2671 1437 2725 vitiosum
1479 2671 1605 2741 quia
1643 2671 1845 2725 ἀκούειν
1885 2689 1946 2725 eo
1986 2689 2148 2726 sensu
2196 2681 2385 2746 suapte
2420 2679 2434 2742 g>

405 2769 599 2816 natura
639 2760 952 2832 yem‘livum‚
990 2758 1082 2814 sed
1123 2759 1397 2814 ὑπακούειν
1450 2760 1680 2813 dativum
1717 2762 1986 2831 requirit,
2026 2762 2167 2832 quod
2219 2781 2430 2834 quum

403 2853 677 2920 sequiores
717 2849 988 2902 nescirent
1024 2847 1347 2909 foedissimis
1400 2848 1628 2902 maculis
1667 2848 1923 2904 Veterum
1966 2851 2167 2922 scripta
2208 2852 2386 2923 inqui·
2412 2844 2427 2887 's

405 2944 606 2994 narunt
629 2979 645 3001 ,
685 2936 989 2990 cuiusmodi
1024 2943 1106 2990 est
1138 2937 1351 3002 μηδενὸς
1390 2936 1664 2990 ὑπακούειν
1706 2954 1801 3008 pro
1838 2938 2033 3003 μηδενί.
2114 2939 2244 3007 Quis
2279 2957 2384 2996 non

401 3026 550 3081 hisce
591 3024 898 3078 admonitus
950 3023 1192 3079 fraudem
1250 3024 1400 3078 nobis
1449 3024 1647 3079 factam
1690 3042 1804 3080 esse
1845 3027 2152 3097 suspicetur
2193 3028 2247 3081 in
2283 3028 2419 3102 Cy-

399 3132 512 3186 rop.
553 3113 760 3166 v111.1.
806 3117 835 3165 4
892 3114 1130 3180 εὑρήσετε
1186 3113 1298 3186 (τὴν
1351 3112 1522 3186 πόλιν)
1579 3116 1670 3177 τὴν
1722 3113 1933 3179 μάλιςα
1981 3121 2086 3176 τοῖς
2133 3110 2411 3184 ἀρχουσινζῖ

397 3204 666 3258 ἐθέλουσαν
722 3200 978 3254 πείθεο-θαι
1034 3202 1230 3262 ταύτην
1281 3202 1436 3266 ἤκιςα
1490 3208 1586 3256 τῶν
1637 3203 1896 3267 πολεμίων
1948 3205 2408 3271 ἀναγκαζομένηνΙ

397 3290 671 3345 ὑπακούειν
711 3294 763 3343 et
804 3304 991 3342 verum
1032 3305 1147 3342 esse
1194 3289 1624 3355 ἀναγκαζομένην
1677 3290 1972 3344 ἀκούεινῗ
2053 3291 2217 3346 Multa
2259 3306 2409 3364 pas-

395 3382 498 3434 sim
541 3382 835 3433 occurrunt
882 3377 1013 3429 vitia
1062 3376 1487 3439 eiusdemmodi,
1540 3393 1675 3447 quae
1714 3377 1779 3430 ad
1821 3377 2141 3433 Graecitatis
2181 3389 2375 3434 eertum

395 3484 556 3522 usum
604 3466 669 3520 ad
713 3481 879 3519 unum
917 3465 1096 3518 omnia
1134 3471 1257 3517 sunt
1303 3464 1630 3526 revocanda,
1689 3466 1741 3517 in
1782 3482 1886 3535 qua
1929 3483 1989 3520 re
2025 3485 2091 3521 ne
2131 3477 2371 3539 peccato·
2435 3500 2436 3505 κ

391 3573 515 3610 rum
553 3553 844 3609 multitudo
885 3553 1047 3607 alicui
1087 3552 1403 3625 scrupulum
1445 3554 1653 3607 iniiciat
1709 3571 1843 3607 novo
1892 3556 2133 3626 exemplo
2182 3556 2370 3610 confir·
2432 3586 2435 3594 f

390 3660 538 3700 mare
577 3643 722 3700 lubet
764 3659 922 3714 quam
967 3642 1207 3707 lubrica,
1265 3659 1424 3714 quam
1468 3642 1638 3698 futilis
1683 3643 1748 3696 sit
1792 3644 1846 3697 in
1887 3644 2080 3700 talibus
2114 3644 2365 3700 Codicum
2433 3666 2436 3670 ·
