2436 4068
1310 188 1420 239 650

372 338 532 393 dere:
594 350 751 406 saepe
788 333 975 412 xetiam
1035 330 1258 398 χρῆσθαι
1320 335 1374 384 et
1425 330 1738 396 χρήσασθαι.
1820 331 2027 387 Platoni
2084 335 2246 390 redde
2302 333 2357 393 iu
2406 326 2436 397 fi

370 424 612 481 Phaedro
652 440 701 495 p.
741 425 870 475 251.
917 420 974 473 Β.
1032 419 1149 473 οὔτε
1184 451 1258 460 —
1297 418 1742 486 προφασίζεσθαι,
1782 420 1898 474 οὔτε
1939 453 2015 463 --
2054 423 2356 492 ὑπολογίζε-
2409 456 2431 499 1²2*

371 515 517 576 σθαι,
557 544 632 551 —-
671 509 1047 570 αἰτιᾶσθαι,
1105 523 1202 578 pro
1241 505 1597 561 αἰτιάσασθαι.
1679 507 1858 562 Redde
1902 509 2250 565 Demostheni
2299 529 2350 583 p.
2399 502 2432 566 f

372 605 470 663 25,
516 604 604 654 25.
646 599 778 654 πολὺ
819 598 924 664 γὰρ
963 601 1079 666 ῥᾷον
1121 594 1343 662 ἔχοντας
1399 594 1695 664 φυλάττειν
1737 597 1765 660 ἢ
1823 600 2120 653 κτᾶσθαι
2175 599 2356 654 πάντα

370 689 634 757 πέφυκεν,
675 704 771 758 pro
810 686 1119 749 κτήσασθαι.
1202 683 1438 737 Luciano
1477 683 1805 738 reddiderim
1844 686 1900 738 in
1948 687 2038 740 Bis
2091 687 2357 743 Accusato

370 793 486 847 cap.
522 776 565 829 Ι.
621 776 722 830 οὐδ’
779 771 890 827 ὅσον
949 773 1239 836 κνῆσθαι
1290 772 1349 826 τὸ
1391 768 1505 834 οὖς,
1548 772 1749 840 φασὶν,
1807 775 2005 841 σχολὴν
2046 772 2217 841 ἔχων,
2258 792 2355 846 pro
2405 782 2409 786 ’

369 865 672 928 κνήσασθαι.
751 863 1002 926 Κνώμενοι
1043 859 1185 931 apud
1234 875 1358 912 eum
1400 875 1558 930 saepe
1597 860 1828 930 legitur,
1866 869 1920 916 et
1960 863 2200 916 Atticum
2241 871 2356 927 κνῆ·
2405 886 2410 926 5

368 954 484 1007 σθαι
538 950 620 1006 vel
660 966 689 1005 e
728 949 965 1003 Platonis
1019 947 1215 1018 Gorgia
1273 964 1322 1018 p.
1368 949 1496 1000 494.
1537 947 1592 1002 C.
1653 965 1866 1003 sumere
1917 951 2112 1021 potuit.
2194 950 2358 1008 Plane
2405 984 2410 987 -

370 1040 554 1095 eodem
603 1037 760 1093 modo
814 1037 1155 1104 προσκνῆσθαι
1196 1052 1228 1089 a
1265 1033 1542 1089 Graeculis
1594 1043 1912 1107 corruptum
1966 1045 2050 1092 est
2097 1037 2154 1091 in
2204 1059 2355 1107 προσ·
2406 1026 2422 1061 ⁹

370 1129 595 1194 κνίσθαι,
633 1125 1034 1194 προσκνίσασθαι
1084 1131 1137 1177 et
1173 1124 1587 1191 προσκνήσασθαι
1622 1124 1678 1178 in
1729 1124 2095 1196 Xenophontis
2134 1126 2355 1183 Memor.
2399 1162 2401 1166 ι

370 1219 410 1273 Ι.
452 1235 506 1272 11.
564 1220 667 1280 50,
721 1213 814 1268 uhi
871 1228 1018 1266 nunc
1071 1216 1220 1264 recte
1266 1209 1494 1280 legitur:
1549 1212 1804 1278 ἐπιθυμῶν
1857 1214 2138 1282 Εὐθυδήμῳ
2177 1234 2356 1283 προσ*
2400 1231 2401 1234 ’

368 1306 646 1368 κνῆσθαι
687 1300 855 1369 ὥσπερ
891 1301 964 1354 τα
1005 1297 1122 1353 ὕδια
1160 1304 1266 1359 τοῖς
1305 1298 1480 1359 λίθοις.

442 1393 503 1448 In
550 1395 578 1462 ὅ
620 1395 711 1446 45.
770 1391 848 1444 sic
908 1388 1126 1442 demum
1188 1386 1485 1456 intelligam
1541 1385 1595 1440 id
1654 1386 1794 1459 quod
1847 1387 2134 1443 Niceratus
2187 1388 2354 1456 dicit,

369 1498 539 1553 quum
580 1480 844 1550 Scriptum
887 1476 1026 1530 θΓῘῙῖ
1080 1475 1183 1540 ἐγὼ
1233 1475 1340 1541 9²3⁶?
1381 1473 1479 1539 ἥξω
1522 1476 1644 1541 παρ’
1687 1479 1847 1530 αὐτοῦ
1903 1475 2255 1543 δανεισόμενος
2297 1479 2355 1533 τὸ
2410 1477 2425 1530 ’ῖ-

366 1570 579 1637 μηδενὸς
621 1567 963 1635 προσδεῖσθαι.
1027 1561 1179 1649 Ode-fo
1223 1561 1370 1636 (γὰρ)
1414 1563 1819 1630 πεπαιδευμένος
1857 1564 1947 1634 ὑφ’
1988 1566 2354 1637 «Ομήρουγᾶμ-

366 1660 512 1726 θμεῖν
552 1689 627 1698 --
665 1655 846 1721 ςαθμῷ
885 1652 972 1707 καὶ
1014 1652 1207 1719 οὶριθμῷ
1247 1652 1357 1705 κτέ.

444 1745 683 1801 Pessime
736 1740 975 1797 abundat
1026 1738 1213 1793 vocula
1253 1738 1346 1792 καί
1384 1737 1440 1792 in
1498 1740 1526 1809 §
1567 1742 1660 1796 48.
1716 1739 1802 1794 δια
1856 1740 1908 1795 δὲ
1963 1743 2022 1796 τὸ
2074 1742 2352 1809 προειδέναι
2402 1719 2427 1803 ζ’,

373 1835 508 1910 [καὶ]
566 1831 596 1887 δ’
642 1853 692 1886 τι
744 1829 802 1893 ἐξ
852 1827 1040 1886 ἑκάς-ου
1095 1828 1468 1892 ἀποβήσεται,
1529 1826 1671 1898 quod
1731 1827 1996 1883 indicasse
2052 1830 2184 1883 satis
2236 1835 2351 1885 est:
2394 1828 2436 1874 ι’

372 1917 651 1996 praeterea
704 1916 928 1972 delenda
983 1921 1111 1969 sunt
1162 1914 1324 1968 verba
1383 1913 1444 1987 [οἵ
1478 1935 1538 1969 τε
1587 1917 1669 1970 δεῖ
1702 1916 1788 1970 καὶ
1833 1912 1869 1970 ἃ
1914 1919 1967 1971 οὐ
2008 1918 2112 1985 χρὴ
2165 1917 2351 1991 ποιεῖν]

367 2029 433 2068 ex
474 2005 843 2081 superioribus
895 2004 1126 2075 repetita
1166 2019 1271 2056 non
1325 2003 1442 2058 sine
1483 2004 1631 2074 turpi
1681 2004 1939 2058 orationis
1996 2004 2426 2075 negligentia:

367 2102 446 2156 sic
486 2097 688 2170 optime
742 2092 1051 2149 coalescunt
1107 2107 1252 2144 nunc
1307 2091 1446 2146 male
1498 2091 1704 2147 divulsa
1746 2124 1819 2132 ——
1860 2093 2072 2148 ἐνύπνια
2111 2093 2199 2148 καὶ
2241 2095 2354 2149 oica·

367 2188 514 2253 νούς,
554 2207 623 2246 οις
665 2185 765 2248 ἐγὼ
807 2180 931 2236 ὅταν
972 2180 1067 2245 μὲν
1107 2179 1364 2245 πείθωμαι
1408 2181 1518 2234 κτὲ.

369 2365 543 2437 spexit
596 2313 819 2414 ΡΙΙΟῑ-ἰυε
860 2374 909 2410 v.
971 2354 1272 2423 Σπουδάζω.
1309 2385 1381 2395 —-
1425 2356 1510 2408 ἐπι
1564 2355 1616 2409 δὲ
1670 2360 1759 2410 τοῦ
1819 2365 2236 2423 σεμνολογειν
2294 2342 2399 2421 Tb}
2395 2382 2428 2434 2

369 2452 900 2511 σπουδαιολογεῖν
955 2449 1190 2511 Ξενοφῶν
1251 2442 1566 2510 Συμποσίῳ,
1627 2443 1720 2497 sed
1785 2443 1992 2499 fallitur
2051 2445 2209 2499 homo
2264 2444 2387 2500 do·-

367 2549 518 2606 clUS,
559 2545 620 2593 ut
659 2536 842 2590 vides:
884 2532 1032 2588 aliud
1072 2531 1213 2586 enim
1257 2546 1371 2584 esse
1411 2538 1778 2597 σεμνολογεῖν,
1831 2531 1979 2587 aliud
2021 2534 2350 2589 σπουδαιολο-

365 2636 480 2697 γεῖν
521 2625 871 2765 perspicuum
911 2628 1009 2676 est.

369 2807 509 2869 sim,
549 2819 646 2874 pro
687 2799 873 2869 πρῴην.
956 2794 1276 2851 Incredibile
1316 2794 1467 2848 dictu
1503 2801 1585 2849 est
1633 2803 1764 2867 quot
1819 2751 2091 2851 scribendi
2142 2814 2354 2854 errores

367 2892 636 2966 pepererit
687 2886 903 2943 literula
940 2885 964 2939 I
1004 2901 1033 2938 a
1075 2882 1312 2936 librariis
1352 2899 1448 2936 suo
1482 2883 1754 2939 arbitiatu
1801 2884 1958 2938 modo
2012 2885 2151 2941 male
2189 2886 2352 2941 omis·
2406 2898 2426 2922 -’

367 2998 461 3045 sa,
502 2977 658 3032 modo
702 2975 1037 3045 negligenter
1077 2971 1276 3026 addita.
1357 2970 1548 3026 Nullus
1593 2978 1767 3027 exstat
1804 2972 1941 3026 liber
1980 2973 2251 3044 scrithS,
2293 2975 2350 3028 in

368 3086 474 3141 quo
526 3064 671 3119 istud
726 3080 896 3133 genus
949 3059 1068 3114 vitii
1111 3076 1215 3112 non
1260 3058 1331 3112 sit
1384 3057 1654 3131 frequenS.
1737 3059 1984 3131 Plerique
2044 3061 2251 3116 scribae
2290 3063 2349 3117 τὸ

367 3151 867 3226 προσγεγραμμένον
919 3151 1047 3203 ἷῶτα
1101 3146 1273 3201 solent
1324 3146 1482 3218 plane
1520 3149 1803 3203 omittere:
1854 3147 1980 3201 hinc
2021 3146 2225 3203 sactum
2266 3154 2349 3204 est

369 3252 430 3299 ut
464 3245 775 3297 etiamnunc
814 3254 912 3309 pro
945 3237 1100 3304 ζῷον,
1141 3234 1267 3303 ᾠόν,
1309 3237 1564 3306 κρεᾴδιον,
1604 3235 1800 3305 λάθρᾳ,
1840 3236 2017 3306 κρύφᾳ
2047 3243 2150 3290 εει,
2192 3237 2346 3305 ζῶον,

367 3334 454 3388 ὧόν
496 3338 597 3385 cet.
640 3328 845 3383 soleant
879 3324 1073 3386 scribi,
1114 3328 1168 3376 et
1201 3322 1279 3375 sic
1319 3323 1484 3390 πρώην
1515 3340 1611 3394 pro
1643 3323 1825 3391 πρῴην.
1905 3323 2043 3377 Hinc
2083 3323 2355 3382 adiectiva¹

368 3423 422 3474 in
463 3426 588 3479 -ῶος
630 3423 753 3470 nata
795 3419 959 3478 sunt,
1011 3427 1147 3482 quae
1187 3409 1333 3463 nulla
1388 3409 1610 3465 fuerunt
1650 3427 1946 3482 umquam,
1999 3412 2091 3466 sed
2132 3413 2188 3467 in
2221 3414 2343 3482 -ῷος
2386 3412 2425 3472 ζ

367 3509 494 3563 olim
546 3505 779 3560 exibant.
861 3499 1190 3555 Adscribunt
1244 3505 1428 3554 contra
1471 3499 1610 3554 male
1665 3499 1853 3554 formis
1905 3500 2115 3554 Doricis
2162 3502 2218 3555 in
2270 3519 2346 3556 -ω

365 3612 463 3671 pro
517 3614 606 3648 -ον
648 3590 1004 3654 exeuntibus,
1047 3593 1099 3643 et
1139 3585 1425 3654 dualibus,
1468 3595 1529 3643 ut
1570 3589 1622 3642 in
1667 3577 1987 3660 Antiphanis
2040 3587 2156 3644 loco
2206 3586 2350 3661 apud.

2429 338 2436 350 .
2411 318 2415 326 “
2415 295 2436 309 ·„
2411 166 2436 275 ‚¹:³2³
2401 0 2436 156 vave&
