2436 4068
1093 202 1198 256 217

134 347 514 411 Grammatici‚
555 363 692 418 quae
731 363 894 420 supra
933 347 1290 404 afferebamus
1328 366 1358 405 e
1396 350 1626 405 Bekkeri
1666 351 1865 407 Anecd.
1905 370 1958 425 p.
1983 357 2122 419 422,

136 439 201 489 4:
259 435 625 504 ἀπερρώγει
682 436 767 491 καὶ
821 436 912 490 σὺν
950 438 1022 504 τῷ
1070 457 1096 490 ν
1136 438 1540 506 ἆπερρώγειν
1591 441 1649 495 τὸ
1701 439 1868 507 τρίτον
1923 441 2118 509 πρόσω·

133 539 261 577 πον·

817 597 939 669 κᾷτ’
980 600 1293 667 ἀπερρώγειν
1331 602 1354 654 ὅ
1395 607 1556 668 ποῦς,
2145 671 2147 673 ,

129 695 414 752 emendata
468 696 600 751 hacc
652 704 707 752 et
754 712 879 751 vera
926 696 1085 751 lectio
1124 714 1231 752 non
1271 700 1464 756 scribis
1504 701 1799 765 debeatur,
1854 702 1969 777 (qui
2011 709 2119 759 sto-

128 784 237 840 lide
287 787 630 853 ἄπερρώγη
684 783 772 839 καὶ
824 785 918 839 σὺν
958 786 1028 852 τῷ
1081 805 1107 838 ν
1166 787 1564 855 ἁπερρώγην
1615 797 1669 845 et
1723 792 2118 859 οἱπερρώγην

127 873 153 927 ὃ
192 877 317 933 ποῦς
374 870 692 945 dederunt),
750 870 844 927 sed
879 870 1265 927 Valckenaerio
1305 874 1372 928 ad
1412 876 1684 949 Hippolyt.
1741 895 1818 933 vs.
1860 883 2023 935 1558.
2064 886 2120 936 et

126 959 254 1015 alibi
292 975 541 1032 quoque,
584 965 646 1013 ut
684 959 1056 1024 ostendimuS‚
1099 959 1189 1014 illa
1229 962 1345 1033 ipsa
1384 961 1557 1017 forma
1605 971 1790 1029 vetuS‚
1832 983 1994 1037 quam
2029 966 2118 1023 do-

125 1054 250 1103 ctus
281 1047 682 1103 Grammaticus
721 1047 1066 1112 vindicabat,
1108 1055 1287 1104 tamen
1329 1067 1361 1104 a
1408 1051 1602 1106 scribis
1641 1050 1716 1105 nil
1756 1055 2120 1124 cogitantibus

127 1137 383 1191 continuo
422 1137 478 1190 in
518 1134 796 1207 vulgarem
838 1135 1180 1208 depravatur.
1260 1135 1323 1191 In
1362 1138 1600 1194 Platonis
1630 1138 1796 1194 Critia
1838 1157 1956 1213 pag.
1991 1147 2116 1198 114.

124 1222 187 1278 l).
228 1224 408 1278 πολλὰ
445 1224 542 1289 μὲν
579 1224 688 1292 γὰρ
729 1225 815 1279 διὰ
843 1226 935 1287 τὴν
972 1225 1142 1292 ἀρχὴν
1189 1226 1366 1286 αὐτοῖς
1407 1229 1677 1296 προσῄει
1721 1226 1927 1293 ἔξωθεν,
1967 1237 2116 1285 πλεῖ-

121 1332 194 1370 ςαι
233 1312 286 1367 δὲ
328 1315 358 1375 ἦ
401 1319 547 1375 νῆσος
587 1314 722 1375 αὐτὴ
763 1312 1050 1381 παρείχετο
1073 1354 1086 1375 ,
1127 1313 1356 1370 eximiae
1401 1314 1659 1370 honitatis
1706 1315 1870 1371 codex
1919 1317 2115 1373 Parisi-

121 1415 227 1456 nus
259 1400 325 1456 A.
385 1400 620 1455 servavit
657 1399 804 1455 solus
854 1402 1107 1468 προσήιε-ιν
1131 1443 1145 1462 ,
1211 1401 1353 1472 quod
1395 1419 1500 1457 non
1553 1410 1874 1475 receperunt
1932 1404 2115 1460 Edito-

121 1503 244 1552 reS,
283 1488 376 1559 qui
418 1493 599 1542 tamen
644 1487 822 1560 paullo
870 1494 997 1543 aute
1043 1506 1094 1561 p.
1135 1491 1259 1543 112.
1302 1487 1364 1546 Β.
1422 1491 1482 1544 ’τὸ
1530 1490 1772 1558 μάχιμον
1813 1492 1960 1557 γένος
2000 1493 2145 1562 περὶ·

121 1576 181 1630 τὸ
238 1582 335 1639 τῆς
388 1577 609 1638 Ἀθηνᾶς
668 1579 795 1644 ἱερὸν
853 1577 1223 1645 xxc-cymium
1280 1573 1376 1630 οἷον
1429 1582 1556 1643 μιῖις
1605 1579 1768 1639 οἰκίαις
1821 1588 1983 1644 κῆπον
2042 1582 2110 1636 ἑνὶ

118 1662 379 1732 περιβόλῳ
431 1664 998 1734 προσ-περιβεβλημένοι
1022 1703 1042 1726 ,
1094 1680 1157 1718 ex
1201 1664 1385 1719 eodem
1421 1664 1557 1720 libro
1602 1670 1939 1731 κατωικήκειν
1975 1669 2115 1724 obla-

119 1757 237 1807 tum
279 1750 652 1823 probaverant.
735 1753 838 1809 Sed
895 1752 1026 1825 quid
1067 1753 1171 1806 isto
1223 1753 1486 1823 magistro
1535 1753 1736 1819 saciaS,
1797 1758 1890 1828 qui
1944 1775 2113 1830 quum

118 1837 321 1894 formas
357 1839 568 1895 Atticas
610 1841 664 1895 in
707 1862 806 1896 -ειν
841 1847 1100 1896 exeuntes
1140 1840 1362 1895 vidisset
1409 1840 1644 1897 scribere
1692 1845 1900 1915 potuit:
1953 1852 2114 1915 χρῶν-

116 1947 206 1982 ται
240 1927 346 1995 γὰρ
382 1930 424 1981 οἱ
466 1927 697 1983 ’Λα-’ταοὶ
734 1937 842 1990 τοῖς
881 1931 1092 1996 πρώτοις
1128 1931 1408 1998 προσώποις
1440 1930 1555 1984 ἀντὶ
1591 1936 1688 1984 τῶν
1719 1932 1930 1999 τρίτων,
1974 1950 2111 2004 quae

116 2013 359 2086 Gregorii
399 2014 665 2071 Corinthii
706 2016 865 2072 verba
900 2024 1064 2082 sunt,
1106 2019 1372 2090 perinepti
1407 2018 1676 2083 hominiS,
1722 2037 1768 2091 p.
1797 2024 1925 2075 121.
1965 2021 2109 2076 Bast.

114 2101 261 2157 Novo
307 2118 491 2158 errore
538 2104 711 2160 forma
767 2106 822 2159 in
859 2126 953 2160 -ειν
994 2106 1156 2177 periit
1206 2107 1261 2160 in
1316 2105 1561 2161 Nubibus
1592 2110 1723 2165 580.
1774 2107 1866 2162 ubi
1915 2109 1971 2163 in
2011 2108 2112 2165 Ra-

114 2196 344 2245 vennate
384 2198 497 2246 est:

419 2281 567 2335 τουτί
602 2284 662 2347 μ’
702 2282 970 2346 ἐλελήθει,
1023 2280 1036 2356 Ι
1087 2283 1110 2337 ὅ
1152 2285 1280 2343 Ζεὺς
1318 2285 1408 2338 οὐκ
1447 2284 1546 2346 ὤν,

114 2370 172 2421 at
210 2365 473 2439 Bergkius
511 2369 728 2433 ἐλελῆθη
783 2367 1071 2440 probatum
1125 2371 1364 2442 recepit,
1406 2377 1593 2436 ratuS,
1637 2377 1697 2426 ut
1733 2373 1923 2444 opinor
1949 2415 1961 2438 ,
2006 2380 2111 2428 ter-

112 2453 220 2510 tiae
258 2469 518 2526 personae
570 2456 708 2512 hanc
763 2455 990 2512 sormam
1038 2475 1171 2513 esse.
1255 2458 1424 2513 Vetus
1465 2458 1553 2513 hic
1601 2476 1753 2515 error
1791 2468 1905 2525 est,
1946 2477 2113 2533 quem.

113 2541 270 2598 multi
322 2552 597 2600 errarunt.
680 2545 970 2600 Piersonus
1009 2545 1077 2601 ad
1112 2546 1330 2602 Moerid.
1388 2564 1438 2618 p.
1482 2551 1609 2603 175.
1655 2548 1941 2612 »ἐπεπόνθη
1992 2567 2105 2604 con·

111 2635 334 2686 tractum
385 2649 459 2691 ex.
489 2632 764 2688 ἐπεπόνθεε
814 2634 1115 2688 recentioris
1168 2644 1242 2689 est
1281 2634 1622 2698 Alticismi,”
1685 2652 1844 2707 quem
1888 2643 1938 2692 et
1982 2653 2110 2693 ana-

110 2716 252 2791 logia
288 2725 344 2775 et
383 2736 515 2775 usus
550 2718 820 2776 refellunt.
900 2722 1251 2778 Contrahitur
1283 2744 1338 2777 εε
1379 2723 1434 2776 in
1465 2744 1493 2784 n
1531 2723 1671 2795 apud
1707 2724 1967 2795 quosdam
2007 2725 2105 2780 Do-

110 2806 212 2863 rici
250 2808 466 2879 generis
490 2850 505 2872 ,
547 2807 852 2863 cuiusmodi
902 2816 983 2864 est
1029 2818 1231 2874 καλῆτε
1274 2826 1369 2882 pro
1408 2817 1628 2865 καλεῖτε
1672 2810 1815 2866 felici
1856 2813 2103 2869 emenda·

107 2893 254 2952 tione
293 2894 638 2969 Aristophani
681 2895 952 2952 redditum
989 2896 1056 2952 ab
1095 2896 1402 2969 Hirschigio
1442 2899 1496 2952 in
1538 2899 1841 2971 Lysistrata
1881 2905 2043 2956 1105.

413 2985 495 3040 ναι)
535 2986 606 3039 τὼ
646 2986 767 3046 σιὼ,
811 3006 888 3039 κοι
905 2994 1067 3049 λῆτε
1108 2986 1208 3040 τὰν
1248 2986 1601 3054 Auem-poian.

108 3085 205 3144 pro
243 3069 473 3128 absurda
525 3071 785 3127 librorum
831 3074 1097 3145 scriptura
1145 3073 1243 3128 κᾶν
1283 3075 1412 3137 λῆτε
1451 3076 1537 3130 τὸν
1588 3076 1949 3143 Λυσίςροιτον,
2007 3094 2097 3132 ne-

110 3172 213 3231 que
267 3158 399 3226 ὅμνη
455 3161 508 3215 in
549 3158 733 3215 eadem
794 3159 968 3216 sabula
1014 3165 1175 3217 1320.
1233 3163 1286 3216 in
1337 3161 1481 3228 ὕμνει
1520 3170 1790 3218 mutatum
1833 3165 2099 3235 oportuit;

108 3245 200 3303 ned
252 3249 376 3319 quis
427 3248 610 3304 credat
664 3247 803 3320 apud
858 3250 1064 3305 Atticos
1115 3251 1389 3306 ἐπεπόνθεε
1439 3252 1675 3323 potuisse
1733 3253 1786 3305 in
1841 3250 2094 3313 ἐπεπόνθη

107 3334 393 3390 contrahi?
456 3336 626 3391 Habet
658 3352 719 3391 ea
760 3338 938 3409 opinio
975 3343 1223 3393 auctores
1260 3337 1654 3395 Grammaticos
1695 3346 1931 3403 vetereS‚
1977 3340 2095 3410 qui-

106 3419 329 3478 husloci
370 3423 587 3495 quidam
613 3425 883 3481 Homerici
927 3427 1330 3498 imposuerunt,
1374 3426 1427 3482 id
1467 3427 1608 3500 quod
1631 3428 1830 3500 optime
1868 3425 2094 3497 intelligi

75 3527 77 3529 ¹
106 3508 302 3583 poterit
334 3526 398 3565 ex
416 3511 787 3586 Etymologico
820 3513 1010 3584 Magno
1045 3531 1095 3587 p.
1119 3518 1254 3580 419,
1301 3521 1387 3573 15.
1472 3516 1753 3571 Homerica
1788 3522 1914 3569 sunt
1937 3515 2091 3583 ᾔδεα,

105 3597 394 3664 ἐτεθήπεα,
439 3602 723 3666 πεποίθεα,
766 3602 996 3668 ἠνώγεα,
1032 3602 1171 3659 unde
1218 3605 1395 3659 Attica
1447 3611 1723 3659 contracta
1767 3618 1880 3657 esse
1913 3602 2086 3674 palam

1708 3696 1749 3726 17
