2436 4068
1022 199 1127 250 585

89 349 360 415 εὔορκον
410 344 724 411 ἀμφοτέροις
768 340 929 405 εἶναι,
985 341 1078 396 sed
1129 342 1320 410 ἔνορκον
1363 341 1726 412 reponendum
1772 361 1887 401 esse
1937 347 2071 402 mihi

86 436 301 509 quidem
367 433 502 488 satis
552 431 766 485 videtur
821 431 1186 503 perspicuum.
1276 432 1492 499 Εὔορκον
1551 431 1694 485 enim
1748 431 1803 485 id
1867 432 2071 490 dicitur

85 524 227 598 quod
282 522 375 594 qui
424 520 554 575 facit
610 518 964 573 iurisiurandi
1023 518 1183 572 fidem
1238 524 1422 574 sancte
1476 528 1690 585 servat,
1748 536 1855 592 quo
1910 539 2069 580 sensu

85 629 242 685 saepe
275 609 483 664 iudices
532 607 737 662 δικαίαν
783 607 871 660 καὶ
919 606 1116 674 εὔορκον
1151 611 1331 676 ψῆφον
1369 608 1542 676 φέρειν
1581 607 1873 675 dicuntur,
1929 613 2071 683 quod

85 700 226 756 idem
279 698 390 753 fere
437 704 520 752 est
570 702 736 766 atque
784 694 930 748 ὁσίαν
981 694 1070 748 καὶ
1117 694 1322 749 δικαίαν
1374 696 1546 763 φέρειν
1593 698 1687 760 τὴν
1739 703 1917 768 ψῆφον
1939 742 1953 764 ,
2007 709 2068 756 ut

84 805 240 861 saepe
290 787 590 858 loquuntur
636 781 907 838 Oratores,
988 781 1249 836 Proclivis
1301 798 1454 836 error
1498 783 1642 856 apud
1697 784 2067 862 Thucydidem

83 874 513 932 describentibus
553 870 659 926 snit
712 877 767 926 et
811 870 1028 924 Criticis
1077 868 1146 923 ad
1203 869 1711 941 deprehendendum
1764 874 2069 943 difficilior,

86 965 211 1038 quia
260 963 343 1018 his
394 964 449 1016 iu
507 961 707 1015 vicinia
764 958 962 1026 εὔορκον
1002 954 1132 1012 εἶναι
1175 957 1229 1011 in
1290 973 1351 1012 re
1402 958 1566 1012 simili
1625 969 1773 1016 recte
1831 965 2066 1034 positum

81 1053 352 1108 occurrit:
407 1065 601 1122 nempe
633 1047 696 1102 V.
744 1051 829 1102 18.
889 1047 1157 1114 εὔορκον
1210 1042 1338 1099 εἶναι
1393 1046 1708 1115 ἀμφοτέροις
1748 1052 1918 1120 ταύτῃ
1967 1074 2067 1119 με-

80 1143 309 1197 ταθεῖναι
346 1135 446 1209 ὅπῃ
482 1136 547 1191 ἂν
586 1137 707 1205 δοκῇ
746 1135 1091 1204 ἀμφοτέροις,
1132 1132 1199 1187 ad
1237 1149 1374 1204 quae
1414 1134 1577 1189 verba
1617 1138 1838 1209 respicit
1871 1140 1932 1194 V.
1978 1145 2067 1196 29.

82 1231 134 1285 ἐν
168 1235 288 1290 ταῖς
326 1226 569 1286 σπονδαῖς
602 1230 724 1284 ταῖς
771 1226 1044 1284 Ἀττικαῖς
1085 1221 1388 1289 ἐγέγραπτο
1443 1222 1515 1276 εὔ
1524 1242 1547 1276 ο
1561 1243 1666 1291 ρκο
1684 1245 1709 1279 ν
1742 1223 1873 1282 εἶναι
1914 1249 2067 1296 προσ-

84 1321 239 1373 θεῖναι
278 1315 366 1370 καὶ
406 1316 631 1383 ἀφελεῖν
670 1309 701 1365 δ’
735 1331 785 1366 τι
827 1312 892 1366 ἂν
930 1313 1135 1379 άμφοῖν
1172 1316 1277 1363 τοῖν
1317 1309 1521 1365 πόλεοιν
1575 1312 1723 1382 δοκῇ,
1764 1332 1901 1386 quae
1949 1334 2071 1389 spe·

83 1407 166 1461 cie
204 1404 377 1476 magis
413 1417 575 1474 quam
616 1416 676 1454 re
715 1406 899 1454 nostro
935 1399 1050 1453 loco
1092 1404 1221 1454 sunt
1272 1398 1506 1452 similia:
1559 1416 1751 1474 nempe
1802 1405 1863 1459 τὸ
1899 1426 2069 1471 μετα-

86 1497 243 1550 θεῖναι
282 1492 483 1564 optime
520 1487 724 1543 dicitur
760 1485 890 1543 εἶναι
949 1487 1249 1555 εὔορκον,
1291 1485 1384 1541 sed
1422 1488 1480 1542 τὸ
1533 1491 1820 1555 μετατεθὲν
1871 1493 2070 1562 εὔορκον
2115 1540 2117 1542 v

84 1598 202 1637 esse
264 1595 367 1634 non
425 1583 633 1650 potest,
691 1575 784 1630 sed
838 1574 1100 1643 ἔνορκον
1148 1580 1248 1630 est.
1340 1575 1416 1630 De
1473 1580 1749 1633 communi
1805 1597 2072 1638 consensu

86 1670 233 1724 salva
269 1664 615 1722 iurisiurandi
651 1664 904 1736 religione
943 1664 1069 1718 addi
1118 1663 1323 1736 aliquid
1364 1673 1457 1720 aut
1507 1664 1649 1720 demi
1693 1674 1937 1739 poterat,
1978 1674 2072 1730 sed

83 1756 224 1830 quod
263 1761 534 1811 mutatum
572 1759 712 1807 esset
754 1751 975 1824 perinde
1009 1770 1076 1806 ex
1107 1753 1316 1824 foedere
1351 1755 1529 1825 facere
1564 1756 1867 1811 tenebantur
1911 1767 2072 1834 atque

86 1846 140 1900 id
180 1844 320 1917 quod
357 1850 515 1897 antea
558 1841 613 1895 iu
659 1839 870 1895 foedere
909 1841 1176 1912 scriptum
1217 1856 1280 1894 ac
1320 1841 1577 1912 religione
1626 1847 1894 1902 sancitum
1942 1849 2072 1906 suis-

84 1942 183 1990 set.
263 1929 724 1999 Quemadmodum
769 1929 939 2000 igitur
973 1936 1122 1983 certa
1163 1927 1266 1983 fide
1304 1930 1447 2001 apud
1488 1931 1894 2004 Xenophontem
1942 1937 2071 2011 legi·

83 2030 175 2078 lut·
207 2025 279 2089 τῷ
319 2023 395 2086 μὴ
431 2018 726 2086 βουλομένῳ
770 2019 845 2083 μὴ
879 2014 1012 2072 εἶναι
1058 2016 1304 2084 ἔνορκον
1354 2029 1694 2088 συμμαχεῖν,
1743 2024 1821 2078 sic
1858 2024 2071 2101 Thucy·

82 2109 233 2165 dides
276 2123 488 2181 quoque
526 2105 775 2161 dederat:
814 2103 844 2159 ὅ
877 2126 928 2159 τι
978 2105 1043 2160 ἂν
1083 2106 1201 2174 δοκῇ
1255 2105 1512 2174 ἔνορκον
1567 2110 1882 2179 ἀμφοτέροις
1921 2111 2069 2171 εἶναι.

158 2198 375 2253 Tertius
398 2193 767 2266 Xenophontis
802 2193 950 2248 locus
985 2201 1097 2256 est,
1139 2194 1232 2264 qui
1271 2194 1326 2247 in
1363 2193 1571 2250 duobus
1611 2196 1743 2253 locis
1763 2199 2072 2259 Demosthe-

86 2287 221 2342 nicis
264 2301 420 2339 verae
459 2283 704 2338 lectionis
744 2282 1141 2336 restitutionem
1190 2281 1447 2337 adiuvare
1487 2291 1676 2356 potest.
1758 2287 1980 2360 Legitur
2016 2293 2070 2348 in

83 2372 284 2432 Bellen.
315 2372 429 2426 Vll.
472 2388 539 2426 lv.
584 2374 672 2426 56.
728 2371 772 2425 οἷ
830 2371 927 2446 μὲν
986 2370 1234 2438 Ἀρκάδες
1274 2401 1347 2411 -
1387 2372 1821 2432 ἐδειπνοποιοῦντό
1872 2401 1931 2434 τε
1981 2383 2070 2436 καὶ

82 2465 386 2530 εὖθυμοῦντο
426 2460 513 2515 καὶ
568 2458 792 2520 σπονδάς
833 2459 920 2513 καὶ
981 2463 1285 2520 παιᾶνας
1339 2461 1726 2529 ἐποιοῦντο,
1768 2467 1845 2521 sic
1886 2476 2069 2526 autem

84 2553 138 2608 iu
197 2551 400 2606 laetitia
460 2547 674 2621 publica
732 2553 850 2602 erat
904 2545 1020 2601 fieri
1077 2547 1296 2602 solitum
1357 2549 1488 2603 θύειν
1545 2552 1632 2606 καὶ
1694 2555 1926 2611 σπένδειν
1982 2561 2070 2615 καὶ

80 2643 379 2700 παιᾶνας
430 2637 657 2708 ᾄδειν,
696 2636 855 2691 cuius
905 2635 984 2689 rei
1026 2636 1228 2690 mentio
1268 2637 1570 2693 scribarum
1621 2642 1948 2714 negligentia
1990 2648 2073 2704 his

81 2726 221 2799 apud
260 2725 670 2781 Demosthenem
712 2723 998 2778 obscurata
1033 2730 1114 2778 est
1151 2741 1214 2779 ac
1249 2724 1438 2780 deleta.
1520 2726 1670 2783 Alter
1706 2729 1855 2787 locus
1891 2742 1973 2789 est
2014 2738 2067 2792 in

83 2815 322 2871 oratione
362 2814 428 2869 de
465 2812 668 2867 Corona
712 2814 741 2883 5
779 2814 907 2867 217.
949 2809 1035 2865 ὅτε
1075 2845 1147 2855 —-
1186 2814 1341 2882 ζήλου
1382 2816 1470 2869 καὶ
1509 2821 1686 2885 χαράς
1743 2822 1830 2875 καὶ
1885 2824 2070 2880 ἐπαΙ.

80 2923 196 2959 νυν
233 2906 263 2967 ἡ
300 2904 449 2964 πόλις
490 2900 549 2965 ἦν
586 2901 752 2966 pus-ni,
794 2899 888 2953 ubi
928 2917 1031 2954 non
1074 2902 1293 2956 ἐπαίνων
1335 2902 1681 2960 scribendum
1730 2924 1848 2964 esse
1895 2912 2064 2968 videri

84 2991 191 3047 iam
239 2998 365 3046 aute
415 2988 577 3046 verbo
628 2989 976 3053 monuimuS,
1036 2987 1129 3043 sed
1183 2991 1482 3047 παιάνων
1539 2994 1758 3057 ἡπόλις
1800 2996 1857 3061 ἦν
1888 3004 2064 3065 μεςή,

83 3076 394 3151 planissime
432 3086 493 3134 ut
533 3078 688 3151 apud,
709 3075 1023 3149 Sophoclem
1044 3077 1139 3151 lest
1177 3078 1229 3132 in
1271 3078 1571 3136 decantatis
1619 3083 1894 3141 versibus:

460 3168 608 3228 πόλις
648 3167 691 3221 δ’
731 3167 855 3232 ὁμοῦ
895 3168 992 3231 μὲν
1030 3167 1373 3233 θυμιαμάτων
1413 3170 1597 3235 γέμει,

457 3257 582 3322 ὁμοῦ
623 3256 676 3311 δὲ
717 3253 999 3309 παιάνων
1038 3274 1097 3308 τε
1138 3255 1225 3311 καὶ
1262 3257 1628 3324 ςεναγμάτων.

159 3341 261 3410 Qui
297 3342 428 3397 mihi
463 3342 562 3399 hoc
597 3343 838 3408 dederit,
878 3343 1041 3397 etiam
1080 3343 1133 3397 in
1170 3344 1338 3399 altero
1374 3345 1488 3400 loco
1525 3347 1930 3417 DemostheniS,
1971 3357 2063 3426 qui

87 3427 284 3500 legitur
323 3431 377 3484 iu
423 3430 569 3487 Orat.
610 3433 722 3501 περ)
764 3438 857 3494 τῆς
899 3433 1331 3499 παραπρεσβείας
1390 3439 1419 3506 §
1462 3438 1553 3488 86.
1613 3435 1753 3491 idem
1808 3441 2062 3500 mendum

85 3516 268 3571 eodem
310 3517 543 3573 remedio
580 3537 698 3575 esse
736 3518 1035 3574 sanandum
1079 3520 1294 3575 videbit.
1378 3521 1547 3577 Verba
1599 3522 1727 3578 haec
1781 3535 1938 3582 sunt:
1979 3529 2064 3587 ὅτε

85 3607 179 3672 μὶν
218 3606 286 3658 τὰ
327 3606 482 3660 δέοντ’
522 3608 737 3662 ivonem
794 3610 968 3662 θυσιῶν
1030 3610 1115 3662 καὶ
1174 3610 1452 3664 ἐπαίνων
1503 3610 1726 3673 ἠξιοῦσθε
1782 3622 1904 3684 παρ’
1945 3620 2069 3685 ὑμῖν
