2436 4068
1048 173 1158 223 649

314 322 1691 372 ΛΜΕΡΑΙΤΑΝΣΤΝΟΔΩΝΑΠΟΔΟΣΘΩΝΚΑ
1731 318 1755 342 *

320 406 339 429 ”
386 411 1695 460 ΟΕΤΡΟΝΚΑΤΑΒΑΛΕΤΩΕῙΣΤΟΚΟῙΝΟΝ

317 500 811 546 ΟΕΠΙΣΤΑΤΑΣ.

88 576 142 630 id
180 584 297 638 est,
354 586 413 631 ut
469 577 648 632 vides:
703 579 816 651 κα(ὶ
853 579 934 650 τ)ὸ
989 582 1168 646 εὑρὸν
1222 582 1583 646 καταβαλέτω
1625 581 1698 642 εἷς
1749 582 1808 636 τὸ
1860 581 2015 635 κοινὸν
2056 578 2079 634 ὅ

88 666 385 729 ε’πιςοὲτας,
440 673 495 719 et
536 667 696 720 etiam
743 667 794 719 in
854 666 975 719 aliis
1028 667 1350 738 quibusdam
1411 670 1855 739 inscriptionibus
1895 668 2081 723 eadem
2154 674 2157 677 ’

87 752 287 807 locutio
345 755 599 808 recurrit.
683 754 952 808 Tenemus
1009 755 1180 824 igitur
1236 755 1545 810 manifestos
1597 757 1821 823 sciolos,
1876 759 1968 829 qui
2025 758 2081 811 in

85 841 247 895 Codd.
290 841 611 913 quibusdam
657 842 1026 913 Xenophontis
1067 847 1156 896 τοῦ
1199 842 1424 909 εὑρόντος
1466 850 1670 898 temere
1717 845 1771 897 in
1814 850 1902 900 τοῦ
1943 847 2084 913 εὑρε-

87 930 252 990 θέντος
296 937 390 983 aut
441 931 494 983 in
536 934 627 984 τοῦ
668 931 920 998 τυχόντος
959 930 1362 1002 depravarunt,
1404 938 1458 985 et
1500 933 1553 984 in
1606 931 1890 987 Aeschinis
1930 933 2084 988 libris

88 1017 361 1072 nonnullis
414 1023 504 1072 τοῦ
564 1019 1008 1086 εὑρίσκοντος
1063 1019 1402 1073 refluxerunt
1443 1020 1497 1073 in
1551 1023 1642 1073 τοῦ
1690 1023 2082 1088 εὑρισκομέ-

88 1126 211 1161 νου.

163 1194 367 1249 lterum
408 1195 500 1248 καί
540 1193 680 1248 male
722 1195 942 1267 irrepsit
980 1193 1022 1248 I.
1071 1211 1123 1248 11.
1168 1196 1260 1250 49.
1314 1194 1538 1261 φάο-κων
1580 1196 1725 1250 κατὰ
1766 1196 1915 1263 νόμον
1955 1195 2084 1260 ἑξεῖ·

85 1303 167 1336 ναι
207 1284 492 1350 παρανοίας
535 1282 700 1337 ἑλόντι
760 1282 896 1357 [καὶ]
952 1283 1039 1337 τὸν
1079 1284 1286 1351 πατέρα
1332 1285 1517 1348 δῆσαι,
1574 1284 1829 1356 quoniam
1877 1285 1931 1338 in
1973 1285 2081 1339 solo

86 1377 239 1443 patre
279 1387 341 1425 ea
387 1387 473 1425 res
515 1369 689 1423 locum
731 1370 908 1425 habet.

164 1458 524 1514 Vehementer
563 1457 730 1512 officit
789 1474 951 1512 sanae
992 1459 1294 1513 sententiae
1336 1476 1585 1530 perverse
1624 1459 1868 1515 additum
1915 1463 2083 1532 parti·

85 1547 288 1618 cipium
333 1548 377 1604 1.
419 1565 473 1601 n.
519 1550 608 1600 25.
664 1545 990 1620 (Alcibiades
1030 1553 1085 1601 et
1124 1547 1341 1619 Critias)
1383 1549 1672 1614 ὠγκωμένω
1726 1551 1822 1615 μὲν
1861 1550 1947 1604 ἐπὶ
1993 1550 2084 1614 γέ-

86 1655 191 1699 νει,
232 1637 495 1703 ἐπηρμένω
537 1637 580 1690 δ’
625 1635 710 1688 ἐπὶ
753 1636 998 1703 πλούτῳ,
1056 1637 1408 1703 πεφυσημένω
1458 1637 1502 1690 δ’
1542 1638 1628 1690 ἐπὶ
1671 1637 1885 1703 δυνάμει
1910 1680 1922 1701 ,
1964 1639 2083 1704 δια-

84 1723 412 1789 τεθρυμμένω
461 1725 505 1778 δ’
548 1724 645 1777 ὑπὸ
686 1729 893 1777 πολλῶν
945 1725 1249 1790 ἀνθρώπων,
1307 1723 1392 1778 ἐπὶ
1434 1725 1487 1778 δὲ
1541 1729 1674 1779 πᾶσι
1715 1726 1914 1786 τούτοις
1962 1726 2082 1799 [διε-

83 1810 384 1882 Φθαρμένω]
432 1810 521 1864 καὶ
556 1813 717 1866 πολὺν
750 1811 930 1879 χρόνον
964 1810 1069 1865 ἄπο
1105 1812 1409 1880 Σωκράτους
1443 1814 1692 1878 γεγονότε
1727 1815 1783 1869 τί
1815 1816 2084 1880 θαυμαςὸν

83 1899 127 1953 εἰ
170 1899 482 1966 ὑπερηφάνω
524 1900 827 1964 ἐγενέσθην;
887 1900 1215 1954 Acutissime
1269 1900 1402 1954 vidit
1450 1901 1804 1976 Pluygersius
1844 1905 2086 1972 διεφθαρ-

34 2023 40 2025 Α
82 1987 218 2052 μένω
258 2004 286 2041 a
330 1987 493 2042 sciolo
535 1988 673 2042 male
712 1987 956 2042 additum
1013 1990 1247 2059 expungi
1289 1997 1571 2060 oportere,
1616 2006 1723 2062 quo
1759 1989 1899 2044 sacto
1937 1991 2084 2046 clara

84 2074 205 2129 luce
259 2074 408 2129 locus
462 2076 720 2148 splendet.
814 2076 1200 2144 Διεφθαρμένος
1251 2093 1377 2131 cum
1428 2079 1514 2132 ἐπὶ
1568 2079 1765 2139 τούτοις
1822 2080 2082 2151 coniungi

83 2178 188 2217 non
232 2171 438 2235 potest,
479 2172 532 2219 et
574 2164 746 2219 solum
790 2164 1032 2218 dativum
1090 2164 1366 2220 admittit:
1410 2166 1500 2219 scd
1542 2167 1756 2220 etiamsi
1793 2170 1927 2222 πᾶσι
1962 2169 2080 2223 τού-

81 2270 186 2312 τοις
240 2253 592 2320 διεφθαρμένω
643 2260 783 2307 esset
824 2253 1130 2324 scriptum,
1191 2254 1322 2325 quid
1370 2255 1634 2310 attinebat
1690 2255 1822 2310 haec
1883 2256 2079 2322 verba,

83 2339 280 2410 quibus
316 2341 583 2395 sententia
625 2347 883 2395 oneratur
919 2346 971 2395 et
1014 2341 1341 2413 impeditur,
1387 2343 1759 2415 superioribus
1803 2351 2079 2416 tamquam

85 2427 277 2482 inutile
329 2428 539 2500 pondus
579 2428 925 2500 appendere?
1010 2430 1239 2484 Putabat
1291 2430 1490 2485 sciolus
1547 2432 1631 2485 ἐπὶ
1693 2436 1825 2486 πᾶσι
1884 2435 2081 2494 τούτοις

82 2515 266 2571 codem
309 2533 472 2571 sensu
524 2534 642 2572 esse
684 2518 918 2589 positum
963 2525 1126 2589 atque
1167 2518 1253 2572 ἐπὶ
1307 2520 1490 2585 γένει,
1549 2520 1634 2573 ἐπὶ
1689 2521 1935 2590 πλούτῳ,
1993 2520 2080 2577 ἐπὶ

82 2603 334 2668 δυνάμει,
374 2611 427 2659 et
481 2604 777 2662 desiderari
811 2606 1193 2678 participium,
1251 2607 1393 2662 unde
1447 2607 1536 2661 illa
1595 2607 1908 2679 penderent.
1992 2608 2079 2675 Si,

82 2691 168 2747 ἐπὶ
206 2692 260 2747 δὲ
300 2688 670 2755 πᾶσιτούτοις
692 2693 844 2760 μέγα
864 2699 1168 2761 Φρονοῦντε,
1210 2694 1291 2749 vel
1314 2697 1842 2766 μεγαλαυχουμένω,
1885 2697 1966 2752 vel
2008 2697 2082 2753 si·

83 2778 211 2834 mile
252 2779 381 2851 quid
441 2782 829 2854 supplevisset,
885 2790 1093 2852 poterat
1148 2781 1296 2836 fraus
1350 2784 1627 2856 aliquanto
1678 2786 1853 2840 tutius
1896 2784 2081 2841 latere.

83 2866 363 2938 Significat
398 2886 525 2924 vero
554 2870 637 2924 ἐπὶ
672 2870 724 2925 δὲ
755 2873 889 2924 πᾶσι
929 2871 1127 2931 τούτοις
1159 2871 1242 2923 lu’s
1282 2873 1520 2926 omuibus
1555 2873 1779 2945 denique
1811 2874 2079 2940 accedere,

83 2955 223 3029 quod
265 2955 358 3011 diu
397 2955 636 3012 Socratis
677 2957 1070 3012 consuetudine
1110 2967 1160 3012 et
1205 2960 1544 3014 sermonibus
1585 2962 1906 3016 caruissent.

161 3043 483 3116 Sequiorum
539 3046 970 3102 additamentum
1015 3046 1269 3102 obscurat
1325 3049 1706 3103 sententiaml
1767 3066 1821 3103 11.
1867 3053 1956 3103 55.
1998 3048 2081 3104 ἵνα

84 3132 247 3187 τοΙνυν
287 3135 362 3199 μὴ
413 3136 721 3201 ἀμφίβολον
763 3134 791 3203 ᾖ
841 3135 926 3208 [ὥς
978 3134 1113 3188 ἄλλο
1157 3157 1207 3190 τι
1263 3139 1387 3191 ποιῶ
1436 3140 1464 3201 ἢ
1507 3138 1578 3191 τα
1637 3136 2079 3208 προηγορευμένα]

86 3218 290 3286 ὁρίσατέ
341 3241 427 3286 μοι
482 3225 630 3287 mi„
693 3224 782 3278 ubi
842 3222 968 3295 quid
1033 3222 1250 3279 tandem
1311 3225 1412 3279 sibi
1459 3225 1624 3280 velint
1679 3224 1841 3279 verba
1899 3226 1964 3284 ὥς
2003 3254 2081 3266 --

86 3309 530 3376 προηγορευμένα,
572 3313 835 3383 suspicari
877 3311 1052 3382 magis
1093 3328 1253 3384 quam
1293 3314 1576 3386 perspicue
1617 3312 1919 3382 intelligere
1962 3328 2079 3382 pos-

32 3420 39 3439 ·
88 3395 196 3459 sis,
252 3413 427 3469 neque
466 3400 770 3467 ἀμφίβολον
822 3402 887 3462 ὥς
945 3405 1091 3455 recte
1144 3402 1586 3474 coniunguntur,
1628 3399 1719 3455 scd
1770 3400 2079 3470 ἀμφίβολον

86 3482 128 3535 εἰ
172 3481 460 3540 dicendum
496 3495 629 3541 erat.

163 3570 345 3625 Eiecto
405 3573 723 3630 emblemate
775 3577 1024 3649 expedies
1082 3579 1254 3633 locum
1307 3581 1356 3631 in
1419 3579 1610 3632 vicinia
1654 3575 1693 3629 Ι.
1739 3595 1792 3631 u.
1838 3580 1924 3631 54.
1984 3577 2077 3644 ζῶν

1657 3668 1700 3699 60
