2436 4068
1094 268 1145 305 IX

158 416 342 465 nostra
372 407 638 464 industria
674 415 924 482 appareat
961 417 1013 463 et
1041 409 1228 464 iudicii
1269 424 1495 463 acumen
1538 415 1591 463 et
1639 423 1767 463 sana
1807 407 2037 462 eruditio
2072 414 2125 464 et

159 516 411 566 accurata
452 510 771 565 Graecitatis
791 509 1164 580 intelligentia.
1209 508 1453 581 Optimus
1474 508 1699 581 quisque
1720 508 1948 579 scriptor
1968 508 2124 563 Grae-

159 628 257 666 cus
296 610 482 665 multis
523 610 730 665 mendis
771 610 1079 665 etiamnunc
1120 609 1327 664 obsitus
1375 616 1489 675 est,
1531 625 1666 681 quae
1705 610 1867 663 certis
1914 608 2126 663 indiciis

159 709 485 782 deprehendi
528 718 752 782 possunt
804 718 857 765 et
902 709 1063 764 simul
1122 709 1384 782 deprensa
1435 710 1630 765 sanari.
1710 709 1771 764 In
1809 709 1895 764 his
1931 709 2024 764 ubi
2063 709 2127 765 de

158 811 350 866 mendo
386 818 594 866 constat
629 818 814 883 parata
848 818 930 866 est
962 810 1243 866 medicina.
1323 811 1460 866 Illud
1494 828 1663 883 genus
1690 812 1945 866 vitiorum
1978 810 2126 874 dico,

156 929 262 983 quo
298 913 522 983 antiqua
575 911 826 983 loquendi
864 911 1192 967 consuetudo
1241 910 1308 965 ad
1348 912 1593 966 vitiosam
1630 913 1937 983 sequiorum
1979 912 2127 975 συνή-

155 1014 292 1066 θειαν
333 1018 532 1066 temere
573 1010 759 1066 reficta
798 1019 898 1069 est.
977 1012 1122 1066 Nihil
1179 1011 1339 1068 habet
1385 1029 1447 1067 ea
1487 1029 1573 1067 res
1613 1012 1752 1084 quod
1808 1029 2128 1084 magnopere

153 1113 371 1168 mireris
408 1113 464 1166 in
503 1118 655 1166 tanta
700 1119 1064 1167 correctorum
1099 1112 1316 1168 levitate
1351 1119 1406 1168 et
1450 1113 1667 1183 linguae
1717 1114 1914 1167 veteris
1967 1113 2126 1167 insci-

153 1214 266 1278 tia,
326 1212 535 1284 qualem
590 1213 802 1284 saepius
859 1214 1021 1269 etiam
1078 1214 1136 1268 in
1188 1213 1426 1269 eruditis·
1470 1214 1747 1285 magistris
1802 1214 2126 1270 notavimus·

153 1313 332 1381 Quum
372 1331 555 1368 omnes
604 1315 793 1369 vitiose
831 1314 1180 1386 loquerentur
1230 1315 1393 1369 etiam
1435 1314 1688 1370 Veterum
1739 1312 1903 1367 libros
1943 1313 2127 1369 eadem

152 1416 299 1471 labes
339 1417 557 1471 inficere
610 1417 818 1488 coepit,
873 1432 1046 1488 neque
1086 1423 1239 1471 erant
1276 1416 1463 1470 Critici
1502 1417 1595 1488 qui
1646 1421 1993 1470 monumenta
2034 1431 2127 1469 an-

154 1518 425 1589 tiquitatis
459 1519 771 1590 incorrupta
812 1517 880 1572 ad
923 1524 1161 1590 posteros
1210 1524 1583 1590 propagarent.
1665 1517 1779 1585 Quo
1824 1518 2037 1589 saepius
2073 1518 2128 1571 in

152 1618 376 1674 Graecia
420 1625 730 1673 senescente
768 1626 822 1673 et
862 1618 1133 1691 decrepita
1179 1617 1305 1672 libri
1342 1618 1598 1674 Veterum
1650 1617 2128 1684 describebantur,
2171 1614 2172 1617 ’

154 1735 215 1775 eo
254 1719 407 1792 plura
457 1721 587 1775 vitia
641 1721 952 1775 inveteratis
1005 1737 1140 1775 nova
1178 1719 1516 1776 accedebant.
1598 1720 1769 1788 Quam
1826 1736 1980 1792 saepe
2027 1721 2129 1792 ipsi

155 1819 376 1876 Veteres
433 1820 498 1875 de
553 1822 822 1894 corruptis
887 1821 1039 1876 libris
1106 1828 1405 1893 querantur
1464 1823 1677 1894 saepius
1738 1828 1790 1876 et
1850 1821 1982 1876 alias
2045 1821 2132 1876 de·

154 1924 573 1977 monstravimus
626 1930 678 1978 et
735 1939 906 1994 nuper
957 1922 1025 1977 ad
1077 1922 1364 1996 Hyperidis
1410 1922 1566 1988 λόγον
1619 1921 1912 1991 ἐπιτάφιον.
2006 1923 2130 1977 Pro-

153 2022 295 2078 ferre
330 2041 475 2078 nunc
524 2026 671 2078 iuvat
720 2023 1058 2078 luculentum
1106 2022 1290 2078 Galeni
1330 2023 1701 2078 testimonium
1741 2022 1807 2077 de
1848 2023 2132 2080 Codicibus

154 2132 521 2180 correctorum
571 2125 787 2181 levitate
842 2127 950 2180 iam
988 2131 1106 2179 tum
1161 2123 1511 2196 interpolatis
1591 2124 1651 2178 In
1699 2123 1836 2178 libro
1874 2125 1964 2179 ΙΙΙ.
2019 2126 2128 2194 περὶ

152 2227 426 2287 δυσπνοίας
486 2227 638 2281 Tom.
676 2226 793 2282 VII.
855 2243 905 2297 p.
948 2228 1079 2281 982.
1136 2223 1317 2280 Kuhn.
1374 2241 1542 2296 quum
1601 2230 1931 2296 perveterem
1989 2225 2133 2281 lacu-

154 2343 279 2383 nam
316 2329 372 2381 in
415 2326 551 2381 libro
595 2328 931 2400 Hippocratis
971 2325 1409 2399 deprehendisset
1460 2331 1514 2381 et
1554 2326 1631 2381 ita
1666 2325 1922 2382 dixisset:
1981 2328 2131 2383 άλλά

154 2451 232 2492 τις
284 2434 381 2484 τῶν
430 2435 667 2483 παλαιῶν
706 2429 1108 2499 βιβλιογράφων
1146 2427 1372 2498 ἥμαρτεν
1415 2427 1571 2483 ἔπειθ’
1611 2426 1766 2490 οὕτως
1815 2428 1934 2497 ἕχον
1974 2428 2132 2500 ἔφθα-

155 2552 242 2585 σεν
290 2531 542 2594 ἐκδοθῆναι
595 2534 653 2586 τὸ
705 2532 915 2598 βιβλίον
955 2531 1237 2602 ἐφυλάχθη
1278 2552 1336 2585 τε
1379 2531 1582 2593 εἰκότως
1621 2531 1779 2600 μέχρι
1817 2533 1955 2601 δεῦρο
1993 2535 2133 2588 τοῦτ’

156 2633 285 2687 αὐτὸ
332 2634 390 2686 τὸ
440 2631 710 2701 σφάλμα,
764 2638 906 2688 τινῶν
957 2634 1052 2699 μὲν
1089 2632 1337 2701 ὀλιγώρως
1384 2632 1690 2698 ὁμιλούντων
1742 2640 1846 2695 τοῖς
1895 2640 1993 2689 τῶν
2034 2655 2135 2690 πα-

154 2738 312 2788 λαιῶν
363 2734 591 2800 βιβλίοις
626 2767 736 2798 —-‚
796 2735 931 2789 ἐνίων
991 2735 1042 2789 δὲ
1097 2733 1433 2803 γνωριζόντων
1490 2735 1584 2799 μὲν
1639 2734 1790 2788 άλλά
1848 2737 2133 2804 προσθεῖναι

154 2838 214 2891 τὸ
271 2842 448 2890 λεῖπον
498 2838 552 2889 οὐ
607 2839 944 2903 τολμώντων,
1002 2843 1119 2891 tum
1167 2836 1298 2891 haec
1352 2834 1512 2890 verba
1567 2835 1847 2907 subiungit
1902 2838 2135 2894 maxime

151 2937 556 2992 memorabilia:
617 2941 670 2993 οὐ
730 2939 834 3007 γάρ
890 2940 948 3001 δὴ
1006 2940 1250 3006 ὁμοίως
1310 2946 1452 2999 τοῖς
1513 2943 1621 2993 νῦν
1675 2940 1717 2993 οἱ
1773 2938 1983 3007 πρόσθεν
2042 2943 2133 2995 εὑ-

155 3046 379 3106 χερεῖς
435 3035 598 3100 ἦσαν
646 3039 789 3093 οὐδ’
832 3038 1095 3105 ἕτοιμοι
1137 3039 1640 3109 παραγράφειν
1681 3040 1994 3095 παλαιάν
2032 3042 2131 3096 λε’-

155 3138 191 3203 ξ
205 3161 260 3195 ιν
331 3140 572 3201 ὡσαύτως
627 3141 1000 3209 γεγραμμένην
1066 3143 1117 3195 ἐν
1170 3140 1340 3195 ἅπασι
1409 3148 1514 3203 τοῖς
1568 3140 1946 3212 άντιγράφοις,
2008 3145 2132 3197 άλλ’

154 3241 566 3304 ἐπισημήνασθαι
619 3240 768 3306 μόνον
816 3243 991 3303 αὐτοῖς
1046 3243 1216 3296 ἱκανὸν
1267 3240 1322 3304 ἦν
1379 3245 1441 3304 ὡς
1495 3244 1716 3297 ἐνταῦθα
1762 3243 1857 3310 μὲν
1906 3245 2129 3306 ἐλλιπῶς

155 3341 207 3393 ἐν
246 3343 315 3409 τῷ
352 3338 480 3409 ἕκτῳ
530 3341 581 3395 δὲ
636 3343 734 3396 τῶν
786 3342 1098 3407 Ἐπιδημιῶν
1149 3343 1335 3405 τελέως
1385 3343 1708 3413 γέγραπται.
1784 3345 1906 3398 Post
1959 3361 2129 3416 pauca

156 3438 364 3495 duriter
422 3443 661 3513 increpat
722 3442 1038 3506 librarium,
1093 3445 1184 3515 qui
1227 3451 1425 3500 temere
1473 3446 1808 3518 Hippocratis
1868 3453 2129 3500 correcto-

161 3558 273 3596 rem
315 3544 544 3613 egisset:
605 3545 676 3604 εἷς
730 3543 877 3612 ἄκρον
921 3547 1115 3614 άφῖκτο
1163 3548 1485 3615 περιεργίας,
1530 3547 1738 3618 inquit,
1781 3547 2123 3616 ἐπανορθωτην

159 3643 312 3698 αὑτὸν
366 3650 463 3699 τῶν
523 3645 883 3713 Ἱπποκράτους
942 3647 1406 3717 συγγραμμάτων,
1468 3652 1565 3714 οὐχ
1626 3647 1907 3715 ὑπηρέτην,
1966 3649 2124 3718 παρέ·
