2436 4068
1323 200 1428 248 562

375 347 532 413 βίαια
573 352 748 398 ποιεῖν.
829 343 1015 413 Itaque
1063 342 1234 407 βίαιόν
1274 364 1323 396 τι
1375 342 1570 409 πάσχω
1625 350 1676 396 et
1715 344 1871 408 βίαια
1918 344 2113 410 πάσχω
2160 344 2357 398 Graece
2415 374 2422 401 2,

374 435 596 488 (licitur.
677 430 987 485 Absurdum
1044 437 1124 484 est
1175 429 1391 494 δεσμόν,
1445 429 1700 495 θάνατον,
1750 433 1928 500 φυγὴν
1986 439 2147 486 ποιεῖν
2205 430 2358 496 τινα,
2409 421 2427 508 'J

371 524 554 592 itaque
590 517 883 572 absurdum
911 525 990 571 est
1021 518 1206 583 δεσμὸν
1247 517 1480 585 πάσχειν
1523 525 1624 572 cet.
1705 518 1986 573 Caeterum
2026 519 2241 589 vulgata
2275 536 2359 572 sa·

374 610 601 663 nissima
642 613 724 660 est
756 612 862 667 πῶς
896 607 1000 673 γὰρ
1041 604 1105 659 ἄν
1143 627 1222 667 τις
1258 605 1495 674 τύραννος
1529 638 1605 647 —-
1633 609 1662 661 δ
1675 609 1926 673 εσμοὺς
1967 606 2357 674 οὶντιπαροέσχοι
2407 646 2410 651 -

371 695 513 757 δ’σους
554 696 611 758 δὴ
652 693 990 759 ε’δέσμευσεν,
1033 692 1126 747 sed
1177 693 1319 747 docti
1361 693 1607 748 homines
1647 696 1827 761 δεσμοί
1865 701 1918 749 et
1959 693 2137 760 δεσμοὶ
2189 695 2362 765 negli-
2406 694 2425 773 ,ἦ

369 785 587 856 gentius
639 781 1015 837 confuderunt.
1097 781 1290 847 Δεσμα
1347 790 1475 835 sunt
1528 783 1774 845 vincula,
1815 782 2012 854 quibus
2070 783 2192 852 quis
2233 799 2358 837 con-

371 872 698 942 stringitur,
740 869 830 923 sed
871 869 1059 935 δεσμός
1100 876 1184 924 est
1222 871 1279 922 in
1319 888 1580 924 carcerem
1620 869 1864 925 coniectis>
1911 878 1959 924 et
1999 871 2269 942 captivitas
2304 872 2358 925 in
2404 895 2422 938 5·

368 960 608 1014 vinculi&
690 958 779 1013 Sic
819 957 1044 1011 Athenis
1083 959 1270 1024 δεσμὸν
1310 959 1763 1023 καταγιγνώσκειν
1813 958 2074 1011 dicuntur
2115 958 2357 1024 iudiceS,

369 1064 601 1121 quorum
642 1046 925 1101 sententiis
966 1045 1162 1116 aliquis
1204 1047 1257 1099 in
1300 1045 1599 1100 custodiam
1637 1046 1906 1114 publicam
1942 1047 2266 1113 coniicitur,
2307 1055 2360 1102 et
2409 1102 2415 1110 ,

369 1135 556 1202 δεσμός
598 1134 872 1206 significat
923 1133 1033 1188 sere
1072 1137 1130 1189 τὸ
1170 1135 1431 1199 δεδέσθαι,
1475 1142 1534 1189 ut
1586 1135 1805 1196 θάνατος
1858 1140 1940 1189 est
1983 1136 2041 1189 τὸ
2099 1135 2355 1191 τεθνάναι.
2400 1120 2403 1125 i

369 1228 559 1296 Itaque
610 1230 670 1278 ut
721 1222 786 1277 ‹le
824 1222 1071 1293 pluribus
1128 1224 1335 1278 θάνατοι
1378 1223 1486 1277 dici
1540 1222 1701 1286 solet,
1761 1223 1840 1277 sic
1883 1223 2062 1289 δεσμοί
2102 1240 2131 1277 a
2187 1224 2358 1278 Xeno·
2402 1259 2406 1284 2

369 1314 570 1387 phonte
623 1318 704 1367 est
751 1312 989 1383 positum
1031 1310 1096 1365 de
1135 1312 1417 1383 pluribuS,
1473 1312 1566 1382 qui
1614 1311 1670 1363 in
1711 1327 1987 1366 carcerem
2044 1327 2075 1365 a
2125 1318 2358 1385 tyranno
2402 1299 2411 1367 J

368 1403 496 1457 olim
535 1401 763 1456 coniecti
807 1398 1054 1453 fuissent.
1135 1400 1237 1466 Qui
1291 1400 1407 1454 fieri
1446 1405 1657 1471 potest,
1709 1400 1887 1470 inquit
1934 1399 2131 1464 Hiero,
2175 1408 2234 1454 ut
2277 1408 2357 1474 ty·
2400 1410 2401 1416 ’

367 1507 573 1546 rannus
614 1505 739 1560 opes
771 1503 906 1559 quas
946 1487 1208 1558 eripuerit
1243 1503 1428 1542 omnes
1467 1488 1749 1552 restituat,
1791 1494 1844 1541 et
1887 1487 2098 1542 tamdiu
2134 1489 2188 1542 in
2237 1505 2377 1542 car-1

366 1596 488 1634 cere
509 1577 668 1649 degat
710 1578 852 1648 ipse,
894 1575 1155 1647 quamdiu
1190 1575 1320 1629 alios
1359 1577 1414 1628 in
1459 1575 1689 1629 vinculis
1723 1575 1989 1639 tenuerit,
2030 1582 2083 1629 et
2124 1583 2352 1631 mortem
2404 1594 2405 1598 ¹

367 1669 528 1722 toties
587 1671 832 1737 oppetat,
895 1671 1024 1735 quot
1082 1664 1227 1718 cives
1285 1663 1503 1735 capitali
1563 1663 1827 1735 supplicio
1884 1663 2162 1718 affecerit?
2244 1665 2355 1718 Hoc

366 1759 545 1828 ipsum
585 1753 785 1812 tamdiu
821 1753 877 1806 in
917 1771 1122 1806 carcere
1163 1770 1272 1807 csse
1310 1752 1564 1824 quamdiu
1600 1752 1768 1805 alium
1807 1752 1864 1805 iu
1903 1752 2126 1806 vinculis
2183 1761 2353 1807 tenue·

363 1845 439 1898 ris
480 1843 682 1915 optime
723 1841 923 1897 Graece
957 1840 1065 1894 dici
1106 1841 1292 1907 δεσμὸν
1331 1840 1705 1909 ἀντιπαρέχειν
1745 1841 1845 1895 τινί
1886 1848 1939 1894 el.
1995 1840 2060 1894 de
2109 1840 2355 1912 pluribus

364 1932 584 1998 δεσμοὺς
637 1930 1009 1998 ἀντιπαρέχειν
1050 1927 1194 1989 ὅσους
1233 1949 1313 1989 τις
1355 1930 1510 1989 αὐτὸς
1553 1928 1728 1991 ἔδησεν
1783 1927 2092 1999 intelligunt
2135 1946 2355 1994 omneS,
2381 1914 2436 2003 [⁵3

367 2022 459 2094 qui
511 2019 711 2075 Graece
765 2019 963 2072 sciunt.
1045 2017 1126 2071 Ex
1178 2015 1262 2070 his
1314 2019 1447 2072 satis
1496 2016 1824 2089 intelligitur
1874 2033 2036 2089 quam
2089 2016 2262 2072 futilis
2302 2025 2379 2072 et
2384 2005 2434 2086 ἢ]

367 2109 545 2164 inanis
586 2107 658 2162 sit
696 2106 947 2160 Moeridis
980 2105 1448 2160 annotatiuncula:
1490 2106 1735 2173 Δεσμα
1775 2105 2041 2174 οὐδετέρως
2082 2110 2385 2167 ureniana..-
2387 2087 2423 2135 ¹⁴

367 2197 606 2262 δεσμοι
649 2197 922 2263 ἀρσενικῶς
962 2199 1303 2257 Ελληνικῶς.
1375 2193 1613 2265 Utraque
1654 2193 1827 2249 forma
1867 2200 1921 2248 et
1959 2195 2159 2249 caeteri
2197 2138 2433 2249 Grae-vis>

369 2288 420 2341 ci
456 2301 643 2339 omnes
682 2289 736 2338 et
775 2283 943 2337 Attici
985 2290 1248 2346 utuntur,
1305 2280 1397 2335 sed
1452 2298 1557 2336 non
1609 2284 1949 2354 promiscue,
2009 2290 2066 2336 ut
2118 2283 2260 2336 inter
2301 2242 2427 2356 seii

367 2373 672 2447 permutari
714 2372 946 2444 possint,
986 2370 1154 2426 veluti
1190 2371 1247 2423 in
1288 2369 1526 2424 Platonis
1567 2371 1696 2441 Rep.
1731 2370 1796 2424 II.
1838 2387 1890 2442 p.
1925 2373 2034 2424 578
2076 2371 2136 2425 D
2187 2370 2392 2439 Ἥρας
2426 2359 2432 2372 ”

367 2465 419 2519 δὲ
461 2461 752 2526 δεσμοὺς
808 2459 905 2513 ὑπὸ
948 2460 1075 2521 υἱέος
1117 2480 1202 2514 και
1245 2459 1505 2527 Ἠφαίςου
1544 2459 1709 2528 ῥίψεις
1752 2460 1848 2512 ὑπὸ
1899 2459 2128 2526 πατρός,
2179 2459 2234 2512 id
2276 2465 2381 2513 est
2417 2476 2427 2531 ἦ

365 2553 423 2619 τὸ
465 2551 694 2606 δεδέσθαι
746 2548 911 2615 “Ηραν
952 2550 1050 2603 ὑπὸ
1088 2548 1216 2609 υἱέος
1258 2568 1344 2601 και
1387 2549 1485 2601 ὑπὸ
1542 2567 1734 2614 πατρος
1783 2547 1994 2615 Ἥφαις
1997 2567 2047 2600 ον
2087 2548 2378 2616 ἐρρῖφθαι,
2418 2570 2427 2590 ι

365 2643 443 2695 ita
485 2640 690 2693 dictum
729 2643 809 2691 est
852 2643 910 2690 ut
949 2636 1120 2703 δεσμα
1162 2654 1260 2708 pro
1310 2637 1528 2702 δεσμούς
1582 2635 1922 2707 suppositum
1965 2636 2135 2688 risum
2178 2653 2367 2690 move-

365 2736 466 2787 ret.
547 2725 838 2782 Dorvillius
893 2725 1064 2795 igitur
1113 2741 1281 2796 quum
1338 2724 1598 2778 scriberet
1653 2723 1770 2777 »vel
1822 2724 2151 2778 mediocriter
2198 2743 2370 2795 pecu-⁴

364 2818 508 2871 nioso
546 2833 649 2868 non
682 2813 897 2885 difficile
937 2822 1006 2867 lot
1045 2821 1263 2867 catenas
1302 2814 1574 2867 restituere
1596 2812 1629 2834 ''
1670 2813 1889 2878 δεσμούς
1930 2819 1983 2866 et
2022 2812 2193 2878 δεσμοὶ
2230 2829 2349 2866 con·
2402 2797 2422 2875 ,ἦ

365 2904 597 2960 fundens
647 2902 970 2956 sententiam
1025 2901 1127 2955 loci
1170 2918 1276 2954 non
1317 2906 1752 2966 estassecutus,
1809 2901 1975 2954 etsie
2016 2900 2192 2955 locum
2245 2894 2429 2954 nonus-‘s

367 2991 702 3047 intellectum
739 2988 940 3044 infelici
977 2988 1410 3043 correctiuncula
1447 2990 1720 3061 corrupit,
1759 3005 1921 3060 quam
1953 2995 2134 3043 tamen
2167 3004 2362 3043 omnes
2386 3030 2396 3051 „
2422 2995 2432 3058 f

365 3081 541 3137 adhuc
582 3078 784 3132 frustra
824 3077 1118 3146 probarunt
1159 3085 1212 3131 et
1252 3085 1575 3148 receperunt
1615 3078 1670 3130 in
1705 3084 1931 3131 textum.
2362 3074 2390 3125 .’
2424 3062 2426 3067 ’

442 3167 636 3235 Δεσμοέ
690 3165 991 3220 scribarum
1048 3166 1290 3219 socordia
1344 3166 1564 3236 irrepsit
1619 3165 1674 3217 in
1727 3164 2092 3235 fragmentum
2155 3159 2394 3219 incerti«¹

368 3258 612 3329 Tragici,
653 3271 812 3327 quem
853 3253 1008 3307 facile
1044 3255 1222 3324 quivis
1255 3253 1571 3324 Euiipidem
1615 3269 1730 3307 esse
1770 3253 2164 3324 suspicabitur,
2206 3250 2369 3338 apud}>
2388 3239 2389 3242 ¹

365 3347 692 3402 Clementem
733 3341 1015 3397 Alexandr.
1073 3341 1272 3396 Suom.
1312 3340 1403 3396 IV.
1462 3358 1512 3411 p.
1553 3344 1679 3394 587.
1741 3340 1879 3394 Pott.
1905 3384 1918 3405 ‚
1960 3341 2052 3396 ubi
2095 3342 2171 3397 sic
2214 3339 2347 3395 scri-

366 3436 545 3490 bitur.
579 3433 653 3487 “A
689 3433 731 3486 δ
772 3430 1075 3484 ἐκπυθέσθαι
1116 3437 1208 3492 τῆς
1247 3430 1375 3493 ἐμῆς
1410 3428 1618 3496 χρῄζεις
1660 3428 1877 3496 φρενός,
2356 3459 2358 3461 -

669 3519 772 3573 οὔτ’
814 3540 878 3572 αν
918 3519 1171 3572 καταίθων
1213 3516 1328 3571 οὔτε
1371 3537 1555 3585 κρατος
1597 3515 1656 3579 ἐξ
1695 3537 1847 3585 ακρου

670 3609 854 3667 δεινοὺς
899 3607 1084 3667 καθιεὶς
1127 3607 1394 3674 πρίονας
1451 3607 1520 3666 εἷς
1563 3603 1742 3673 ἄκρους
1786 3606 1946 3664 πόδας
