2436 4068
1054 273 1118 308 XV

110 421 230 475 dam
289 417 495 488 legibus
551 416 802 470 Criticam
859 414 1170 469 facultatem
1220 429 1406 485 regere
1459 419 1514 469 et
1573 430 1818 471 coercere
1868 418 2078 475 vellent.

110 522 363 592 Superest
412 518 674 590 hodieque
720 516 1107 586 Theologorum
1159 532 1330 587 genus
1373 516 1466 587 qui
1513 515 1772 571 mirificas
1823 519 2080 590 quasdam

108 621 321 692 regulas
361 621 584 675 Criticas
618 620 1043 679 constituerunt,
1089 616 1181 671 sed
1220 617 1521 672 rectissime
1558 619 1928 689 pronuntiavit
1966 622 2080 676 Cri-

108 725 342 778 ticorum
390 722 639 793 princeps
673 718 943 774 Bentleius
980 719 1035 771 in
1072 719 1251 773 aureis
1290 718 1769 775 Emendationihus
1821 720 1888 776 ad
1932 723 2080 779 Cice·
2164 775 2166 777 .

105 826 254 878 ronis
292 821 621 877 Tusculanas
655 820 747 874 111.
790 824 841 875 9.
923 819 1049 873 »Eoe
1085 819 1415 891 qeneralibus
1453 820 1566 874 illis
1603 819 1750 875 Artis
1787 823 1956 877 nescio
1995 841 2079 878 cu-

103 926 188 978 ius
228 924 446 979 Criticae
483 922 681 994 repulia
722 939 822 976 non
863 929 938 976 est
986 921 1049 975 de
1090 920 1216 976 locis
1254 922 1475 993 sinqulis
1514 923 1762 977 sententia
1803 924 2079 995 ferenda.”

104 1024 248 1078 Nihil
288 1030 477 1078 contra
531 1022 719 1077 utilius
773 1029 854 1076 est
910 1036 1070 1092 quam
1122 1019 1519 1076 observationes
1573 1023 2082 1096 palaeographicae,

103 1142 228 1180 nam
265 1125 357 1197 qui
397 1123 714 1179 mendorum
757 1123 1114 1195 plurimorum
1157 1123 1421 1194 originem
1461 1124 1627 1178 certis
1667 1123 1883 1180 indiciis
1928 1126 2080 1183 inda-

19 1273 27 1279 .
102 1228 249 1297 gavit
287 1225 471 1280 eadem
513 1239 673 1296 opera
721 1224 779 1277 in
831 1222 963 1277 locis
1003 1224 1272 1295 corruptis
1316 1229 1370 1279 et
1409 1225 1528 1279 vitii
1566 1223 1746 1279 sedem
1793 1226 2078 1299 investiga·

99 1326 177 1381 bit
214 1333 269 1381 et
301 1324 746 1391 emendationem!
769 1330 972 1378 certam
1013 1324 1262 1395 reperiet.

173 1427 292 1482 Alia
330 1432 412 1481 est
443 1425 588 1481 labes
626 1425 876 1480 omnihus
916 1424 1070 1479 libris
1102 1426 1433 1492 communiS‚
1480 1442 1616 1498 quae
1654 1425 1906 1499 plurimis
1945 1428 2077 1485 locis

97 1530 326 1601 pessime
366 1534 608 1600 grassata
648 1526 811 1582 simul
850 1525 1175 1599 deprehendi
1214 1533 1390 1598 potest
1435 1543 1498 1582 ac
1523 1528 1666 1583 tolli.
1741 1529 2077 1587 Emblemata

96 1629 215 1684 dico
253 1636 307 1684 et
347 1628 784 1701 interpolationes
824 1644 981 1683 omne
1019 1644 1225 1699 genuS,
1267 1627 1462 1701 quibus
1502 1628 1628 1684 olim
1666 1629 1817 1685 scioli
1862 1637 1916 1686 et
1964 1648 2075 1687 ma·
2155 1627 2157 1630 ’

92 1730 290 1803 gistelli
351 1739 403 1786 et
459 1731 615 1785 otiosi
669 1730 894 1785 lectores
950 1729 1115 1784 libros
1166 1746 1292 1785 suos
1360 1747 1457 1785 suo
1515 1731 1780 1786 arbitratu
1832 1732 2074 1804 oppleve-

89 1839 257 1897 runt,
317 1848 450 1904 quas
500 1831 692 1886 deinde
753 1831 963 1885 librarii
1019 1831 1310 1885 oscitantes
1354 1838 1674 1903 receperunt
1727 1833 1784 1886 in
1829 1838 2072 1899 textum,

90 1950 196 2005 quo
237 1932 441 1988 factum
485 1940 564 1987 est
613 1939 675 1987 ut
716 1931 1028 2003 saepissime
1068 1932 1124 1984 in
1178 1930 1435 1986 Veterum
1488 1930 1642 1986 libris
1697 1938 1749 1987 et
1804 1936 2070 1991 sententia

86 2041 140 2089 et
180 2035 352 2089 oratio
391 2032 621 2088 inficetis
658 2039 712 2087 et
754 2032 973 2086 insulsis
1025 2030 1407 2086 additamentis
1453 2031 1713 2103 impedita
1751 2034 1824 2088 sit
1857 2041 1910 2089 et
1947 2052 2068 2092 one-

83 2143 219 2191 rata.
298 2136 358 2189 In
394 2134 480 2188 his
519 2135 863 2205 potissimum
911 2132 1370 2205 deprehendendis
1413 2149 1629 2189 necesse
1672 2142 1754 2190 est
1792 2141 1916 2190 ante
1954 2153 2065 2192 om-

80 2236 170 2290 nia
226 2235 503 2304 ingenium
554 2234 747 2289 afferre
805 2234 1061 2289 Veterum
1118 2234 1345 2290 lectione
1396 2235 1472 2290 ita
1525 2235 1809 2292 subactum
1860 2244 1921 2293 ut
1965 2239 2064 2296 tibi

79 2338 295 2393 animus
338 2338 419 2411 (ut
440 2337 622 2391 Livius
662 2335 860 2390 alicubi
892 2335 1153 2409 loquitur)
1197 2335 1290 2392 fiat
1330 2338 1612 2410 antiquuS,
1651 2346 1705 2393 et
1745 2340 1822 2394 ita
1861 2341 2061 2397 sentias

77 2446 131 2494 et
170 2440 372 2510 cogites
410 2446 469 2492 ut
511 2437 587 2491 illi
632 2437 852 2492 Veteres
899 2444 952 2492 et
992 2437 1298 2509 cogitabant
1351 2444 1405 2493 et
1458 2439 1775 2495 sentiebant.
1855 2441 2058 2499 Deinde

75 2555 209 2611 opus
249 2545 330 2593 est
363 2538 457 2592 diu
495 2545 547 2593 et
583 2537 816 2593 multum
858 2555 1097 2593 versasse
1130 2538 1347 2594 Codices
1382 2539 1504 2595 Mss.
1546 2540 1689 2596 unde
1728 2541 2054 2600 Graecarum

77 2640 382 2695 litterarum
436 2646 784 2694 monumenta
839 2638 906 2694 ad
956 2656 1052 2694 nos
1107 2649 1485 2713 pervenerunt.
1569 2643 1657 2697 Sic
1705 2642 1923 2700 demum
1965 2645 2056 2701 fir-

74 2742 238 2796 miter
275 2740 375 2795 tibi
413 2739 756 2813 persuadebis
809 2757 871 2795 ea
910 2742 1118 2808 omnia,
1171 2759 1308 2814 quae
1352 2744 1408 2798 in
1456 2743 1563 2799 illis
1613 2745 1931 2818 capitalibus
1977 2748 2055 2803 in-

77 2843 250 2914 geniis
299 2841 651 2897 intolerabilia
690 2858 805 2897 esse
851 2851 904 2898 et
945 2842 1091 2897 nullo
1130 2850 1284 2915 pacto
1323 2843 1451 2899 ferri
1491 2861 1645 2917 posse
1691 2849 2054 2919 perspexeriS,

77 2959 183 2997 non
219 2960 332 2999 esse
372 2942 437 2997 ab
485 2944 616 3016 ipsis
657 2942 892 3015 prosecta
941 2942 1033 2998 sed
1083 2945 1390 3015 sequiorum
1434 2943 1622 3001 fraude
1662 2946 1742 3002 vel
1783 2949 2055 3021 negligen-

79 3045 154 3099 tia
192 3044 527 3117 interpolata.
609 3043 697 3099 Sic
730 3043 946 3099 demum
994 3062 1181 3118 sapere
1225 3045 1460 3102 audebis,
1540 3048 1744 3104 Natura
1779 3050 1922 3105 enim
1961 3050 2051 3106 ho-

74 3146 247 3200 mines
285 3146 437 3218 proni
474 3162 664 3200 sumus
723 3146 790 3201 ad
827 3163 887 3202 ea
937 3147 1301 3203 conservanda
1340 3165 1476 3221 quae
1520 3149 1678 3222 longa
1726 3149 1839 3206 dies
1881 3151 2049 3207 veluti

73 3247 349 3302 maiestate
389 3247 617 3319 quadam
670 3250 1008 3321 antiquitatis
1055 3249 1288 3315 imbuit,
1348 3258 1401 3306 et
1438 3252 1595 3307 anxie
1634 3251 2048 3308 reformidamus

71 3363 130 3400 ca
182 3363 392 3403 movere
448 3355 541 3403 aut
602 3356 821 3421 tangere
873 3366 1009 3422 quae
1060 3349 1218 3422 longo
1271 3350 1606 3407 saeculorum
1659 3361 1838 3409 tractu
1884 3371 2048 3427 prope

72 3446 296 3503 dixerim
337 3457 646 3504 consecrata
697 3455 838 3504 sunt.
919 3450 1014 3505 Illa
1070 3450 1297 3506 formido
1346 3458 1399 3507 et
1450 3455 1748 3509 reverentia
1800 3455 2068 3528 lubenter*

75 3547 330 3604 candidae
381 3557 432 3605 et
477 3550 722 3606 amabilis
765 3550 1054 3606 modestiae
1114 3553 1346 3624 speciem
1399 3553 1576 3609 induit
1624 3556 1697 3609 nil
1748 3555 1848 3609 sibi
1900 3573 2044 3611 arro-

72 3650 250 3718 gantis
288 3657 371 3715 et,
419 3653 463 3706 si
515 3670 620 3724 qua
661 3652 796 3708 sorte
832 3653 1176 3709 subnascitur
1217 3653 1506 3721 dubitatio,
1546 3655 1817 3726 quodlibet
1866 3659 2043 3730 potius
