2436 4068
1028 178 1133 227 555

83 325 356 383 Dindorfio
394 323 572 378 iudice
615 324 732 398 (τῶν
773 318 1190 393 ςεφοινωμοὶτων)
1232 319 1424 383 ἥπτετο
1453 360 1465 382 ,
1509 318 1651 391 quod
1686 321 1834 392 ipse,
1877 321 2068 387 ered0‚

81 411 368 487 aliquando
406 411 691 467 subridens
733 409 1054 482 repudiabit.
1135 409 1322 463 Dicam
1365 406 1496 480 quid
1534 408 1670 462 mihi
1718 408 2066 465 scribendum

81 519 198 558 esse
236 502 518 564 videatur,
560 499 652 554 sed
693 499 932 570 primum
996 498 1108 568 ipse
1148 497 1325 566 cogita
1364 513 1527 568 quam
1568 496 1798 551 absurde
1853 497 2068 553 dicatur

77 590 302 664 Chrysis
345 597 459 643 lum
518 585 904 641 obdormivisse
942 581 1028 639 ὅτε
1071 586 1094 638 ὅ
1139 584 1334 652 λύχνος
1378 591 1476 639 τῶν
1534 586 1931 654 ςεφανωμοὶτων
1968 587 2071 652 ἤπ-

77 697 233 733 τετο;
274 689 444 746 quum
481 672 581 726 hoc
623 672 775 727 fieret
813 671 922 726 alto
961 688 1148 725 somno
1184 673 1412 743 sopitam
1454 671 1621 728 fuisse
1662 674 1918 729 credibile
1953 682 2068 741 est,
2149 673 2151 675 ’

78 761 172 817 sed
213 778 387 834 neque
429 760 548 834 (τῶν
568 757 987 831 ςεφανωμοὶτων)
1032 757 1224 822 ἥπτετο
1261 759 1545 830 cogitando
1578 760 1936 833 supplendum
1960 769 2072 828 est,

78 867 253 922 neque
304 849 498 915 ἥπτετο
556 865 748 902 sanum
790 854 904 911 est,
957 845 1051 902 sed
1090 845 1297 901 factum
1330 853 1413 900 est
1463 848 1519 901 in
1561 866 1623 903 ea
1665 850 1838 905 forma
1890 851 2070 916 idem,

79 939 224 1012 quod
262 938 577 1011 saepissime
615 938 671 990 in
714 935 984 990 similibus
1023 933 1227 989 factum
1269 950 1386 988 esse
1420 934 1548 989 vidi.
1628 937 1829 1010 Nempe
1869 939 2074 995 formae

76 1024 594 1101 plusquamperfecti
652 1023 1093 1096 frequentissime
1154 1021 1456 1095 imperfecti
1516 1022 1743 1080 formam
1801 1027 2073 1094 induunt,

79 1133 249 1189 quum
303 1133 403 1189 pro
454 1135 577 1169 -πτο
612 1113 873 1168 scribitur
929 1131 1147 1174 ·πτετο,
1199 1118 1262 1165 ut
1313 1112 1609 1168 ἐσκώπτετο
1669 1130 1764 1185 pro
1804 1114 2073 1181 ἔσκωπτο,

13 1213 18 1221 ’
81 1205 349 1271 ἐπέμπετο
401 1221 499 1276 pro
555 1202 867 1268 ἐπέπεμπτο
889 1242 903 1264 ,
956 1200 1193 1255 ἐλείπετο
1253 1216 1350 1271 pro
1389 1199 1691 1267 ἐλέλειπτο,
1743 1203 2073 1260 ἐκαλύπτετο

79 1310 179 1366 pro
217 1293 564 1348 ἐκεκαλυπτο.
645 1291 842 1344 Mirum
883 1295 967 1342 est
1018 1303 1180 1359 quam
1229 1303 1388 1360 saepe
1439 1289 1515 1343 sic
1568 1290 1626 1344 in
1678 1290 1835 1346 libris
1890 1308 2073 1363 pecca·

82 1389 198 1436 tum
242 1382 348 1446 sit,
387 1381 546 1436 cuius
586 1379 665 1434 rei
705 1377 839 1432 alias
886 1375 1154 1448 permulta
1190 1375 1433 1448 exempla
1471 1375 1725 1444 afferam,
1779 1396 1926 1434 nunc
1965 1395 2074 1436 uno

78 1469 346 1542 defungar
386 1470 440 1524 in
482 1469 598 1541 ipso
645 1465 808 1520 verbo
844 1462 1033 1530 ἅπτω,
1075 1463 1167 1518 ubi
1213 1463 1407 1529 ἥπτετο
1449 1464 1587 1520 male
1627 1483 1722 1538 pro
1763 1464 1893 1530 ἦπτο
1935 1469 2074 1541 posi·
2146 1529 2148 1531 ,

81 1566 198 1615 tum
239 1566 339 1614 est.
420 1558 647 1628 Legitur
678 1553 822 1626 apud
859 1552 1102 1608 Flavium
1138 1551 1428 1623 Iosephum
1462 1554 1516 1608 in
1559 1554 1739 1627 Antiq.
1784 1556 1945 1612 Hebr.
1979 1557 2073 1613 111.

76 1651 131 1703 6.
174 1650 227 1702 2.
280 1646 536 1711 ἐξήπτετο
589 1645 643 1700 δὲ
690 1649 789 1698 τῶν
838 1642 1015 1710 κρίκων
1069 1640 1337 1709 καλῴδια,
1397 1641 1491 1695 sed
1549 1640 1727 1697 locum
1778 1645 2071 1717 inspiciens

79 1737 267 1791 statim
308 1736 509 1791 senties
549 1733 740 1797 ἐξῆπτο
781 1746 971 1786 verum
1025 1746 1173 1784 esse:
1231 1730 1310 1783 sic
1351 1730 1522 1800 igitur
1576 1738 1631 1786 et
1680 1733 1821 1804 apud
1875 1735 2072 1790 Pausa·

79 1826 226 1878 niam
278 1822 515 1878 rescribe
555 1825 648 1885 τὴν
696 1820 880 1887 ἱέρειαν
926 1817 1081 1873 ὕπνου
1136 1818 1538 1884 καταλαβόντος
1586 1818 1672 1875 ὅτε
1727 1822 1749 1875 ὂ
1802 1822 1996 1891 λύχνος
2045 1824 2069 1877 ὅ

79 1915 174 1980 πρὸ
213 1918 312 1967 τῶν
350 1909 750 1981 ςεφανωμιέτων
802 1904 1004 1971 ἦπτο,
1045 1905 1099 1960 id
1138 1912 1221 1961 est
1260 1922 1429 1978 quum
1467 1925 1681 1962 accensa
1720 1918 1882 1974 esset,
1922 1911 2070 1966 arde-

74 2010 184 2065 rec,
244 2001 499 2064 lucerna,
554 2005 610 2054 et
657 2013 826 2052 novae
879 1994 1139 2066 Ellipseos
1190 1994 1398 2050 nullum
1450 1997 1718 2067 supererit
1760 1999 2067 2070 vestigium.

75 2089 137 2145 ln
177 2089 283 2143 alio
330 2089 446 2143 loco
501 2087 937 2149 Hellenicorum,
992 2098 1151 2154 quem
1196 2082 1504 2138 Dindorfius
1544 2083 1763 2140 adhibet
1798 2086 1838 2140 Ι.
1881 2104 1969 2142 νιι.
2014 2091 2066 2143 6.

77 2194 234 2233 nemo
269 2176 559 2231 mirabitur
600 2173 922 2229 tralaticiam
976 2170 1187 2242 ellipsin
1231 2172 1284 2224 in
1325 2171 1467 2239 εἴπερ
1505 2174 1570 2238 γέ
1616 2194 1761 2235 τινας
1802 2175 1930 2240 δέοι,
1972 2175 2066 2231 sed

0 2283 2 2294 ·
75 2265 211 2321 nibil
250 2265 376 2319 binc
418 2262 731 2336 proficimus
783 2260 847 2315 ad
891 2258 1295 2330 intelligendam
1336 2260 1602 2316 rationem
1650 2261 1881 2318 duorum
1923 2263 2061 2319 loco-

74 2370 235 2419 rum,
290 2355 343 2408 in
388 2351 585 2425 quibus
626 2367 712 2405 me
760 2349 938 2403 iudice
981 2347 1236 2403 mendum
1290 2348 1429 2403 inest
1470 2349 1853 2407 manifestum:
1896 2353 1952 2407 in
1993 2352 2066 2407 al-

0 2429 29 2528 {¹3
77 2450 193 2499 tero
243 2444 389 2497 enim
445 2441 636 2496 lacuna
677 2445 796 2502 est,
850 2438 904 2490 in
955 2436 1124 2491 altero
1165 2437 1328 2491 unius
1374 2437 1617 2492 vocabuli
1671 2440 1943 2511 scriptura
1983 2448 2066 2495 est

0 2539 8 2606 J»
72 2529 384 2603 depravata.
466 2531 684 2585 Lacuna
729 2534 810 2581 est
852 2526 906 2579 in
949 2525 1014 2579 11.
1061 2544 1132 2579 ιιι.
1182 2529 1265 2579 19.
1324 2542 1486 2597 quam
1540 2528 1617 2581 sic
1671 2528 2063 2600 suppleverim:

0 2516 36 2733 ’ἱ
70 2619 415 2686 βουλομένους
471 2619 589 2679 τοὺς
648 2616 925 2681 βελτίςους
982 2619 1079 2669 τῶν
1148 2621 1367 2668 πολιτῶν
1437 2616 1694 2677 κοινωνοὺς
1754 2618 2063 2681 ποιήσασθαι

0 2724 30 2832 '3
72 2705 214 2781 (εἶτα
263 2707 596 2778 ποιήσασθαι)
649 2705 1002 2772 τρισχιλίους,
1057 2710 1151 2756 aut
1205 2703 1351 2758 aliud
1397 2703 1525 2774 quid
1569 2705 1622 2758 in
1666 2705 1891 2761 eandem
1944 2723 2061 2762 sen-

0 2798 30 2883 l⁴
68 2797 331 2860 tentiam,
383 2794 472 2849 ubi
527 2794 817 2866 repetitum
860 2793 1167 2854 ποιήσασθαι
1216 2789 1569 2847 describentis
1621 2792 1802 2847 oculos
1844 2794 2061 2860 l'esellit,

0 2864 29 2944 5¹
70 2900 210 2957 quae
263 2883 540 2938 notissima
595 2888 675 2936 est
736 2879 1052 2934 lacunarum
1110 2880 1276 2951 origo,
1374 2881 1431 2934 ln
1488 2881 1655 2936 altero
1711 2881 1823 2936 loco
1879 2900 2058 2939 veram

77 2973 406 3046 scripturam
449 2970 573 3025 olim
617 2969 965 3025 Leonclavius
999 2969 1225 3040 reperit,
1266 2969 1358 3040 qui
1402 2986 1496 3041 pro
1529 2971 1616 3025 καὶ
1651 2973 1740 3024 οὐκ
1779 2973 2063 3028 ἀδικοῦν-

18 3065 182 3150 {vec
234 3064 553 3116 ἀπολοῦνται
608 3059 911 3113 rectissime
959 3056 1172 3111 censuit
1212 3056 1605 3112 emendandum
1664 3059 1751 3113 καὶ
1805 3062 1893 3115 οὐκ
1938 3061 2061 3115 023!-

0 3155 34 3218 7'.
73 3170 192 3211 κως
228 3152 577 3211 ἀπολοῦνται,
618 3144 1069 3219 quemadmodum
1119 3143 1224 3199 dici
1266 3145 1398 3200 solet
1439 3145 1503 3200 de
1545 3146 1647 3211 iis,
1688 3148 1778 3218 qui
1825 3149 2063 3203 insontes

3 3301 7 3308 ῃ
74 3237 260 3308 iniquo
304 3237 501 3291 iudicio
543 3235 901 3290 circumventi
940 3241 1034 3288 aut
1079 3232 1319 3288 iudicum
1363 3250 1545 3288 errore
1585 3235 1946 3297 damnantur,
1990 3236 2058 3288 si·

0 3374 3 3395 ἱ
71 3325 184 3378 cuti
241 3324 445 3378 iudices
492 3341 646 3378 reum
701 3322 975 3376 innoxium
1019 3338 1175 3393 saepe
1222 3323 1409 3382 ἀδίκως
1463 3325 1719 3379 ἀπολέσαι
1782 3324 2056 3377 dicuntur.

7 3406 9 3409 ’
79 3410 314 3466 leitatae
352 3412 639 3466 admodum
684 3411 969 3466 locutionis
998 3410 1237 3482 exempla
1275 3410 1467 3466 all'erre
1507 3429 1639 3483 opus
1676 3428 1778 3465 non
1813 3418 1927 3475 cst,
1966 3410 2058 3466 sed

77 3507 137 3553 ut
177 3518 206 3553 c
247 3500 400 3572 Lysia
454 3500 625 3555 obiter
674 3498 927 3554 mendum
970 3499 1199 3553 eximam
1246 3516 1351 3553 nno
1394 3507 1530 3554 utar.
1612 3498 1806 3554 Editur
1848 3499 1899 3551 in
1957 3499 2054 3573 Ly-

69 3588 180 3642 siae
222 3587 365 3641 Orat.
406 3587 540 3642 xlx.
586 3594 672 3643 51.
715 3588 866 3641 αἴτιοι
905 3585 987 3641 οὖν
1027 3589 1123 3642 εἱσι
1169 3588 1253 3640 καὶ
1302 3589 1421 3652 ὑμῖν
1464 3590 1669 3640 πολλῶν
1711 3587 1798 3648 ἤδη
1832 3590 2053 3653 ψευσθῆ-

1593 3675 1680 3711 2⁷⁴
