2436 4068
1067 185 1172 235 585

190 330 443 384 Recurrit
491 328 715 391 vitium,
768 325 910 399 quod
962 326 1088 381 alibi
1147 328 1251 380 iam
1307 325 1628 396 arguimus,
1679 324 1791 379 Vll.
1835 329 1925 380 57.
1978 325 2098 386 ἴσως

116 418 154 470 ai
165 417 412 484 χαριςό
426 435 617 482 τερον
658 413 789 477 δόξει
830 411 977 467 εἶναι.
1019 443 1095 455 -
1134 413 1581 481 ἑπιχοιριτώτοοτον
1618 414 1714 478 μὲν
1753 410 1869 478 οὖν,
1908 429 2101 483 nempe

114 503 495 571 ἀχαριτώτερον
546 503 783 573 requiro,
867 500 1087 555 Scribae
1128 501 1183 554 in
1223 501 1308 554 his
1347 499 1536 555 formis
1585 499 1838 555 similiter
1877 505 2103 572 peccant

112 597 274 661 atque
323 591 378 644 in
426 589 667 651 ribato-de:
724 589 977 660 quoniam
1033 588 1135 660 ipsi
1181 588 1424 649 σιθοισσός
1477 587 1763 652 dicebant,
1818 594 2102 660 propterea

113 675 340 732 formam
390 678 723 745 τιθασώτερος
765 675 950 731 sedulo
992 676 1047 729 in
1087 676 1447 743 τιθασσότερος
1489 682 1737 731 mutant:
1793 676 1921 747 quia
1962 676 2100 746 ipso·
2147 672 2149 674 ’

112 781 236 819 rum
276 764 461 836 lingua
511 764 766 833 ἀχάριςος
818 781 913 835 pro
953 762 1149 831 ἄχαρις
1188 762 1470 816 dicebatur
1511 762 1738 818 sormam
1778 765 2102 832 ἄχαριν-ὠτε-

110 873 191 920 poe,-
244 853 430 908 sedulo
478 854 532 906 in
585 851 955 921 ἄχαρις-ἅτερος
1009 850 1321 921 depravant.
1402 850 1601 905 Eadem
1644 851 1801 922 plane
1860 848 2105 905 socordia

112 939 321 995 librarii
375 940 816 1009 εὖχειρωτότοιτος
868 937 1042 992 solent
1084 938 1139 991 in
1187 936 1553 1004 εὐχειρότοιτος
1598 955 1982 1009 corrumpere,
2044 944 2106 992 ut

23 1022 51 1120 ᾗ
114 1028 316 1083 lactum
359 1044 475 1082 esse
515 1027 721 1082 videbis
761 1028 817 1080 in
861 1025 1058 1079 vicinia
1101 1023 1237 1078 Vlll.
1283 1026 1333 1076 4.
1412 1022 1560 1078 Cous.
1601 1023 1842 1079 Dindorf.
1887 1024 1955 1079 ad
1998 1025 2101 1098 cy-

112 1114 327 1188 ropaed.
366 1116 409 1170 1.
454 1133 521 1169 vi.
566 1118 656 1170 56.

187 1203 247 1258 In
296 1202 481 1258 eadem
541 1205 570 1273 §
627 1219 724 1275 pro
771 1201 962 1257 τούτων
999 1220 1074 1254 σοι
1118 1198 1460 1266 ἐπιμελητέον
1500 1198 1708 1255 πάντων
1762 1204 1982 1271 propter
2023 1217 2102 1255 se-

110 1307 282 1364 quens
319 1292 665 1359 θεραπεύηται
714 1286 1111 1345 emendandum
1163 1303 1279 1342 esse
1331 1303 1523 1343 censeo
1568 1288 1813 1344 τούτου
1864 1307 1940 1342 σοι
1989 1289 2101 1343 ἐπι-

108 1379 361 1445 μελητέον
400 1378 668 1439 ποέντως
712 1377 848 1438 ὅπως
880 1374 1243 1443 θεραπεύηται.

184 1467 246 1522 ln
284 1465 480 1523 Oecon.
516 1466 631 1522 Vll.
674 1469 763 1522 29.
804 1466 884 1519 δεῖ
914 1467 1055 1529 ἡμᾶς
1077 1493 1148 1503 -
1173 1465 1444 1530 πειρᾶσθαι
1479 1461 1615 1525 ὅπως
1654 1466 1720 1525 ὣς
1756 1463 1990 1530 βέλτιςοι
2028 1466 2102 1521 τοὶ

109 1556 429 1624 προσήκοντα
469 1555 692 1623 ἑκατέρῳ
733 1556 873 1620 ἡμῶν
908 1549 1352 1618 διαπράττεσθαι,
1397 1551 1484 1604 vix
1526 1567 1659 1623 opus
1694 1558 1776 1606 est.
1816 1569 1899 1606 me
1922 1551 2102 1607 dicere

109 1643 241 1716 quid
281 1643 347 1698 de
386 1660 572 1698 eorum
611 1642 861 1715 opinione
902 1639 1135 1694 sentiam
1179 1638 1272 1708 qui
1313 1639 1471 1692 istam
1511 1638 1615 1693 loci
1658 1636 2102 1711 compositionem

110 1731 246 1787 bene
283 1730 543 1786 Graecam
596 1737 651 1785 et
702 1744 889 1783 sanam
943 1743 1059 1782 esse
1109 1724 1240 1780 locis
1293 1725 1615 1797 quibusdam
1672 1727 1886 1781 Diodori
1933 1727 2102 1782 Siculi

112 1817 307 1875 miselli
344 1818 623 1890 scriptoris
668 1817 1043 1871 demonstrat-e
1085 1819 1357 1884 satagunt.
1441 1812 1784 1868 Facillimum
1832 1813 1979 1869 sactu
2021 1821 2107 1869 est

109 1907 247 1968 ὅπως
282 1905 477 1961 delere.
557 1904 660 1960 Sed
709 1902 849 1959 unde
892 1902 1106 1958 tandem
1149 1907 1334 1956 natum
1382 1917 1499 1955 esse
1537 1902 1832 1972 putemus?
1915 1903 2103 1957 Dicam

109 1995 240 2069 quid
293 1994 424 2048 mihi
477 1994 684 2047 venerit
727 1994 780 2046 in
838 1999 1091 2046 mentem.
1184 1989 1252 2044 Ut
1305 1987 1671 2060 compluscula
1732 1988 1991 2060 leguntur
2047 1991 2102 2044 in

108 2082 461 2140 Oeconomico
512 2079 766 2134 vocabula
819 2080 999 2134 Ionica
1040 2086 1094 2132 et
1133 2076 1238 2131 alia
1278 2093 1416 2148 quae
1463 2074 1602 2130 infra
1645 2075 2009 2130 indicabimus
2049 2085 2105 2131 et

113 2173 392 2240 ἔργοιςῆρες
437 2168 522 2243 (V.
550 2173 614 2223 15
649 2175 701 2222 et
737 2166 914 2239 alibi),
955 2164 1178 2220 ε’δοὶσοοτο
1222 2164 1359 2237 (Vll.
1383 2167 1451 2219 25
1494 2162 1631 2236 sq.),
1670 2162 1927 2232 ἀξιοεργοί
1968 2164 2103 2238 (Vll.

108 2258 201 2332 54)
244 2265 298 2313 et
344 2257 513 2326 φάους
562 2273 660 2329 pro
696 2254 873 2325 φωτός
930 2253 1041 2327 (ΙΧ.
1083 2252 1174 2326 3),
1224 2252 1303 2307 sic
1346 2250 1398 2306 h.
1434 2251 1469 2307 1.
1521 2251 1928 2323 Xenophontem
1965 2250 2102 2313 ὅπως

106 2347 338 2414 Rimas-a
386 2345 570 2400 eodem
605 2360 768 2399 sensu
810 2342 1052 2415 posuisse
1094 2340 1371 2413 suspicor,
1412 2356 1519 2410 quo
1557 2339 1923 2411 Theognidem
1966 2339 2101 2402 ὅπως

107 2436 269 2493 duas-x
310 2434 364 2487 in
406 2433 687 2487 notissimo
726 2446 915 2485 versu:

332 2523 511 2591 (pun-tx
551 2521 595 2575 δ’
634 2517 768 2580 ὅπως
809 2518 970 2575 ὤκιςοο
1010 2516 1186 2578 πύλας
1224 2516 1412 2572 Ἀΐδαο
1456 2523 1707 2584 περῆσαι,

107 2618 162 2667 et
198 2609 393 2665 similia
437 2608 546 2663 alii.
627 2605 828 2662 Deinde
865 2622 1034 2677 quum
1080 2606 1259 2659 nescio
1299 2606 1422 2675 quis
1463 2603 1529 2657 ad
1566 2601 1699 2665 ὅπως
1736 2602 1969 2669 βέλσιςκ
2010 2604 2101 2658 ad·

110 2700 311 2771 scripto
349 2700 414 2758 ὥς
459 2712 616 2750 usum
663 2695 902 2750 Atticum
946 2700 997 2748 et
1043 2709 1384 2748 communem
1442 2697 1679 2746 notasset
1726 2707 1788 2744 ex
1844 2690 2102 2763 dittogra-

109 2786 236 2861 pbia
276 2785 492 2856 vulgata
532 2784 692 2839 lectio
736 2788 859 2837 nata
907 2788 1005 2836 est.

184 2874 399 2945 Insigne
435 2871 866 2938 additamentum
924 2867 1268 2940 impudenter
1307 2884 1338 2923 a
1379 2866 1544 2922 sciolo
1596 2865 1935 2939 Xenophonti
1989 2865 2101 2923 affi-

110 2970 258 3019 ctum
303 2963 548 3033 inquinat
608 2959 783 3013 locum
829 2957 964 3012 V111.
1016 2961 1098 3011 17.
1161 2954 1299 3010 πάνυ
1351 2953 1416 3009 ἂν
1470 2956 1610 3021 ἡμῶν
1648 2953 1724 3017 εἴη
1761 2956 2017 3021 mauman
2056 2959 2099 3011 εἱ

107 3053 150 3108 οἱ
185 3052 280 3118 μὲν
319 3050 370 3104 ἐν
410 3056 516 3109 τοῖς
539 3046 732 3107 πλοίοις
757 3080 826 3089 —-
848 3046 1125 3112 εὑρίσκουσι
1165 3043 1222 3098 τὸ
1256 3043 1362 3098 δέον
1394 3042 1724 3109 λαμβάνειν,
1762 3045 1911 3109 ἡμεῖς
1951 3044 2004 3099 δὲ
2026 3076 2101 3087 ——

109 3138 202 3213 [ei]
244 3141 318 3206 μὴ
357 3137 630 3204 εὑρήσομεν
672 3137 836 3198 καλὴν
878 3134 964 3188 καὶ
1006 3133 1264 3201 εὐεύρετον
1303 3133 1478 3201 χώραν
1513 3130 1714 3192 ἑκάς-ως
1755 3134 1924 3186 αὐτῶν
1966 3133 2097 3202 [πῶς

107 3230 197 3284 οὐκ
234 3226 296 3282 ἂν
337 3228 508 3286 πολλὴ
546 3226 685 3290 ἡμῶν
725 3223 975 3277 ἀσυνεσίας
1019 3223 1173 3293 εἴης]
1237 3220 1524 3291 Postquam
1564 3220 1877 3291 poi-vulgato
1917 3236 2100 3275 errore

107 3317 151 3372 ei
206 3315 492 3387 repetitum
555 3319 675 3377 est,
729 3310 1013 3366 videbatur
1064 3308 1311 3381 apodosis
1369 3307 1683 3363 desiderari.
1779 3306 2101 3378 Supervenit

113 3403 281 3474 igitur
320 3399 515 3471 aliquis
547 3401 638 3475 qui
681 3398 822 3472 quod
865 3398 1050 3454 abesse
1091 3395 1313 3469 putabat
1354 3395 1418 3450 de
1460 3413 1557 3450 suo
1592 3394 1815 3449 addidit.

190 3489 247 3543 ln
291 3505 406 3559 cap.
442 3487 529 3542 lx.
575 3493 624 3544 2.
678 3489 731 3542 τί
765 3489 815 3542 δὲ
840 3530 852 3552 ,
893 3490 935 3541 εἰ
978 3487 1052 3552 μὴ
1104 3494 1196 3548 τῆς
1238 3485 1398 3545 οἷκίοις
1435 3486 1527 3547 τὴν
1566 3483 1780 3546 δύναμιν
1829 3480 1965 3545 ἔδοξέ
2011 3500 2095 3548 μοι

1687 3573 1729 3605 ⁴2
