2436 4068
1284 270 1353 318 98

341 414 487 487 loqui
521 412 714 478 solere,
754 410 1018 467 Herodoto
1057 410 1321 483 placuisse
1354 409 1443 464 illo
1474 412 1582 475 uti,
1618 417 1672 467 et
1705 414 1923 468 omnino
1956 412 2155 469 multos
2192 415 2325 469 mul-

345 510 402 558 ta
441 500 739 573 sz'nqularia
786 499 1010 563 habere,
1062 514 1200 569 quae
1251 497 1499 553 miranda
1550 498 1728 570 potius
1780 516 1942 570 quam
1989 502 2333 558 convellenda

347 607 482 646 csse.
562 587 665 655 Qui
713 588 790 641 ita
834 587 1147 641 existimant
1194 602 1295 640 nae
1347 585 1425 639 illi
1478 603 1581 640 non
1618 585 1930 657 intelligunt
1969 605 2105 660 quae
2145 591 2217 645 sit
2255 591 2337 645 vis

346 686 401 734 et
434 677 711 748 ingenium
746 674 970 729 humani
1003 675 1296 739 sermoniS,
1336 674 1429 746 qui
1464 690 1569 728 non
1603 691 1760 729 caeco
1797 675 2003 746 impetu
2042 676 2157 748 lege
2197 677 2335 733 solu-

348 775 440 821 tus
487 773 689 819 temere
728 767 957 832 vagatur
1002 761 1097 817 sed
1143 768 1319 818 certas
1365 768 1592 817 naturae
1625 761 1769 834 leges
1821 763 2091 834 sequitur,
2143 765 2339 836 quibus

348 870 534 909 omnes
580 850 723 905 ultro
775 848 1144 921 obtemperant
1191 859 1405 922 praeter
1451 866 1623 904 unum
1661 856 1716 905 et
1763 849 2023 916 alterum,
2073 870 2207 924 quos
2251 853 2338 910 de-

346 941 553 997 mentia
584 935 847 1010 quaedam
884 942 938 992 et
969 938 1256 1006 κακοζηλία
1289 940 1404 1010 agit
1435 945 1792 994 transversos:
1835 945 1889 994 et
1929 956 1996 994 ne
2032 939 2090 994 hi
2119 941 2338 1012 quidem

347 1029 530 1084 omnia
564 1042 761 1080 novare
797 1024 1024 1092 audent,
1065 1026 1159 1081 sed
1198 1028 1274 1082 ita
1315 1032 1593 1098 aegrotant
1647 1032 1708 1080 ut
1750 1043 1880 1081 sana
1926 1044 2050 1098 pars
2102 1031 2341 1102 corporis

345 1117 459 1171 vim
497 1114 671 1170 morbi
708 1114 1002 1178 sustineat,
1044 1119 1096 1168 et
1138 1115 1193 1168 in
1230 1114 1501 1185 plerisque
1541 1119 1791 1168 naturam
1842 1122 2146 1186 sequuntur
2182 1123 2245 1172 ut
2283 1118 2340 1172 in

345 1203 535 1277 paucis
582 1201 902 1274 quibusdam
942 1200 1172 1256 mirifice
1210 1201 1441 1273 ineptire
1494 1202 1716 1274 possint.
1806 1202 2105 1259 Herodotus
2153 1204 2339 1263 eadem

345 1292 534 1362 lingua
574 1291 751 1344 utitur
789 1307 896 1361 qua
935 1288 1062 1344 olim
1100 1289 1255 1344 Iones
1298 1288 1514 1344 fuerant
1554 1291 1665 1344 usi:
1709 1289 1985 1362 complura
2019 1291 2084 1347 de
2121 1309 2218 1346 suo
2251 1292 2340 1347 ad-

348 1379 486 1434 didit
528 1384 753 1432 venuste
788 1385 841 1431 et
876 1383 1063 1432 ornate
1111 1376 1256 1432 dicta
1309 1377 1401 1432 sed
1453 1379 1529 1432 sic
1580 1384 1641 1432 ut
1687 1395 1793 1432 non
1848 1377 2078 1434 absurde
2126 1379 2342 1435 dicendi

347 1468 492 1538 leges
531 1473 585 1521 et
625 1482 868 1520 normam
904 1465 1191 1525 desereret.
1271 1465 1384 1520 Non
1428 1465 1727 1531 nesciebat,
1769 1467 1984 1538 opinor,
2024 1471 2339 1533 καταγελᾶν

345 1554 482 1616 τινός
531 1554 639 1608 ‹lici
686 1560 930 1626 oportere
973 1559 1026 1608 et
1042 1554 1178 1624 ‘ipse
1220 1553 1295 1607 ita
1336 1552 1471 1609 dixit
1511 1553 1572 1607 V.
1615 1557 1704 1611 68.
1744 1561 1958 1613 πλεῖςον
2003 1556 2339 1621 κατεγέλασε

343 1649 444 1697 τῶν
485 1643 783 1697 Σικυωνίων.
864 1640 1004 1708 Quid
1044 1641 1247 1713 igitur?
1297 1640 1548 1712 Corrupti
1585 1647 1747 1696 testes
1786 1644 1945 1697 αὐτοῦ
1985 1645 2340 1712 καταψεύδον-

345 1752 454 1786 ται.
526 1731 639 1785 Non
674 1730 811 1784 dixit
847 1746 1107 1801 umquam
1143 1731 1214 1798 τῷ
1246 1729 1536 1795 ἀγάλματι
1586 1730 1925 1796 κατεγέλασε
1965 1747 2139 1803 neque
2187 1731 2339 1803 quid·

345 1836 508 1891 quam
549 1817 876 1872 huiusmodi.
956 1817 1258 1891 Hesychius
1299 1816 1434 1872 ferat
1473 1835 1654 1890 opem:
1696 1818 2132 1886 Ἐγχάσκεινε
2172 1840 2340 1875 κατα·
2411 1804 2425 1823 ’

342 1911 546 1973 γελᾶν,
612 1906 821 1977 inquit,
887 1911 940 1960 et
999 1906 1388 1973 Ἐγχανεῖικ
1456 1910 1920 1986 καταχασμοῖσθαι
1978 1907 2120 1982 (nam
2190 1915 2338 1963 certa

343 1994 478 2050 haec
512 1995 731 2049 Kusteri
765 2000 846 2048 est
876 1992 1179 2048 emendatio
1211 2011 1305 2065 pro
1338 1995 1628 2062 ἐγχαλεῖν,
1669 1995 1810 2067 quod
1848 1996 2007 2050 nauci
2036 2013 2142 2050 non
2172 2003 2253 2052 est
2275 1995 2335 2069 ¹).

342 2084 642 2154 Antiquum
683 2082 905 2137 verbum
942 2088 996 2136 et
1040 2098 1165 2136 acre
1204 2083 1417 2153 saepius
1453 2083 1595 2155 apud
1635 2083 2046 2155 Aristophanem
2089 2085 2143 2138 in
2185 2101 2247 2140 ea
2279 2101 2338 2140 re

343 2172 566 2244 ponitur
605 2170 890 2238 ἐγχάσκω,
934 2169 1076 2242 quod
1115 2171 1508 2226 recentioribus
1544 2171 1762 2227 Graecis
1802 2178 1914 2226 tam
1950 2172 2195 2242 ignotum
2234 2171 2339 2228 fuit

346 2266 408 2314 ut
429 2260 678 2314 vitiosam
703 2258 929 2312 sormam
965 2259 1160 2326 χαίυω,
1197 2259 1457 2327 ἐγχαίνω,
1493 2276 1557 2314 ex
1594 2258 1782 2314 formis
1803 2260 2043 2331 antiquis
2078 2262 2339 2329 ἐγχανοῦ-

343 2368 443 2414 μαι
485 2353 538 2402 et
571 2349 822 2414 ε’γχανεῖν
857 2345 1185 2410 effinxerint,
1228 2363 1334 2401 non
1374 2348 1556 2402 minus
1590 2348 1768 2419 inepte
1803 2364 1865 2402 ac
1899 2349 1946 2402 si
1981 2349 2237 2403 άποθαίνω
2272 2364 2337 2403 ex

342 2437 701 2501 ἀποθανοῦμαι
749 2441 801 2489 et
852 2434 1104 2489 ἀπέθανον
1157 2434 1389 2491 formare
1441 2436 1752 2491 voluissent.
1846 2435 2103 2507 Suspicor
2154 2442 2336 2491 autem

280 2529 283 2538 ’
345 2523 676 2578 Herodotum
733 2522 1013 2594 scripsisse
1065 2522 1156 2576 III.
1219 2527 1322 2579 155
1381 2524 1536 2579 δεινόν
1586 2545 1636 2579 τι
1689 2524 1985 2590 ποιεύμενος
2042 2526 2339 2594 Ἀσσυρίους

345 2612 565 2681 Πέρσῃσι
615 2610 990 2679 ἐγχάσκειν
1033 2617 1085 2669 et
1126 2610 1238 2664 VII.
1282 2615 1334 2666 9.
1381 2614 1564 2674 Ἴωνας
1617 2615 1706 2667 οὐκ
1759 2611 1930 2674 ἐάσεις
1981 2613 2339 2681 ἐγχανέειν

349 2703 498 2765 ἧμῖὺ,
537 2706 589 2753 et
631 2700 709 2754 sic
747 2700 803 2752 in
843 2699 1071 2752 caeteris
1109 2697 1241 2753 locis
1283 2706 1378 2754 aut
1416 2701 1657 2769 ἐνέχανε,
1698 2699 1990 2767 ἐγχάσκειν
2031 2708 2084 2755 et
2131 2699 2339 2768 ἐγχάσ·

348 2808 468 2841 κετε
506 2787 632 2841 olim
667 2788 868 2859 scripta
901 2785 1092 2852 fuisse,
1132 2787 1328 2858 quibus
1361 2794 1633 2843 corrector
1667 2787 1806 2843 male
1839 2787 2057 2845 sedulus
2089 2789 2340 2844 omnibus

270 2932 271 2935 ,
349 2874 692 2930 substituerit
728 2874 1048 2933 vocabulum
1082 2875 1243 2947 vulgo
1276 2878 1556 2932 usitatum.
1638 2876 1820 2931 Potuit
1854 2877 1909 2930 in
1944 2876 2216 2932 nonnullis
2251 2876 2340 2931 ho-

349 2980 474 3017 rum
516 2963 815 3017 Herodotus
849 2965 1085 3029 ἐγγελοῖν
1125 2981 1352 3036 ponere,
1390 2964 1532 3036 quod
1567 2963 1710 3036 apud
1744 2963 1999 3034 Tragicos
2038 2971 2149 3019 tam
2186 2981 2343 3036 saepe

349 3067 447 3123 pro
485 3055 798 3116 καταγελᾶν
843 3050 1073 3122 legitur,
1122 3052 1213 3107 sed
1265 3055 1580 3118 καταγελᾶν
1619 3052 1720 3108 τινί
1757 3051 1936 3106 dicere
1975 3052 2194 3106 omnino
2235 3069 2340 3106 non

348 3139 541 3211 potuit.
624 3139 965 3193 Recentiores
1005 3139 1253 3195 Graeculi
1298 3141 1521 3195 verbum
1563 3143 1846 3206 ἐπιγελᾶν,
1887 3139 2028 3211 quod
2068 3140 2341 3195 veteribus

349 3233 432 3281 est
471 3226 734 3289 arridere,
775 3226 1109 3297 negligenter
1154 3229 1326 3284 solent
1375 3246 1570 3301 ponere
1609 3246 1705 3301 pro
1743 3232 2083 3295 καταγελᾶν,
2123 3228 2189 3284 de
2233 3245 2339 3300 qua

349 3332 408 3370 re
445 3314 583 3369 alius
619 3312 837 3367 dabitur
876 3314 1087 3370 dicendi
1125 3317 1295 3374 locus,

415 3598 450 3664 ¹)
486 3609 585 3649 Post
614 3623 745 3663 pauca
775 3612 884 3664 apud
915 3613 1168 3665 Hesycliinm
1201 3614 1357 3665 legitur
1391 3602 1786 3666 Ἐγχημώμένῡιί
1824 3603 2142 3667 ἕγχάσκθνῖθς
2177 3613 2337 3665 glossa,

347 3689 397 3725 ut
431 3689 579 3741 saepe,
616 3692 885 3744 transposita.
939 3684 1119 3731 E'menda
1157 3686 1541 3747 Ἐγχάσκοντεςε
1579 3682 1956 3748 ἑγχασμώιιιενοι.
