<?xml version="1.0" encoding="UTF-8"?>
<!DOCTYPE html PUBLIC "-//W3C//DTD XHTML 1.0 Transitional//EN"
    "http://www.w3.org/TR/xhtml1/DTD/xhtml1-transitional.dtd">
<html xmlns="http://www.w3.org/1999/xhtml" xml:lang="en" lang="en">
 <head>
  <title>
</title>
<meta http-equiv="Content-Type" content="text/html;charset=utf-8" />
  <meta name='ocr-system' content='tesseract 3.04.00' />
  <meta name='ocr-capabilities' content='ocr_page ocr_carea ocr_par ocr_line ocrx_word'/>
</head>
<body>
  <div class='ocr_page' id='page_1' title='image "./novaelectionesqu00cobeuoft/novaelectionesqu00cobeuoft_0517.png"; bbox 0 0 2436 4068; ppageno 0'>
   <div class='ocr_carea' id='block_1_1' title="bbox 981 228 1087 279">
    <p class='ocr_par' dir='ltr' id='par_1_1' title="bbox 981 228 1087 279">
     <span class='ocr_line' id='line_1_1' title="bbox 981 228 1087 279; baseline 0.009 -1"><span class='ocrx_word' id='word_1_1' title='bbox 981 228 1087 279; x_wconf 81' lang='lat'><strong>485</strong></span> 
     </span>
    </p>
   </div>
   <div class='ocr_carea' id='block_1_2' title="bbox 0 370 2044 3706">
    <p class='ocr_par' dir='ltr' id='par_1_2' title="bbox 0 370 2043 2101">
     <span class='ocr_line' id='line_1_2' title="bbox 43 370 2031 449; baseline -0.001 -19"><span class='ocrx_word' id='word_1_2' title='bbox 43 381 381 449; x_wconf 75' lang='lat' dir='ltr'><strong>praepostere</strong></span> <span class='ocrx_word' id='word_1_3' title='bbox 419 372 557 427; x_wconf 81' lang='grc' dir='ltr'><strong><em>οὐδὲν</em></strong></span> <span class='ocrx_word' id='word_1_4' title='bbox 598 373 718 439; x_wconf 82' lang='grc' dir='ltr'><strong><em>πρὸς</em></strong></span> <span class='ocrx_word' id='word_1_5' title='bbox 770 372 888 431; x_wconf 82' lang='grc' dir='ltr'><strong><em>ἔπος</em></strong></span> <span class='ocrx_word' id='word_1_6' title='bbox 941 371 1207 427; x_wconf 84' lang='lat' dir='ltr'><strong>adiiciunt</strong></span> <span class='ocrx_word' id='word_1_7' title='bbox 1261 370 1327 425; x_wconf 86' lang='lat' dir='ltr'><strong>de</strong></span> <span class='ocrx_word' id='word_1_8' title='bbox 1373 386 1471 424; x_wconf 88' lang='lat' dir='ltr'><strong>suo</strong></span> <span class='ocrx_word' id='word_1_9' title='bbox 1512 377 1565 426; x_wconf 91' lang='lat' dir='ltr'><strong>et</strong></span> <span class='ocrx_word' id='word_1_10' title='bbox 1609 378 1835 443; x_wconf 87' lang='lat' dir='ltr'><strong>utroque</strong></span> <span class='ocrx_word' id='word_1_11' title='bbox 1875 373 2031 433; x_wconf 88' lang='lat' dir='ltr'><strong>modo</strong></span> 
     </span>
     <span class='ocr_line' id='line_1_3' title="bbox 0 457 2030 534; baseline -0.001 -14"><span class='ocrx_word' id='word_1_12' title='bbox 0 506 3 520; x_wconf 88' lang='lat'><em>.</em></span> <span class='ocrx_word' id='word_1_13' title='bbox 41 463 364 520; x_wconf 85' lang='lat' dir='ltr'><strong>sententiam</strong></span> <span class='ocrx_word' id='word_1_14' title='bbox 418 460 710 515; x_wconf 82' lang='lat' dir='ltr'><strong>iocularem</strong></span> <span class='ocrx_word' id='word_1_15' title='bbox 751 461 804 514; x_wconf 89' lang='lat' dir='ltr'><strong>in</strong></span> <span class='ocrx_word' id='word_1_16' title='bbox 855 460 1073 514; x_wconf 90' lang='lat' dir='ltr'><strong>modum</strong></span> <span class='ocrx_word' id='word_1_17' title='bbox 1116 465 1468 531; x_wconf 85' lang='lat' dir='ltr'><strong>pervertunt,</strong></span> <span class='ocrx_word' id='word_1_18' title='bbox 1521 457 1765 514; x_wconf 84' lang='lat' dir='ltr'><strong>voculam</strong></span> <span class='ocrx_word' id='word_1_19' title='bbox 1805 464 1860 516; x_wconf 76' lang='grc' dir='ltr'><strong><em>οὐ</em></strong></span> <span class='ocrx_word' id='word_1_20' title='bbox 1916 480 2030 534; x_wconf 87' lang='lat' dir='ltr'><strong>pes-</strong></span> 
     </span>
     <span class='ocr_line' id='line_1_4' title="bbox 0 542 2027 626; baseline 0 -20"><span class='ocrx_word' id='word_1_21' title='bbox 0 550 10 594; x_wconf 64' lang='lat'><strong>·*·</strong></span> <span class='ocrx_word' id='word_1_22' title='bbox 44 552 180 606; x_wconf 87' lang='lat' dir='ltr'><strong>sime</strong></span> <span class='ocrx_word' id='word_1_23' title='bbox 221 550 568 604; x_wconf 89' lang='lat' dir='ltr'><strong>inseruerunt</strong></span> <span class='ocrx_word' id='word_1_24' title='bbox 608 548 696 602; x_wconf 91' lang='lat' dir='ltr'><strong>VI.</strong></span> <span class='ocrx_word' id='word_1_25' title='bbox 740 566 789 603; x_wconf 83' lang='lat' dir='ltr'><strong>v.</strong></span> <span class='ocrx_word' id='word_1_26' title='bbox 837 552 903 602; x_wconf 83' lang='lat'><strong>15</strong></span> <span class='ocrx_word' id='word_1_27' title='bbox 982 548 1131 613; x_wconf 72' lang='grc' dir='ltr'><strong><em>λέγει</em></strong></span> <span class='ocrx_word' id='word_1_28' title='bbox 1173 548 1490 616; x_wconf 74' lang='grc' dir='ltr'><strong><em>Σοφαίνετος</em></strong></span> <span class='ocrx_word' id='word_1_29' title='bbox 1532 542 1607 600; x_wconf 75' lang='grc' dir='ltr'><strong>ὅτι</strong></span> <span class='ocrx_word' id='word_1_30' title='bbox 1647 548 1844 614; x_wconf 78' lang='grc' dir='ltr'><strong><em>βουλῆς</em></strong></span> <span class='ocrx_word' id='word_1_31' title='bbox 1892 549 2027 626; x_wconf 79' lang='grc' dir='ltr'><strong><em>[οὐκ]</em></strong></span> 
     </span>
     <span class='ocr_line' id='line_1_5' title="bbox 12 634 2033 703; baseline 0 -11"><span class='ocrx_word' id='word_1_32' title='bbox 12 637 184 703; x_wconf 46' lang='grc' dir='ltr'><strong><em>’ἄξιον</em></strong></span> <span class='ocrx_word' id='word_1_33' title='bbox 232 637 309 699; x_wconf 81' lang='grc' dir='ltr'><strong>εἴη</strong></span> <span class='ocrx_word' id='word_1_34' title='bbox 350 639 394 691; x_wconf 83' lang='grc' dir='ltr'><strong>εἰ</strong></span> <span class='ocrx_word' id='word_1_35' title='bbox 447 636 727 701; x_wconf 70' lang='grc' dir='ltr'><strong><em>διαβατέον</em></strong></span> <span class='ocrx_word' id='word_1_36' title='bbox 768 666 841 677; x_wconf 92' lang='grc'>-</span> <span class='ocrx_word' id='word_1_37' title='bbox 880 636 939 689; x_wconf 83' lang='grc' dir='ltr'><strong><em>τὸ</em></strong></span> <span class='ocrx_word' id='word_1_38' title='bbox 979 635 1158 696; x_wconf 72' lang='grc' dir='ltr'><strong><em>νάπος.</em></strong></span> <span class='ocrx_word' id='word_1_39' title='bbox 1239 634 1420 702; x_wconf 84' lang='lat' dir='ltr'><strong>Quid?</strong></span> <span class='ocrx_word' id='word_1_40' title='bbox 1483 634 1675 697; x_wconf 78' lang='grc' dir='ltr'><strong><em>ἔςησαν</em></strong></span> <span class='ocrx_word' id='word_1_41' title='bbox 1725 638 2033 703; x_wconf 71' lang='grc' dir='ltr'><strong><em>ἀγνοοῦντες</em></strong></span> 
     </span>
     <span class='ocr_line' id='line_1_6' title="bbox 46 722 2035 797; baseline -0.001 -14"><span class='ocrx_word' id='word_1_42' title='bbox 46 729 90 783; x_wconf 79' lang='grc' dir='ltr'><strong><em>εἰ</em></strong></span> <span class='ocrx_word' id='word_1_43' title='bbox 122 725 401 791; x_wconf 71' lang='grc' dir='ltr'><strong><em>διαβατέον</em></strong></span> <span class='ocrx_word' id='word_1_44' title='bbox 439 723 516 786; x_wconf 83' lang='grc' dir='ltr'><strong>εἴη</strong></span> <span class='ocrx_word' id='word_1_45' title='bbox 550 725 609 778; x_wconf 83' lang='grc' dir='ltr'><strong><em>τὸ</em></strong></span> <span class='ocrx_word' id='word_1_46' title='bbox 646 723 807 784; x_wconf 77' lang='grc' dir='ltr'><strong><em>νοὶπος</em></strong></span> <span class='ocrx_word' id='word_1_47' title='bbox 850 723 900 797; x_wconf 84' lang='lat'><strong>(§</strong></span> <span class='ocrx_word' id='word_1_48' title='bbox 946 722 1054 795; x_wconf 77' lang='lat'>12).</span> <span class='ocrx_word' id='word_1_49' title='bbox 1134 722 1546 792; x_wconf 85' lang='lat' dir='ltr'><strong>Ambigentibus</strong></span> <span class='ocrx_word' id='word_1_50' title='bbox 1584 723 1715 794; x_wconf 86' lang='lat' dir='ltr'><strong>quid</strong></span> <span class='ocrx_word' id='word_1_51' title='bbox 1765 726 1837 780; x_wconf 83' lang='lat' dir='ltr'><strong>sit</strong></span> <span class='ocrx_word' id='word_1_52' title='bbox 1885 725 2035 783; x_wconf 80' lang='lat' dir='ltr'><strong>factu</strong></span> 
     </span>
     <span class='ocr_line' id='line_1_7' title="bbox 4 809 2036 887; baseline 0 -18"><span class='ocrx_word' id='word_1_53' title='bbox 4 815 310 887; x_wconf 71' lang='lat' dir='ltr'><strong>{optimum</strong></span> <span class='ocrx_word' id='word_1_54' title='bbox 366 810 660 883; x_wconf 85' lang='lat' dir='ltr'><strong>Xenophon</strong></span> <span class='ocrx_word' id='word_1_55' title='bbox 710 828 834 865; x_wconf 91' lang='lat' dir='ltr'><strong>cum</strong></span> <span class='ocrx_word' id='word_1_56' title='bbox 889 809 1010 864; x_wconf 86' lang='lat' dir='ltr'><strong>aliis</strong></span> <span class='ocrx_word' id='word_1_57' title='bbox 1062 810 1390 880; x_wconf 88' lang='lat' dir='ltr'><strong>supervenit.</strong></span> <span class='ocrx_word' id='word_1_58' title='bbox 1469 809 1763 867; x_wconf 77' lang='lat' dir='ltr'><strong>Conferant</strong></span> <span class='ocrx_word' id='word_1_59' title='bbox 1812 815 2036 870; x_wconf 86' lang='lat' dir='ltr'><strong>consilia</strong></span> 
     </span>
     <span class='ocr_line' id='line_1_8' title="bbox 6 890 2034 975; baseline 0.002 -19"><span class='ocrx_word' id='word_1_60' title='bbox 6 890 18 913; x_wconf 54' lang='lat'><strong>&#39;⁴</strong></span> <span class='ocrx_word' id='word_1_61' title='bbox 43 900 173 975; x_wconf 85' lang='lat' dir='ltr'><strong>quid</strong></span> <span class='ocrx_word' id='word_1_62' title='bbox 213 902 287 956; x_wconf 90' lang='lat' dir='ltr'><strong>sit</strong></span> <span class='ocrx_word' id='word_1_63' title='bbox 324 897 611 971; x_wconf 83' lang='lat' dir='ltr'><strong>agendum.</strong></span> <span class='ocrx_word' id='word_1_64' title='bbox 691 899 823 966; x_wconf 89' lang='lat' dir='ltr'><strong>Quis</strong></span> <span class='ocrx_word' id='word_1_65' title='bbox 862 897 1047 952; x_wconf 85' lang='lat' dir='ltr'><strong>credat</strong></span> <span class='ocrx_word' id='word_1_66' title='bbox 1082 897 1261 952; x_wconf 81' lang='lat' dir='ltr'><strong>dicere</strong></span> <span class='ocrx_word' id='word_1_67' title='bbox 1311 898 1551 968; x_wconf 90' lang='lat' dir='ltr'><strong>potuisse</strong></span> <span class='ocrx_word' id='word_1_68' title='bbox 1608 898 2034 970; x_wconf 87' lang='lat' dir='ltr'><strong>Sophaenetum:</strong></span> 
     </span>
     <span class='ocr_line' id='line_1_9' title="bbox 2 983 2038 1059; baseline 0 -14"><span class='ocrx_word' id='word_1_69' title='bbox 2 996 17 1021; x_wconf 76' lang='grc'><strong>·’</strong></span> <span class='ocrx_word' id='word_1_70' title='bbox 43 1007 146 1045; x_wconf 70' lang='lat' dir='ltr'><strong>non</strong></span> <span class='ocrx_word' id='word_1_71' title='bbox 182 1006 293 1044; x_wconf 76' lang='lat' dir='ltr'><strong>esse</strong></span> <span class='ocrx_word' id='word_1_72' title='bbox 345 1005 529 1059; x_wconf 83' lang='lat' dir='ltr'><strong>operae</strong></span> <span class='ocrx_word' id='word_1_73' title='bbox 574 988 802 1058; x_wconf 81' lang='lat' dir='ltr'><strong>pretium</strong></span> <span class='ocrx_word' id='word_1_74' title='bbox 854 986 920 1040; x_wconf 89' lang='lat' dir='ltr'><strong>de</strong></span> <span class='ocrx_word' id='word_1_75' title='bbox 959 1001 1021 1040; x_wconf 87' lang='lat' dir='ltr'><strong>ea</strong></span> <span class='ocrx_word' id='word_1_76' title='bbox 1063 1001 1122 1039; x_wconf 89' lang='lat' dir='ltr'><strong>re</strong></span> <span class='ocrx_word' id='word_1_77' title='bbox 1166 983 1503 1038; x_wconf 84' lang='lat' dir='ltr'><strong>deliberare?</strong></span> <span class='ocrx_word' id='word_1_78' title='bbox 1584 985 1699 1040; x_wconf 90' lang='lat' dir='ltr'><strong>Imo</strong></span> <span class='ocrx_word' id='word_1_79' title='bbox 1737 1005 1863 1043; x_wconf 88' lang='lat' dir='ltr'><strong>vero</strong></span> <span class='ocrx_word' id='word_1_80' title='bbox 1900 989 2038 1046; x_wconf 86' lang='lat' dir='ltr'><strong>dixit</strong></span> 
     </span>
     <span class='ocr_line' id='line_1_10' title="bbox 43 1071 2040 1150; baseline 0 -16"><span class='ocrx_word' id='word_1_81' title='bbox 43 1075 123 1134; x_wconf 75' lang='grc' dir='ltr'><strong><em>’ὅτι</em></strong></span> <span class='ocrx_word' id='word_1_82' title='bbox 172 1079 430 1144; x_wconf 79' lang='grc' dir='ltr'><strong><em>βουλῆς</em></strong></span> <span class='ocrx_word' id='word_1_83' title='bbox 482 1074 674 1139; x_wconf 80' lang='grc' dir='ltr'><strong><em>ἄξιον</em></strong></span> <span class='ocrx_word' id='word_1_84' title='bbox 729 1075 838 1139; x_wconf 82' lang='grc' dir='ltr'><strong><em>εἴη,</em></strong></span> <span class='ocrx_word' id='word_1_85' title='bbox 894 1075 936 1129; x_wconf 76' lang='grc' dir='ltr'><strong>εἰ</strong></span> <span class='ocrx_word' id='word_1_86' title='bbox 977 1072 1255 1140; x_wconf 79' lang='grc' dir='ltr'><strong><em>διαβατέον</em></strong></span> <span class='ocrx_word' id='word_1_87' title='bbox 1308 1073 1367 1126; x_wconf 84' lang='grc' dir='ltr'><strong><em>τὸ</em></strong></span> <span class='ocrx_word' id='word_1_88' title='bbox 1420 1071 1618 1137; x_wconf 72' lang='grc' dir='ltr'><strong><em>νάπος,</em></strong></span> <span class='ocrx_word' id='word_1_89' title='bbox 1677 1075 1833 1130; x_wconf 80' lang='lat' dir='ltr'><strong>etiam</strong></span> <span class='ocrx_word' id='word_1_90' title='bbox 1884 1087 2040 1150; x_wconf 84' lang='lat' dir='ltr'><strong>atque</strong></span> 
     </span>
     <span class='ocr_line' id='line_1_11' title="bbox 21 1159 2041 1228; baseline 0 -7"><span class='ocrx_word' id='word_1_91' title='bbox 21 1166 200 1222; x_wconf 67' lang='lat' dir='ltr'><strong>&lt;etiam</strong></span> <span class='ocrx_word' id='word_1_92' title='bbox 242 1183 352 1219; x_wconf 74' lang='lat' dir='ltr'><strong>esse</strong></span> <span class='ocrx_word' id='word_1_93' title='bbox 390 1164 700 1228; x_wconf 80' lang='lat' dir='ltr'><strong>videndum,</strong></span> <span class='ocrx_word' id='word_1_94' title='bbox 741 1179 807 1216; x_wconf 86' lang='lat' dir='ltr'><strong>an</strong></span> <span class='ocrx_word' id='word_1_95' title='bbox 850 1170 959 1217; x_wconf 82' lang='lat' dir='ltr'><strong>tam</strong></span> <span class='ocrx_word' id='word_1_96' title='bbox 999 1159 1404 1215; x_wconf 77' lang='lat' dir='ltr'><strong>formidolosum</strong></span> <span class='ocrx_word' id='word_1_97' title='bbox 1442 1159 1654 1216; x_wconf 84' lang='lat' dir='ltr'><strong>facinus</strong></span> <span class='ocrx_word' id='word_1_98' title='bbox 1688 1171 1830 1218; x_wconf 88' lang='lat' dir='ltr'><strong>esset</strong></span> <span class='ocrx_word' id='word_1_99' title='bbox 1870 1168 2041 1221; x_wconf 81' lang='lat' dir='ltr'><strong>susci-</strong></span> 
     </span>
     <span class='ocr_line' id='line_1_12' title="bbox 38 1248 2041 1328; baseline 0 -20"><span class='ocrx_word' id='word_1_100' title='bbox 38 1251 321 1328; x_wconf 77' lang='lat' dir='ltr'><strong>piendum.</strong></span> <span class='ocrx_word' id='word_1_101' title='bbox 363 1250 739 1307; x_wconf 84' lang='lat' dir='ltr'><strong>Dissuadentis</strong></span> <span class='ocrx_word' id='word_1_102' title='bbox 773 1251 903 1306; x_wconf 89' lang='lat' dir='ltr'><strong>haec</strong></span> <span class='ocrx_word' id='word_1_103' title='bbox 940 1250 1112 1304; x_wconf 85' lang='lat' dir='ltr'><strong>oratio</strong></span> <span class='ocrx_word' id='word_1_104' title='bbox 1145 1254 1229 1303; x_wconf 90' lang='lat' dir='ltr'><strong>est</strong></span> <span class='ocrx_word' id='word_1_105' title='bbox 1257 1255 1311 1303; x_wconf 91' lang='lat' dir='ltr'><strong>et</strong></span> <span class='ocrx_word' id='word_1_106' title='bbox 1339 1255 1497 1303; x_wconf 83' lang='lat' dir='ltr'><strong>caute</strong></span> <span class='ocrx_word' id='word_1_107' title='bbox 1533 1248 1899 1308; x_wconf 86' lang='lat' dir='ltr'><strong>dehortantis:</strong></span> <span class='ocrx_word' id='word_1_108' title='bbox 1942 1255 2041 1308; x_wconf 86' lang='lat' dir='ltr'><strong>ita-</strong></span> 
     </span>
     <span class='ocr_line' id='line_1_13' title="bbox 27 1338 2041 1415; baseline 0 -19"><span class='ocrx_word' id='word_1_109' title='bbox 27 1342 153 1415; x_wconf 73' lang='lat' dir='ltr'><strong>‘qne</strong></span> <span class='ocrx_word' id='word_1_110' title='bbox 205 1357 419 1395; x_wconf 88' lang='lat' dir='ltr'><strong>summa</strong></span> <span class='ocrx_word' id='word_1_111' title='bbox 474 1356 570 1410; x_wconf 83' lang='lat' dir='ltr'><strong>ope</strong></span> <span class='ocrx_word' id='word_1_112' title='bbox 627 1338 920 1410; x_wconf 80' lang='lat' dir='ltr'><strong>Xenophon</strong></span> <span class='ocrx_word' id='word_1_113' title='bbox 986 1344 1174 1391; x_wconf 79' lang='lat' dir='ltr'><strong>contra</strong></span> <span class='ocrx_word' id='word_1_114' title='bbox 1229 1338 1463 1402; x_wconf 85' lang='lat' dir='ltr'><strong>nititur,</strong></span> <span class='ocrx_word' id='word_1_115' title='bbox 1522 1338 1638 1392; x_wconf 90' lang='lat' dir='ltr'><strong>sine</strong></span> <span class='ocrx_word' id='word_1_116' title='bbox 1695 1343 2041 1398; x_wconf 79' lang='lat' dir='ltr'><strong>cunctatione</strong></span> 
     </span>
     <span class='ocr_line' id='line_1_14' title="bbox 37 1425 2040 1511; baseline 0.001 -27"><span class='ocrx_word' id='word_1_117' title='bbox 37 1428 507 1511; x_wconf 23' lang='lat' dir='ltr'><strong>‘prorumpendum</strong></span> <span class='ocrx_word' id='word_1_118' title='bbox 537 1444 655 1482; x_wconf 90' lang='lat' dir='ltr'><strong>esse</strong></span> <span class='ocrx_word' id='word_1_119' title='bbox 688 1427 1088 1488; x_wconf 82' lang='lat' dir='ltr'><strong>demonstranS,</strong></span> <span class='ocrx_word' id='word_1_120' title='bbox 1129 1426 1182 1479; x_wconf 94' lang='lat' dir='ltr'><strong>in</strong></span> <span class='ocrx_word' id='word_1_121' title='bbox 1217 1441 1324 1496; x_wconf 89' lang='lat' dir='ltr'><strong>qua</strong></span> <span class='ocrx_word' id='word_1_122' title='bbox 1356 1425 1596 1480; x_wconf 84' lang='lat' dir='ltr'><strong>oratione</strong></span> <span class='ocrx_word' id='word_1_123' title='bbox 1630 1428 1828 1483; x_wconf 88' lang='lat' dir='ltr'><strong>eximie</strong></span> <span class='ocrx_word' id='word_1_124' title='bbox 1862 1445 2040 1485; x_wconf 89' lang='lat' dir='ltr'><strong>emen·</strong></span> 
     </span>
     <span class='ocr_line' id='line_1_15' title="bbox 41 1511 2040 1586; baseline 0.002 -14.006"><span class='ocrx_word' id='word_1_125' title='bbox 41 1514 195 1573; x_wconf 70' lang='lat' dir='ltr'><strong>&#39;davit</strong></span> <span class='ocrx_word' id='word_1_126' title='bbox 233 1516 475 1571; x_wconf 80' lang='lat' dir='ltr'><strong>Naherus</strong></span> <span class='ocrx_word' id='word_1_127' title='bbox 521 1515 699 1570; x_wconf 83' lang='lat' dir='ltr'><strong>locum</strong></span> <span class='ocrx_word' id='word_1_128' title='bbox 753 1516 809 1568; x_wconf 91' lang='lat' dir='ltr'><strong>in</strong></span> <span class='ocrx_word' id='word_1_129' title='bbox 851 1516 878 1586; x_wconf 76' lang='lat'>§</span> <span class='ocrx_word' id='word_1_130' title='bbox 922 1519 1008 1569; x_wconf 81' lang='lat'><strong>17.</strong></span> <span class='ocrx_word' id='word_1_131' title='bbox 1062 1514 1167 1579; x_wconf 73' lang='grc' dir='ltr'><strong>ἐγὼ</strong></span> <span class='ocrx_word' id='word_1_132' title='bbox 1204 1517 1329 1578; x_wconf 71' lang='grc' dir='ltr'><strong><em>γοῦν</em></strong></span> <span class='ocrx_word' id='word_1_133' title='bbox 1371 1511 1500 1576; x_wconf 83' lang='grc' dir='ltr'><strong><em>η’διον</em></strong></span> <span class='ocrx_word' id='word_1_134' title='bbox 1558 1512 1622 1567; x_wconf 74' lang='grc' dir='ltr'><strong>ἂν</strong></span> <span class='ocrx_word' id='word_1_135' title='bbox 1671 1517 1763 1571; x_wconf 84' lang='grc' dir='ltr'><strong>σὺν</strong></span> <span class='ocrx_word' id='word_1_136' title='bbox 1804 1518 2040 1583; x_wconf 74' lang='grc' dir='ltr'><strong><em>ἡμίσεσιν</em></strong></span> 
     </span>
     <span class='ocr_line' id='line_1_16' title="bbox 48 1602 2040 1671; baseline 0.001 -11"><span class='ocrx_word' id='word_1_137' title='bbox 48 1606 339 1671; x_wconf 61' lang='lat' dir='ltr'><strong>§tolum</strong></span> <span class='ocrx_word' id='word_1_138' title='bbox 393 1605 428 1668; x_wconf 79' lang='grc' dir='ltr'>ἢ</span> <span class='ocrx_word' id='word_1_139' title='bbox 473 1604 566 1658; x_wconf 82' lang='grc' dir='ltr'><strong>σὺν</strong></span> <span class='ocrx_word' id='word_1_140' title='bbox 617 1603 908 1663; x_wconf 76' lang='grc' dir='ltr'><strong><em>διπλασίοις</em></strong></span> <span class='ocrx_word' id='word_1_141' title='bbox 958 1602 1301 1671; x_wconf 69' lang='grc' dir='ltr'><strong><em>ἀποχωροίην.</em></strong></span> <span class='ocrx_word' id='word_1_142' title='bbox 1390 1602 1562 1655; x_wconf 86' lang='lat' dir='ltr'><strong>Acute</strong></span> <span class='ocrx_word' id='word_1_143' title='bbox 1615 1604 1758 1659; x_wconf 89' lang='lat' dir='ltr'><strong>enim</strong></span> <span class='ocrx_word' id='word_1_144' title='bbox 1808 1605 1944 1661; x_wconf 90' lang='lat' dir='ltr'><strong>vidit</strong></span> <span class='ocrx_word' id='word_1_145' title='bbox 1984 1608 2040 1663; x_wconf 87' lang='lat' dir='ltr'><strong>in</strong></span> 
     </span>
     <span class='ocr_line' id='line_1_17' title="bbox 45 1689 2041 1763; baseline 0 -11"><span class='ocrx_word' id='word_1_146' title='bbox 45 1701 385 1751; x_wconf 81' lang='lat' dir='ltr'>EHOIMHN</span> <span class='ocrx_word' id='word_1_147' title='bbox 426 1692 595 1747; x_wconf 81' lang='lat' dir='ltr'><strong>latere</strong></span> <span class='ocrx_word' id='word_1_148' title='bbox 638 1699 974 1755; x_wconf 84' lang='lat' dir='ltr'><strong>EmolHN,</strong></span> <span class='ocrx_word' id='word_1_149' title='bbox 1029 1691 1159 1756; x_wconf 74' lang='grc' dir='ltr'><strong><em>ἥδιον</em></strong></span> <span class='ocrx_word' id='word_1_150' title='bbox 1205 1689 1270 1744; x_wconf 75' lang='grc' dir='ltr'><strong>ἂν</strong></span> <span class='ocrx_word' id='word_1_151' title='bbox 1310 1690 1402 1744; x_wconf 87' lang='grc' dir='ltr'><strong>σὺν</strong></span> <span class='ocrx_word' id='word_1_152' title='bbox 1451 1690 1688 1755; x_wconf 73' lang='grc' dir='ltr'><strong><em>ἡμίσεσιν</em></strong></span> <span class='ocrx_word' id='word_1_153' title='bbox 1741 1694 2041 1763; x_wconf 77' lang='grc' dir='ltr'><strong><em>ἐπιοίην,</em></strong></span> 
     </span>
     <span class='ocr_line' id='line_1_18' title="bbox 49 1778 2043 1852; baseline 0.002 -15"><span class='ocrx_word' id='word_1_154' title='bbox 49 1790 111 1837; x_wconf 84' lang='lat' dir='ltr'><strong>ut</strong></span> <span class='ocrx_word' id='word_1_155' title='bbox 150 1782 336 1836; x_wconf 82' lang='lat' dir='ltr'><strong>statim</strong></span> <span class='ocrx_word' id='word_1_156' title='bbox 374 1781 516 1836; x_wconf 86' lang='lat' dir='ltr'><strong>inter</strong></span> <span class='ocrx_word' id='word_1_157' title='bbox 555 1797 612 1835; x_wconf 87' lang='lat' dir='ltr'><strong>se</strong></span> <span class='ocrx_word' id='word_1_158' title='bbox 645 1786 994 1852; x_wconf 88' lang='lat' dir='ltr'><strong>opponuntur</strong></span> <span class='ocrx_word' id='word_1_159' title='bbox 1032 1778 1339 1834; x_wconf 82' lang='grc' dir='ltr'><strong><em>ἐπιόντων</em></strong></span> <span class='ocrx_word' id='word_1_160' title='bbox 1379 1778 1476 1844; x_wconf 81' lang='grc' dir='ltr'><strong>μὲν</strong></span> <span class='ocrx_word' id='word_1_161' title='bbox 1514 1781 1654 1845; x_wconf 77' lang='grc' dir='ltr'><strong><em>ἡμῶν</em></strong></span> <span class='ocrx_word' id='word_1_162' title='bbox 1683 1813 1756 1822; x_wconf 82' lang='grc'><strong>-</strong></span> <span class='ocrx_word' id='word_1_163' title='bbox 1784 1784 2043 1841; x_wconf 71' lang='grc' dir='ltr'><strong><em>ἀπιόντων</em></strong></span> 
     </span>
     <span class='ocr_line' id='line_1_19' title="bbox 47 1867 2041 1944; baseline 0.002 -19"><span class='ocrx_word' id='word_1_164' title='bbox 47 1870 120 1926; x_wconf 82' lang='grc' dir='ltr'><strong>δέ.</strong></span> <span class='ocrx_word' id='word_1_165' title='bbox 193 1870 452 1925; x_wconf 77' lang='grc' dir='ltr'><strong><em>Ἐπεσθαι</em></strong></span> <span class='ocrx_word' id='word_1_166' title='bbox 494 1877 548 1924; x_wconf 85' lang='lat' dir='ltr'><strong>et</strong></span> <span class='ocrx_word' id='word_1_167' title='bbox 596 1869 890 1924; x_wconf 69' lang='grc' dir='ltr'><strong><em>ἀκολουθεῖν</em></strong></span> <span class='ocrx_word' id='word_1_168' title='bbox 940 1874 1047 1929; x_wconf 82' lang='grc' dir='ltr'><strong><em>τοῖς</em></strong></span> <span class='ocrx_word' id='word_1_169' title='bbox 1104 1867 1369 1933; x_wconf 79' lang='grc' dir='ltr'><strong><em>πολεμίοις</em></strong></span> <span class='ocrx_word' id='word_1_170' title='bbox 1425 1883 1530 1921; x_wconf 88' lang='lat' dir='ltr'><strong>non</strong></span> <span class='ocrx_word' id='word_1_171' title='bbox 1582 1876 1663 1923; x_wconf 88' lang='lat' dir='ltr'><strong>est</strong></span> <span class='ocrx_word' id='word_1_172' title='bbox 1703 1873 1950 1944; x_wconf 80' lang='lat' dir='ltr'><strong>persequi</strong></span> <span class='ocrx_word' id='word_1_173' title='bbox 1988 1880 2041 1928; x_wconf 83' lang='lat' dir='ltr'><strong>et</strong></span> 
     </span>
     <span class='ocr_line' id='line_1_20' title="bbox 42 1955 2043 2032; baseline 0.001 -20"><span class='ocrx_word' id='word_1_174' title='bbox 42 1959 241 2012; x_wconf 74' lang='lat' dir='ltr'><strong>instare</strong></span> <span class='ocrx_word' id='word_1_175' title='bbox 282 1956 526 2012; x_wconf 89' lang='lat' dir='ltr'><strong>hostibus</strong></span> <span class='ocrx_word' id='word_1_176' title='bbox 581 1957 941 2028; x_wconf 66' lang='lat' dir='ltr'><strong>suqientibuS,</strong></span> <span class='ocrx_word' id='word_1_177' title='bbox 1002 1956 1094 2011; x_wconf 91' lang='lat' dir='ltr'><strong>sed</strong></span> <span class='ocrx_word' id='word_1_178' title='bbox 1134 1955 1280 2028; x_wconf 78' lang='lat' dir='ltr'><strong>sequi</strong></span> <span class='ocrx_word' id='word_1_179' title='bbox 1328 1961 1382 2009; x_wconf 91' lang='lat' dir='ltr'><strong>et</strong></span> <span class='ocrx_word' id='word_1_180' title='bbox 1422 1955 1563 2012; x_wconf 91' lang='lat' dir='ltr'><strong>idem</strong></span> <span class='ocrx_word' id='word_1_181' title='bbox 1606 1957 1710 2012; x_wconf 88' lang='lat' dir='ltr'><strong>iter</strong></span> <span class='ocrx_word' id='word_1_182' title='bbox 1749 1975 1813 2013; x_wconf 85' lang='lat' dir='ltr'><strong>ex</strong></span> <span class='ocrx_word' id='word_1_183' title='bbox 1862 1959 2043 2032; x_wconf 84' lang='lat' dir='ltr'><strong>aliquo</strong></span> 
     </span>
     <span class='ocr_line' id='line_1_21' title="bbox 45 2044 593 2101; baseline -0.005 0"><span class='ocrx_word' id='word_1_184' title='bbox 45 2044 329 2101; x_wconf 84' lang='lat' dir='ltr'><strong>intervallo</strong></span> <span class='ocrx_word' id='word_1_185' title='bbox 363 2045 593 2100; x_wconf 87' lang='lat' dir='ltr'><strong>emetiri.</strong></span> 
     </span>
    </p>

    <p class='ocr_par' dir='ltr' id='par_1_3' title="bbox 43 2130 2044 2379">
     <span class='ocr_line' id='line_1_22' title="bbox 118 2130 2040 2202; baseline 0.002 -14"><span class='ocrx_word' id='word_1_186' title='bbox 118 2133 404 2188; x_wconf 82' lang='lat' dir='ltr'><strong>Praeterea</strong></span> <span class='ocrx_word' id='word_1_187' title='bbox 457 2134 511 2186; x_wconf 90' lang='lat' dir='ltr'><strong>in</strong></span> <span class='ocrx_word' id='word_1_188' title='bbox 566 2133 744 2188; x_wconf 88' lang='lat' dir='ltr'><strong>verbis</strong></span> <span class='ocrx_word' id='word_1_189' title='bbox 794 2132 882 2187; x_wconf 81' lang='grc' dir='ltr'><strong>καὶ</strong></span> <span class='ocrx_word' id='word_1_190' title='bbox 942 2134 1151 2193; x_wconf 86' lang='grc' dir='ltr'><strong><em>τούτους</em></strong></span> <span class='ocrx_word' id='word_1_191' title='bbox 1191 2130 1285 2188; x_wconf 80' lang='grc' dir='ltr'><strong><em>οἶδ’</em></strong></span> <span class='ocrx_word' id='word_1_192' title='bbox 1325 2130 1402 2188; x_wconf 75' lang='grc' dir='ltr'><strong>ὅτι</strong></span> <span class='ocrx_word' id='word_1_193' title='bbox 1457 2131 1699 2188; x_wconf 82' lang='grc' dir='ltr'><strong><em>ἐπιόντων</em></strong></span> <span class='ocrx_word' id='word_1_194' title='bbox 1746 2135 1843 2200; x_wconf 81' lang='grc' dir='ltr'><strong>μὲν</strong></span> <span class='ocrx_word' id='word_1_195' title='bbox 1898 2138 2040 2202; x_wconf 77' lang='grc' dir='ltr'><strong><em>ἡμῶν</em></strong></span> 
     </span>
     <span class='ocr_line' id='line_1_23' title="bbox 44 2219 2044 2293; baseline 0.002 -17"><span class='ocrx_word' id='word_1_196' title='bbox 44 2221 147 2277; x_wconf 77' lang='grc' dir='ltr'><strong><em>οὐδ’</em></strong></span> <span class='ocrx_word' id='word_1_197' title='bbox 189 2222 336 2286; x_wconf 82' lang='grc' dir='ltr'><strong><em>ὑμεῖς</em></strong></span> <span class='ocrx_word' id='word_1_198' title='bbox 374 2221 619 2289; x_wconf 81' lang='grc' dir='ltr'><strong><em>ἐλπίζετε</em></strong></span> <span class='ocrx_word' id='word_1_199' title='bbox 663 2219 900 2293; x_wconf 81' lang='grc' dir='ltr'><strong><em>[αὐτοὺς]</em></strong></span> <span class='ocrx_word' id='word_1_200' title='bbox 945 2219 1268 2285; x_wconf 75' lang='grc' dir='ltr'><strong><em>δέξασθαι</em></strong></span> <span class='ocrx_word' id='word_1_201' title='bbox 1310 2224 1489 2288; x_wconf 70' lang='grc' dir='ltr'><strong><em>ἡμᾶς,</em></strong></span> <span class='ocrx_word' id='word_1_202' title='bbox 1525 2221 1781 2277; x_wconf 68' lang='grc' dir='ltr'><strong><em>ἀπιόντων</em></strong></span> <span class='ocrx_word' id='word_1_203' title='bbox 1820 2223 1873 2278; x_wconf 74' lang='grc' dir='ltr'><strong>δὲ</strong></span> <span class='ocrx_word' id='word_1_204' title='bbox 1914 2223 2044 2280; x_wconf 71' lang='grc' dir='ltr'><strong><em>πάν·</em></strong></span> 
     </span>
     <span class='ocr_line' id='line_1_24' title="bbox 0 2308 2043 2379; baseline 0.001 -12.043"><span class='ocrx_word' id='word_1_205' title='bbox 0 2327 133 2372; x_wconf 69' lang='grc' dir='ltr'><strong><em>τις</em></strong></span> <span class='ocrx_word' id='word_1_206' title='bbox 186 2308 485 2377; x_wconf 70' lang='grc' dir='ltr'><strong><em>ἐπιςάμεθα</em></strong></span> <span class='ocrx_word' id='word_1_207' title='bbox 535 2331 612 2364; x_wconf 90' lang='grc' dir='ltr'><strong>οτι</strong></span> <span class='ocrx_word' id='word_1_208' title='bbox 665 2311 1011 2375; x_wconf 81' lang='grc' dir='ltr'><strong><em>τολμήσουσιν</em></strong></span> <span class='ocrx_word' id='word_1_209' title='bbox 1069 2309 1395 2379; x_wconf 81' lang='grc' dir='ltr'><strong><em>ἐφέπεσθαι,</em></strong></span> <span class='ocrx_word' id='word_1_210' title='bbox 1454 2316 1508 2365; x_wconf 87' lang='lat' dir='ltr'><strong>et</strong></span> <span class='ocrx_word' id='word_1_211' title='bbox 1560 2309 1792 2375; x_wconf 74' lang='grc' dir='ltr'><strong><em>δέξεσθαι</em></strong></span> <span class='ocrx_word' id='word_1_212' title='bbox 1850 2314 2043 2368; x_wconf 83' lang='lat' dir='ltr'><strong>rescri-</strong></span> 
     </span>
    </p>

    <p class='ocr_par' dir='ltr' id='par_1_4' title="bbox 0 2394 2043 2641">
     <span class='ocr_line' id='line_1_25' title="bbox 0 2394 2041 2500; baseline 0.002 -47"><span class='ocrx_word' id='word_1_213' title='bbox 0 2396 4 2500; x_wconf 74' lang='lat' dir='ltr'><strong>l</strong></span> <span class='ocrx_word' id='word_1_214' title='bbox 45 2394 279 2454; x_wconf 73' lang='lat' dir='ltr'><strong>bendum</strong></span> <span class='ocrx_word' id='word_1_215' title='bbox 334 2406 416 2452; x_wconf 90' lang='lat' dir='ltr'><strong>est</strong></span> <span class='ocrx_word' id='word_1_216' title='bbox 465 2405 518 2452; x_wconf 90' lang='lat' dir='ltr'><strong>et</strong></span> <span class='ocrx_word' id='word_1_217' title='bbox 557 2398 746 2459; x_wconf 82' lang='grc' dir='ltr'><strong><em>αὐτούς</em></strong></span> <span class='ocrx_word' id='word_1_218' title='bbox 795 2396 1233 2469; x_wconf 87' lang='lat' dir='ltr'><strong>expungendum.</strong></span> <span class='ocrx_word' id='word_1_219' title='bbox 1327 2398 1425 2453; x_wconf 89' lang='lat' dir='ltr'><strong>Est</strong></span> <span class='ocrx_word' id='word_1_220' title='bbox 1478 2399 1623 2454; x_wconf 91' lang='lat' dir='ltr'><strong>enim</strong></span> <span class='ocrx_word' id='word_1_221' title='bbox 1681 2401 1889 2463; x_wconf 84' lang='grc' dir='ltr'><strong><em>τούτους</em></strong></span> <span class='ocrx_word' id='word_1_222' title='bbox 1934 2419 2041 2457; x_wconf 89' lang='lat' dir='ltr'><strong>non</strong></span> 
     </span>
     <span class='ocr_line' id='line_1_26' title="bbox 0 2481 2043 2561; baseline 0.003 -19.108"><span class='ocrx_word' id='word_1_223' title='bbox 0 2491 173 2542; x_wconf 56' lang='lat' dir='ltr'><strong>¹enm</strong></span> <span class='ocrx_word' id='word_1_224' title='bbox 210 2481 306 2540; x_wconf 74' lang='grc' dir='ltr'><strong><em>οἷδ’</em></strong></span> <span class='ocrx_word' id='word_1_225' title='bbox 352 2506 431 2540; x_wconf 90' lang='grc' dir='ltr'><strong>οτι</strong></span> <span class='ocrx_word' id='word_1_226' title='bbox 472 2485 943 2557; x_wconf 76' lang='lat' dir='ltr'><strong>coniungendam,</strong></span> <span class='ocrx_word' id='word_1_227' title='bbox 997 2502 1135 2557; x_wconf 89' lang='lat' dir='ltr'><strong>quae</strong></span> <span class='ocrx_word' id='word_1_228' title='bbox 1173 2487 1259 2542; x_wconf 83' lang='grc' dir='ltr'><strong><em>δια</em></strong></span> <span class='ocrx_word' id='word_1_229' title='bbox 1298 2487 1460 2553; x_wconf 78' lang='grc' dir='ltr'><strong><em>μέσου</em></strong></span> <span class='ocrx_word' id='word_1_230' title='bbox 1499 2495 1627 2542; x_wconf 86' lang='lat' dir='ltr'><strong>sunt</strong></span> <span class='ocrx_word' id='word_1_231' title='bbox 1679 2491 1889 2561; x_wconf 85' lang='lat' dir='ltr'><strong>posita,</strong></span> <span class='ocrx_word' id='word_1_232' title='bbox 1949 2490 2043 2546; x_wconf 89' lang='lat' dir='ltr'><strong>sed</strong></span> 
     </span>
     <span class='ocr_line' id='line_1_27' title="bbox 46 2572 894 2641; baseline -0.004 -10"><span class='ocrx_word' id='word_1_233' title='bbox 46 2587 173 2631; x_wconf 66' lang='lat' dir='ltr'><strong>eum</strong></span> <span class='ocrx_word' id='word_1_234' title='bbox 208 2572 451 2641; x_wconf 85' lang='grc' dir='ltr'><strong><em>ἐλπίζετε</em></strong></span> <span class='ocrx_word' id='word_1_235' title='bbox 495 2581 550 2629; x_wconf 91' lang='lat' dir='ltr'><strong>et</strong></span> <span class='ocrx_word' id='word_1_236' title='bbox 580 2573 894 2640; x_wconf 68' lang='grc' dir='ltr'><strong><em>ἐπιταμεθα.</em></strong></span> 
     </span>
    </p>

    <p class='ocr_par' dir='ltr' id='par_1_5' title="bbox 47 2660 2043 3263">
     <span class='ocr_line' id='line_1_28' title="bbox 122 2660 2043 2733; baseline 0.004 -17"><span class='ocrx_word' id='word_1_237' title='bbox 122 2660 183 2716; x_wconf 87' lang='lat' dir='ltr'><strong>In</strong></span> <span class='ocrx_word' id='word_1_238' title='bbox 233 2664 264 2733; x_wconf 74' lang='lat' dir='ltr'>S</span> <span class='ocrx_word' id='word_1_239' title='bbox 302 2665 392 2717; x_wconf 73' lang='lat'><strong>24.</strong></span> <span class='ocrx_word' id='word_1_240' title='bbox 448 2662 539 2725; x_wconf 69' lang='grc' dir='ltr'><strong>ἡδύ</strong></span> <span class='ocrx_word' id='word_1_241' title='bbox 582 2683 659 2717; x_wconf 89' lang='grc' dir='ltr'><strong>τοι</strong></span> <span class='ocrx_word' id='word_1_242' title='bbox 703 2662 927 2730; x_wconf 69' lang='grc' dir='ltr'><strong><em>ἀνδρεῖόν</em></strong></span> <span class='ocrx_word' id='word_1_243' title='bbox 960 2683 1012 2717; x_wconf 91' lang='grc' dir='ltr'><strong>τι</strong></span> <span class='ocrx_word' id='word_1_244' title='bbox 1054 2696 1127 2706; x_wconf 90' lang='lat'>-</span> <span class='ocrx_word' id='word_1_245' title='bbox 1165 2667 1457 2730; x_wconf 78' lang='grc' dir='ltr'><strong><em>ποιήσαντα</em></strong></span> <span class='ocrx_word' id='word_1_246' title='bbox 1494 2666 1702 2730; x_wconf 76' lang='grc' dir='ltr'><strong><em>μνήμην</em></strong></span> <span class='ocrx_word' id='word_1_247' title='bbox 1742 2666 1795 2720; x_wconf 85' lang='grc' dir='ltr'><strong>ἐν</strong></span> <span class='ocrx_word' id='word_1_248' title='bbox 1829 2664 1901 2729; x_wconf 77' lang='grc' dir='ltr'><strong>οἷς</strong></span> <span class='ocrx_word' id='word_1_249' title='bbox 1940 2668 2043 2724; x_wconf 59' lang='lat'><strong>2202*-</strong></span> 
     </span>
     <span class='ocr_line' id='line_1_29' title="bbox 47 2748 2041 2821; baseline 0.003 -15"><span class='ocrx_word' id='word_1_250' title='bbox 47 2759 129 2810; x_wconf 70' lang='grc' dir='ltr'><strong><em>λοι</em></strong></span> <span class='ocrx_word' id='word_1_251' title='bbox 166 2748 419 2818; x_wconf 79' lang='grc' dir='ltr'><strong><em>παρέχειν</em></strong></span> <span class='ocrx_word' id='word_1_252' title='bbox 459 2752 644 2805; x_wconf 81' lang='grc' dir='ltr'><strong><em>ἑαυτοῦ</em></strong></span> <span class='ocrx_word' id='word_1_253' title='bbox 684 2752 876 2805; x_wconf 87' lang='lat' dir='ltr'><strong>vitiose</strong></span> <span class='ocrx_word' id='word_1_254' title='bbox 914 2749 1159 2806; x_wconf 88' lang='lat' dir='ltr'><strong>additum</strong></span> <span class='ocrx_word' id='word_1_255' title='bbox 1206 2769 1321 2807; x_wconf 88' lang='lat' dir='ltr'><strong>csse</strong></span> <span class='ocrx_word' id='word_1_256' title='bbox 1380 2754 1431 2806; x_wconf 83' lang='grc' dir='ltr'><strong>ἕν</strong></span> <span class='ocrx_word' id='word_1_257' title='bbox 1477 2753 1719 2807; x_wconf 80' lang='lat' dir='ltr'><strong>nonnulli</strong></span> <span class='ocrx_word' id='word_1_258' title='bbox 1755 2751 2041 2821; x_wconf 88' lang='lat' dir='ltr'><strong>viderunt,</strong></span> 
     </span>
     <span class='ocr_line' id='line_1_30' title="bbox 48 2835 2042 2912; baseline 0.002 -17"><span class='ocrx_word' id='word_1_259' title='bbox 48 2835 143 2895; x_wconf 71' lang='lat' dir='ltr'><strong>ned</strong></span> <span class='ocrx_word' id='word_1_260' title='bbox 181 2853 287 2893; x_wconf 92' lang='lat' dir='ltr'><strong>non</strong></span> <span class='ocrx_word' id='word_1_261' title='bbox 310 2838 495 2893; x_wconf 87' lang='lat' dir='ltr'><strong>minus</strong></span> <span class='ocrx_word' id='word_1_262' title='bbox 536 2839 726 2894; x_wconf 88' lang='lat' dir='ltr'><strong>vitiose</strong></span> <span class='ocrx_word' id='word_1_263' title='bbox 745 2859 825 2900; x_wconf 90' lang='grc' dir='ltr'><strong>τις</strong></span> <span class='ocrx_word' id='word_1_264' title='bbox 857 2837 1037 2904; x_wconf 86' lang='lat' dir='ltr'><strong>abest,</strong></span> <span class='ocrx_word' id='word_1_265' title='bbox 1078 2840 1221 2911; x_wconf 90' lang='lat' dir='ltr'><strong>quod</strong></span> <span class='ocrx_word' id='word_1_266' title='bbox 1255 2857 1478 2912; x_wconf 89' lang='lat' dir='ltr'><strong>prorsus</strong></span> <span class='ocrx_word' id='word_1_267' title='bbox 1518 2848 1601 2896; x_wconf 86' lang='lat' dir='ltr'><strong>est</strong></span> <span class='ocrx_word' id='word_1_268' title='bbox 1637 2844 2003 2899; x_wconf 82' lang='lat' dir='ltr'><strong>necessarium</strong></span> <span class='ocrx_word' id='word_1_269' title='bbox 2028 2886 2042 2910; x_wconf 95' lang='lat'>‚</span> 
     </span>
     <span class='ocr_line' id='line_1_31' title="bbox 49 2924 2041 2998; baseline 0.003 -15"><span class='ocrx_word' id='word_1_270' title='bbox 49 2931 108 2983; x_wconf 73' lang='lat' dir='ltr'><strong>et</strong></span> <span class='ocrx_word' id='word_1_271' title='bbox 153 2927 231 2982; x_wconf 72' lang='lat' dir='ltr'><strong>sie</strong></span> <span class='ocrx_word' id='word_1_272' title='bbox 282 2933 365 2982; x_wconf 81' lang='lat' dir='ltr'><strong>est</strong></span> <span class='ocrx_word' id='word_1_273' title='bbox 422 2925 745 2998; x_wconf 82' lang='lat' dir='ltr'><strong>legendum:</strong></span> <span class='ocrx_word' id='word_1_274' title='bbox 802 2929 1011 2993; x_wconf 75' lang='grc' dir='ltr'><strong><em>μνήμην</em></strong></span> <span class='ocrx_word' id='word_1_275' title='bbox 1063 2924 1135 2989; x_wconf 79' lang='grc' dir='ltr'><strong>οἷς</strong></span> <span class='ocrx_word' id='word_1_276' title='bbox 1191 2949 1271 2990; x_wconf 87' lang='grc' dir='ltr'><strong>τις</strong></span> <span class='ocrx_word' id='word_1_277' title='bbox 1311 2929 1471 2984; x_wconf 81' lang='grc' dir='ltr'><strong><em>ἐθέλει</em></strong></span> <span class='ocrx_word' id='word_1_278' title='bbox 1529 2930 1781 2998; x_wconf 83' lang='grc' dir='ltr'><strong><em>παρέχειν</em></strong></span> <span class='ocrx_word' id='word_1_279' title='bbox 1838 2933 2041 2988; x_wconf 80' lang='grc' dir='ltr'><strong><em>ἑαυτοῦ.</em></strong></span> 
     </span>
     <span class='ocr_line' id='line_1_32' title="bbox 50 3010 2041 3089; baseline 0.003 -19"><span class='ocrx_word' id='word_1_280' title='bbox 50 3010 234 3087; x_wconf 66' lang='lat' dir='ltr'><strong>Reque</strong></span> <span class='ocrx_word' id='word_1_281' title='bbox 261 3015 405 3070; x_wconf 85' lang='lat' dir='ltr'><strong>enim</strong></span> <span class='ocrx_word' id='word_1_282' title='bbox 441 3016 599 3069; x_wconf 76' lang='grc' dir='ltr'><strong><em>ἐθέλει</em></strong></span> <span class='ocrx_word' id='word_1_283' title='bbox 638 3015 880 3070; x_wconf 84' lang='lat' dir='ltr'><strong>subiecto</strong></span> <span class='ocrx_word' id='word_1_284' title='bbox 916 3032 1101 3071; x_wconf 85' lang='lat' dir='ltr'><strong>carere</strong></span> <span class='ocrx_word' id='word_1_285' title='bbox 1137 3023 1310 3087; x_wconf 86' lang='lat' dir='ltr'><strong>potest</strong></span> <span class='ocrx_word' id='word_1_286' title='bbox 1347 3034 1519 3089; x_wconf 88' lang='lat' dir='ltr'><strong>neque</strong></span> <span class='ocrx_word' id='word_1_287' title='bbox 1552 3016 1699 3071; x_wconf 87' lang='lat' dir='ltr'><strong>aliud</strong></span> <span class='ocrx_word' id='word_1_288' title='bbox 1735 3018 2041 3076; x_wconf 85' lang='lat' dir='ltr'><strong>subiectum</strong></span> 
     </span>
     <span class='ocr_line' id='line_1_33' title="bbox 50 3100 2043 3181; baseline 0.003 -22"><span class='ocrx_word' id='word_1_289' title='bbox 50 3100 291 3159; x_wconf 66' lang='lat' dir='ltr'><strong>admittit</strong></span> <span class='ocrx_word' id='word_1_290' title='bbox 336 3120 496 3175; x_wconf 87' lang='lat' dir='ltr'><strong>quam</strong></span> <span class='ocrx_word' id='word_1_291' title='bbox 551 3124 667 3167; x_wconf 90' lang='grc' dir='ltr'><strong><em>τις,</em></strong></span> <span class='ocrx_word' id='word_1_292' title='bbox 726 3102 946 3167; x_wconf 77' lang='grc' dir='ltr'><strong><em>ἕκαςος,</em></strong></span> <span class='ocrx_word' id='word_1_293' title='bbox 1004 3102 1190 3165; x_wconf 73' lang='grc' dir='ltr'><strong><em>ἕκαςός</em></strong></span> <span class='ocrx_word' id='word_1_294' title='bbox 1231 3125 1346 3169; x_wconf 88' lang='grc' dir='ltr'><strong><em>τις,</em></strong></span> <span class='ocrx_word' id='word_1_295' title='bbox 1403 3102 1476 3167; x_wconf 74' lang='grc' dir='ltr'><strong>εἷς</strong></span> <span class='ocrx_word' id='word_1_296' title='bbox 1517 3102 1702 3168; x_wconf 73' lang='grc' dir='ltr'><strong><em>ἕκαςος</em></strong></span> <span class='ocrx_word' id='word_1_297' title='bbox 1728 3147 1741 3170; x_wconf 93' lang='grc'><em>,</em></span> <span class='ocrx_word' id='word_1_298' title='bbox 1798 3115 1859 3162; x_wconf 91' lang='lat' dir='ltr'><strong>ut</strong></span> <span class='ocrx_word' id='word_1_299' title='bbox 1901 3108 2043 3181; x_wconf 85' lang='lat' dir='ltr'><strong>apud</strong></span> 
     </span>
     <span class='ocr_line' id='line_1_34' title="bbox 51 3196 292 3263; baseline 0.012 -20"><span class='ocrx_word' id='word_1_300' title='bbox 51 3196 292 3263; x_wconf 79' lang='lat' dir='ltr'><strong>poetam:</strong></span> 
     </span>
    </p>

    <p class='ocr_par' dir='ltr' id='par_1_6' title="bbox 55 3277 2041 3706">
     <span class='ocr_line' id='line_1_35' title="bbox 354 3277 1457 3353; baseline 0.004 -20"><span class='ocrx_word' id='word_1_301' title='bbox 354 3277 516 3341; x_wconf 72' lang='grc' dir='ltr'><strong><em>ἥδιςον</em></strong></span> <span class='ocrx_word' id='word_1_302' title='bbox 556 3280 607 3334; x_wconf 78' lang='grc' dir='ltr'><strong>δὲ</strong></span> <span class='ocrx_word' id='word_1_303' title='bbox 647 3289 866 3349; x_wconf 82' lang='grc' dir='ltr'><strong><em>τυχεῖν,</em></strong></span> <span class='ocrx_word' id='word_1_304' title='bbox 906 3277 965 3335; x_wconf 80' lang='grc' dir='ltr'><strong><em>οὗ</em></strong></span> <span class='ocrx_word' id='word_1_305' title='bbox 1005 3300 1083 3341; x_wconf 86' lang='grc' dir='ltr'><strong>τις</strong></span> <span class='ocrx_word' id='word_1_306' title='bbox 1125 3279 1308 3344; x_wconf 77' lang='grc' dir='ltr'><strong><em>ἕκαςος</em></strong></span> <span class='ocrx_word' id='word_1_307' title='bbox 1348 3284 1457 3353; x_wconf 80' lang='grc' dir='ltr'><strong><em>ε’ρᾷ.</em></strong></span> 
     </span>
     <span class='ocr_line' id='line_1_36' title="bbox 55 3362 2040 3442; baseline 0.003 -23"><span class='ocrx_word' id='word_1_308' title='bbox 55 3362 307 3421; x_wconf 70' lang='lat' dir='ltr'><strong>facillime</strong></span> <span class='ocrx_word' id='word_1_309' title='bbox 345 3374 526 3423; x_wconf 83' lang='lat' dir='ltr'><strong>autem</strong></span> <span class='ocrx_word' id='word_1_310' title='bbox 567 3389 645 3430; x_wconf 90' lang='grc' dir='ltr'><strong>τις</strong></span> <span class='ocrx_word' id='word_1_311' title='bbox 692 3367 939 3424; x_wconf 78' lang='lat' dir='ltr'><strong>excidere</strong></span> <span class='ocrx_word' id='word_1_312' title='bbox 992 3372 1209 3440; x_wconf 87' lang='lat' dir='ltr'><strong>potuit,</strong></span> <span class='ocrx_word' id='word_1_313' title='bbox 1266 3371 1519 3442; x_wconf 89' lang='lat' dir='ltr'><strong>quoniam</strong></span> <span class='ocrx_word' id='word_1_314' title='bbox 1578 3372 1633 3425; x_wconf 90' lang='lat' dir='ltr'><strong>in</strong></span> <span class='ocrx_word' id='word_1_315' title='bbox 1688 3370 1841 3425; x_wconf 85' lang='lat' dir='ltr'><strong>libris</strong></span> <span class='ocrx_word' id='word_1_316' title='bbox 1883 3379 2040 3435; x_wconf 85' lang='grc' dir='ltr'><strong>ΟΙΣ,</strong></span> 
     </span>
     <span class='ocr_line' id='line_1_37' title="bbox 69 3455 2041 3531; baseline 0.003 -23"><span class='ocrx_word' id='word_1_317' title='bbox 69 3461 184 3509; x_wconf 72' lang='lat' dir='ltr'><strong>en:</strong></span> <span class='ocrx_word' id='word_1_318' title='bbox 224 3460 279 3509; x_wconf 87' lang='lat' dir='ltr'><strong>et</strong></span> <span class='ocrx_word' id='word_1_319' title='bbox 315 3461 439 3511; x_wconf 84' lang='grc' dir='ltr'><strong>ΤῙΣ</strong></span> <span class='ocrx_word' id='word_1_320' title='bbox 475 3457 673 3527; x_wconf 83' lang='lat' dir='ltr'><strong>passim</strong></span> <span class='ocrx_word' id='word_1_321' title='bbox 728 3456 1136 3512; x_wconf 80' lang='lat' dir='ltr'><strong>confunduntur</strong></span> <span class='ocrx_word' id='word_1_322' title='bbox 1176 3465 1230 3512; x_wconf 90' lang='lat' dir='ltr'><strong>ct</strong></span> <span class='ocrx_word' id='word_1_323' title='bbox 1272 3460 1486 3531; x_wconf 86' lang='lat' dir='ltr'><strong>saepius</strong></span> <span class='ocrx_word' id='word_1_324' title='bbox 1539 3455 1611 3519; x_wconf 72' lang='grc' dir='ltr'><strong>εἷς</strong></span> <span class='ocrx_word' id='word_1_325' title='bbox 1654 3475 1749 3530; x_wconf 85' lang='lat' dir='ltr'><strong>pro</strong></span> <span class='ocrx_word' id='word_1_326' title='bbox 1788 3479 1866 3519; x_wconf 85' lang='grc' dir='ltr'><strong>τις</strong></span> <span class='ocrx_word' id='word_1_327' title='bbox 1910 3458 2041 3513; x_wconf 87' lang='lat' dir='ltr'><strong>irre·</strong></span> 
     </span>
     <span class='ocr_line' id='line_1_38' title="bbox 56 3540 2041 3619; baseline 0.005 -26"><span class='ocrx_word' id='word_1_328' title='bbox 56 3540 164 3612; x_wconf 85' lang='lat' dir='ltr'><strong>pit,</strong></span> <span class='ocrx_word' id='word_1_329' title='bbox 220 3557 619 3615; x_wconf 83' lang='lat' dir='ltr'><strong>nonnumquam</strong></span> <span class='ocrx_word' id='word_1_330' title='bbox 662 3566 739 3607; x_wconf 86' lang='grc' dir='ltr'><strong>τις</strong></span> <span class='ocrx_word' id='word_1_331' title='bbox 795 3551 1016 3618; x_wconf 79' lang='lat' dir='ltr'><strong>apparet</strong></span> <span class='ocrx_word' id='word_1_332' title='bbox 1072 3545 1160 3600; x_wconf 91' lang='lat' dir='ltr'><strong>ubi</strong></span> <span class='ocrx_word' id='word_1_333' title='bbox 1201 3544 1272 3609; x_wconf 76' lang='grc' dir='ltr'><strong>εἷς</strong></span> <span class='ocrx_word' id='word_1_334' title='bbox 1315 3547 1630 3619; x_wconf 80' lang='lat' dir='ltr'><strong>requiritur.</strong></span> <span class='ocrx_word' id='word_1_335' title='bbox 1715 3545 1850 3598; x_wconf 84' lang='lat' dir='ltr'><strong>llinc</strong></span> <span class='ocrx_word' id='word_1_336' title='bbox 1893 3554 2041 3603; x_wconf 80' lang='lat' dir='ltr'><strong>certa</strong></span> 
     </span>
     <span class='ocr_line' id='line_1_39' title="bbox 56 3627 2039 3706; baseline 0.004 -23"><span class='ocrx_word' id='word_1_337' title='bbox 56 3627 426 3685; x_wconf 79' lang='lat' dir='ltr'><strong>emendatione</strong></span> <span class='ocrx_word' id='word_1_338' title='bbox 486 3632 699 3687; x_wconf 85' lang='lat' dir='ltr'><strong>restitui</strong></span> <span class='ocrx_word' id='word_1_339' title='bbox 762 3636 958 3706; x_wconf 83' lang='lat' dir='ltr'><strong>poterit</strong></span> <span class='ocrx_word' id='word_1_340' title='bbox 1016 3634 1163 3691; x_wconf 89' lang='lat' dir='ltr'><strong>locus</strong></span> <span class='ocrx_word' id='word_1_341' title='bbox 1224 3637 1408 3691; x_wconf 87' lang='lat' dir='ltr'><strong>Dionis</strong></span> <span class='ocrx_word' id='word_1_342' title='bbox 1467 3634 1831 3706; x_wconf 76' lang='lat' dir='ltr'><strong>Glirysostomi</strong></span> <span class='ocrx_word' id='word_1_343' title='bbox 1894 3633 2039 3691; x_wconf 83' lang='lat' dir='ltr'><strong>Orat.</strong></span> 
     </span>
    </p>
   </div>
  </div>
 </body>
</html>
