2436 4068
1358 245 1460 294 158

409 390 599 463 oratio)
644 391 696 443 in
728 387 984 460 Eupolide
1019 387 1146 441 ferri
1183 402 1283 439 non
1322 391 1523 455 potest,
1566 402 1736 456 neque
1774 387 1848 440 ita
1884 387 2078 442 dixisse
2111 388 2385 444 Comicum

408 478 721 549 diligentius
777 477 1048 546 inspectus
1110 473 1370 527 Athenaei
1419 473 1568 526 locus
1627 473 2029 530 demonstrabit.
2100 479 2384 545 Παροιμία,

409 566 617 636 inquit,
670 571 786 624 Χῖος
840 562 1088 624 δεσπότην
1143 563 1393 624 ὠνήσατο,
1440 558 1470 628 ᾗ
1508 561 1758 628 κέχρηται
1812 561 2039 623 Εὔπολις
2090 566 2140 617 ἐν
2187 565 2386 629 Φίλοις,

409 669 534 706 nam
576 652 679 706 alia
721 651 907 721 quavis
947 650 1202 704 orationis
1250 647 1420 702 forma
1459 655 1633 720 potest
1673 650 1834 703 Poeta
1871 667 1999 703 usus
2035 667 2179 717 esse,
2219 670 2387 723 quum

407 747 564 794 vetus
598 739 802 793 dictum
842 737 1018 792 verbis
1059 738 1170 790 suis
1211 736 1655 791 accommodaret.

484 827 746 894 Quoniam
784 826 848 880 de
885 825 1071 879 formis
1107 825 1254 879 verbi
1291 826 1515 879 ὠνεῖσθαι
1557 824 1792 878 diximus
1834 824 2016 879 eadem
2058 843 2216 896 opera
2254 828 2388 882 indi-

409 931 531 969 care
582 914 730 968 lubet
778 915 1048 967 iuniorum
1104 914 1440 985 potissimum
1493 929 1714 978 caussa,
1771 930 1902 983 quas
1952 912 2150 967 formas
2199 914 2390 970 habeat

409 1002 550 1074 apud
599 1003 805 1056 Atticos
852 1001 1103 1055 vendendi
1151 1001 1390 1055 verbum.
1468 1001 1668 1071 Nempe
1724 1000 1864 1071 quod
1913 1000 2066 1054 aiunt
2118 1002 2390 1070 πιπρασκω

409 1090 516 1144 dici
561 1107 656 1161 pro
700 1090 858 1144 vendo
908 1106 1095 1143 verum
1150 1107 1254 1143 non
1305 1095 1411 1142 est:
1470 1104 1640 1158 neque
1689 1088 1841 1141 Iones
1892 1104 2063 1158 neque
2114 1090 2277 1144 Attici
2328 1107 2391 1145 ea

409 1178 581 1232 forma
622 1195 876 1249 umquam
914 1184 1146 1231 'utuntur
1182 1177 1272 1231 sed
1316 1175 1456 1247 apud
1506 1176 1779 1246 sequiores
1815 1177 2040 1246 protrita
2078 1183 2176 1232 est.
2237 1178 2390 1232 Galli-

407 1266 633 1320 machus
690 1267 859 1336 igitur
907 1282 1074 1336 quum
1124 1265 1326 1318 diceret
1360 1265 1484 1329 βοῦν
1529 1264 1788 1329 κολλύβου
1831 1265 2194 1329 πιπρήσκουσιν
2237 1266 2386 1339 (Poll.

407 1355 496 1408 IX.
543 1353 633 1427 ¹72)
672 1371 774 1408 non
814 1359 1045 1407 veterem
1088 1359 1360 1406 auctorem
1409 1351 1501 1406 sed
1542 1351 1876 1422 popularium
1931 1367 2087 1404 usum
2136 1353 2386 1423 sequeba-

406 1453 525 1506 tur,
567 1451 619 1496 et
648 1443 726 1496 sic
760 1442 955 1512 passim
988 1442 1314 1494 recentiores
1344 1439 1576 1493 scrihere
1610 1438 1840 1502 videbis,
1882 1455 2048 1508 quum
2080 1439 2203 1494 olim
2237 1447 2386 1496 πωλῶ

405 1531 645 1585 dicerent
673 1537 725 1584 et
757 1545 1160 1598 nonnumquam
1205 1528 1347 1601 (raro
1378 1526 1686 1599 admodum)
1728 1527 2052 1592 αποδίδομαι.
2117 1527 2385 1582 Futurum

407 1625 489 1673 est
547 1620 765 1681 πωλήσω
820 1624 872 1671 et
922 1616 1282 1681 ἀποδώσομαι,
1340 1632 1567 1686 quorum
1626 1613 1725 1668 hoc
1782 1612 2203 1684 frequentissimi
2256 1634 2387 1671 usus

406 1714 517 1770 est,
558 1705 688 1758 illud
739 1704 894 1775 paulo
934 1704 1173 1758 rarioriS.
1257 1703 1456 1757 Aoristi
1497 1719 1602 1756 una
1656 1708 1866 1755 tantum
1910 1701 2075 1756 forma
2127 1711 2208 1758 est
2254 1707 2387 1760 οΞπε-

407 1795 562 1860 δόμην
600 1801 651 1847 et
693 1791 915 1863 perfecti
968 1808 1074 1844 una
1120 1789 1287 1844 solum
1346 1791 1606 1858 πέπρακα.
1688 1790 1745 1843 In
1789 1790 2013 1860 passivis
2064 1809 2219 1846 nemo
2266 1794 2385 1848 aliis

407 1882 594 1936 formis
636 1881 810 1934 utitur
851 1896 1008 1950 quam
1053 1879 1357 1945 πέπραμαι,
1393 1879 1609 1946 ἐπράθην
1651 1885 1703 1932 et
1743 1877 2107 1944 πεπράσομαι,
2150 1898 2242 1951 pro
2281 1898 2386 1951 qua

407 1971 578 2025 forma
618 1969 891 2040 sequiores
926 1969 1251 2034 πραθήσομαι
1294 1966 1559 2021 dicebant.
1640 1968 1940 2021 Praesentis
1993 1970 2247 2039 temporis
2282 1969 2384 2023 sor·

410 2077 496 2113 ma
543 2065 620 2113 est
671 2059 959 2120 πωλοῦμαι.
1040 2054 1238 2108 Duobis
1280 2054 1408 2109 locis
1459 2054 1600 2126 apud
1647 2055 1918 2109 Platonem
1973 2058 2384 2123 πιπρασκόμενος

407 2148 640 2202 occurrit
690 2147 743 2199 in
792 2142 1070 2198 Phaedone
1123 2161 1171 2214 p.
1217 2147 1304 2196 69.
1343 2144 1395 2196 ss.
1444 2151 1495 2198 et
1538 2144 1592 2197 in
1637 2143 1882 2214 Sophista
1924 2161 1972 2215 p.
2011 2147 2138 2199 ⁴224.
2184 2146 2244 2200 A.
2292 2145 2384 2201 sed

406 2251 510 2291 non
553 2236 667 2288 sine
703 2233 853 2304 gravi
889 2232 1220 2302 corruptelae
1256 2239 1308 2284 et
1357 2231 1779 2303 interpolationis
1819 2233 2134 2302 suspicione.
2197 2233 2383 2304 Itaque

406 2321 728 2395 respondent
769 2319 870 2373 sibi
910 2320 1052 2373 inter
1088 2321 1196 2372 seo‘
1238 2319 1511 2386 πριοέμενος
1554 2320 1638 2373 καὶ
1674 2321 1696 2373 0‘
1737 2319 2078 2385 ἀποδόμενος,
2127 2321 2250 2387 πρίω
2292 2322 2378 2374 καὶ

405 2413 624 2471 οἱποδοῦ,
669 2410 689 2462 ὁ
728 2410 999 2474 πεπρακὼς
1039 2407 1124 2462 καὶ
1167 2410 1190 2461 ὁ
1230 2407 1522 2470 ἐωνημένος.
1604 2407 1772 2461 Nauci
1813 2425 1914 2461 non
1966 2414 2044 2461 est
2098 2407 2237 2478 quod
2281 2408 2382 2482 Ly·
2433 2422 2436 2457 3

405 2503 515 2556 siae
548 2500 780 2569 imputat
818 2497 1182 2550 Antiatticista
1220 2512 1266 2565 p.
1307 2498 1409 2556 95,
1455 2498 1522 2548 25
1565 2498 1846 2558 Ἐωνηκωςῑ
1882 2497 1995 2550 οὲντὶ
2037 2500 2126 2549 τοῦ
2167 2497 2381 2561 ἕωνημέ-

405 2609 502 2648 νος.
561 2586 760 2645 Λυσίας
803 2605 945 2638 κατα
988 2584 1216 2638 Καλλίου
1259 2582 1535 2646 ἐνδείξεως,
1576 2600 1712 2654 quae
1758 2591 1836 2637 est
1884 2584 2224 2654 putidissima
2264 2585 2380 2638 bar—
2425 2582 2436 2679 Ξ

404 2676 597 2731 baries.
677 2672 788 2726 Non
829 2673 1008 2725 minus
1047 2672 1297 2724 immanis
1333 2679 1413 2725 est
1449 2671 1792 2726 soloecismus
1830 2672 1970 2743 apud
2011 2671 2252 2745 Thucyd.
2292 2673 2377 2727 VI.
2422 2669 2436 2774 i

407 2767 496 2819 62.
556 2761 742 2820 Νικίας
787 2767 949 2826 παρῆν
989 2761 1039 2820 ἐς
1076 2781 1132 2814 το
1172 2758 1443 2826 ςροὲτευμα
1489 2781 1574 2813 και
1617 2760 1948 2827 τάνδράποδα
1995 2761 2254 2814 ἀπέδοσαν
2292 2762 2379 2814 καὶ
2420 2776 2436 2820 2

406 2852 691 2918 ἐγένοντοε
669 2847 726 2911 ἐξ
765 2850 931 2901 αὐτῶν
968 2847 1119 2902 εἴκοσι
1161 2869 1246 2901 και
1283 2849 1463 2900 ἑκατὸν
1497 2847 1758 2902 ταλανπα.
1823 2849 1963 2906 Satis
2002 2855 2220 2919 apparet
2257 2865 2379 2919 cap·
2411 2813 2436 2972 j

405 2941 544 2994 tivos
581 2954 683 2990 non
721 2935 945 2988 oeddzlos
978 2953 1092 2989 esse
1127 2936 1218 2989 sed
1253 2935 1350 2989 sub
1387 2952 1579 2988 corona
1615 2937 1872 2999 υοηάίιοε,
1914 2953 2079 3007 quare
2119 2943 2212 2990 aut
2245 2937 2382 2990 οέπέ-
2412 2971 2436 3065 ἐ

405 3030 542 3083 δοντο
592 3022 956 3093 recipiendum
1012 3041 1040 3077 a
1086 3025 1323 3077 Bekkero
1375 3024 1836 3088 commendatum,
1892 3032 1984 3078 aut
2041 3023 2198 3097 (quod
2249 3024 2382 3078 mihi

406 3110 726 3187 praeplacet)
769 3111 984 3164 ἀπέδοτο
1030 3112 1071 3185 (0‘
1113 3110 1350 3182 Νικίας>ε
1394 3112 1485 3181 qui
1527 3129 1648 3165 cum
1692 3114 1914 3183 impenio
1968 3119 2049 3166 est
2095 3113 2201 3166 dici
2248 3046 2436 3191 solet?

404 3204 533 3258 talia
585 3200 787 3254 secisse.
869 3199 1106 3269 Xenoph
1161 3197 1534 3253 Hell.1v.v1.
1581 3204 1629 3252 6.
1673 3201 1990 3264 Ἀγησίλαος
2035 3201 2267 3254 διεπωλει
2306 3222 2378 3254 τα

405 3290 767 3360 αἰχμάλωτα,
802 3293 854 3338 et
906 3304 1060 3357 saepe
1104 3287 1245 3340 alibi
1329 3286 1785 3352 Quemadmodum
1835 3289 2003 3357 igitur
2045 3286 2199 3340 nihili
2252 3294 2417 3341 sunt
2419 3344 2425 3360 ἢ

405 3379 607 3433 formae
642 3375 863 3435 ἐωνηκώς
906 3391 999 3444 pro
1040 3377 1259 3440 ἐώνημαι
1297 3381 1348 3427 et
1389 3375 1646 3428 απέδοσαν
1693 3392 1787 3445 pro
1828 3376 2101 3439 απέδοντο,
2143 3376 2219 3428 sic
2258 3393 2377 3430 cae·

406 3477 549 3522 teras
593 3464 817 3524 formas,
871 3478 1003 3531 quas
1055 3464 1356 3524 reiicimuS‚
1410 3461 1547 3532 apud
1594 3469 1798 3516 veteres
1844 3480 1947 3516 non
1999 3480 2111 3517 esse
2152 3448 2414 3517 usitatas'

405 3553 774 3624 unusquisque
824 3551 965 3603 inter
1013 3549 1295 3619 legendum
1350 3549 1492 3603 sacili
1547 3550 1757 3619 negotio
1803 3552 1995 3621 poterit
2048 3552 2379 3605 animadver-

404 3652 532 3698 tere.
566 3686 569 3687 ν
611 3639 885 3709 Nusquam
927 3654 1235 3708 comparere
1270 3638 1469 3693 videbit
1514 3640 1782 3703 ἐπώλησα,
1837 3642 2154 3705 πεπώληκα,
2205 3640 2373 3694 πεπώ·
