2436 4068
1012 153 1116 203 745

87 307 163 363 ὅτι
200 337 273 347 -
307 306 347 358 εἰ
389 302 688 369 ἰσχύσουσιν
726 302 768 354 οἱ
810 299 1038 352 πλούσιοι
1093 297 1178 351 καὶ
1220 297 1275 349 οἱ
1324 295 1593 363 ἰσχυροὶ
1650 297 1700 349 ἑν
1738 303 1856 358 ταῖς
1897 298 2054 352 πόλε-

89 418 166 452 σιν
208 395 432 458 ὄλίγιςον
472 391 648 458 χρόνον
691 391 719 451 ἦ
759 388 898 455 ἀρχὴ
938 385 1051 443 ἔςαι
1085 389 1174 439 τοῦ
1215 385 1375 449 δήμου
1414 388 1502 438 τοῦ
1543 386 1823 448 Ἀθήνησιν.
1902 385 2056 439 Nem-

86 501 152 557 pe
190 486 233 536 οἱ
273 481 474 547 ἰσχυροί
523 479 613 549 qui
657 493 867 548 corpore
905 482 1023 528 sunl
1067 473 1240 527 valido
1290 481 1338 526 et
1381 472 1588 526 robusto
1626 472 1746 544 plus
1790 474 1845 526 in
1885 473 2057 544 palae-

86 581 199 627 stra
254 569 426 624 solent
473 583 635 638 quam
687 566 739 617 in
781 580 891 635 rep.
934 562 1147 633 pollere.
1228 561 1511 615 Praeterea
1551 561 1674 632 quis
1715 559 1852 615 ferat
1904 562 2056 629 ἰσχύ-

4 646 6 655 ’
84 680 254 715 cova-ev
293 659 335 711 οἱ
376 654 611 724 ἰσχυροίῗ
693 650 831 719 Quid
871 650 1018 705 aliud
1060 651 1114 703 in
1150 665 1211 703 eo
1252 649 1444 704 mendo
1490 649 1655 704 latere
1687 656 1862 722 potest
1895 667 2058 722 quam

84 751 127 803 οἱ
166 746 351 815 xpm-01¹
372 743 391 797 ἲ
445 751 505 797 ut
547 740 703 814 paulo
738 746 896 794 ante:
950 742 1330 807 συκοφαντοῦσι
1385 738 1471 791 καὶ
1510 742 1714 803 μισοῦσι
1768 739 1886 800 τοὺς
1931 760 2057 807 χρη-

84 836 239 900 ςούς,
296 840 350 888 et
406 838 527 904 post
573 845 776 902 pauca:
835 829 952 887 τοὺς
1005 827 1100 892 μὲν
1153 827 1378 894 χρηςοὺς
1432 828 1676 891 άτιμοῖισι
1715 858 1791 867 -
1829 829 1945 889 τοὺς
2005 830 2057 883 δὲ

85 925 322 991 πονηροὺς
363 918 618 983 αὔξουσιν.
698 917 759 971 ln
815 915 922 970 fine
961 913 1187 969 emenda
1235 917 1324 967 τοῦ
1364 914 1525 979 δήμου
1568 917 1657 968 τοῦ
1715 917 2058 978 Ἀθηναίων

0 1029 34 1059 =;
83 1030 181 1087 pro
217 1013 520 1074 Ἀθήνησιν,
560 1006 626 1061 de
665 1021 769 1077 qua
810 1003 1122 1059 confusione
1155 1018 1319 1072 supra
1360 1000 1612 1056 diximus·

161 1101 222 1154 ln
264 1102 295 1169 §
333 1104 418 1153 15.
472 1112 566 1168 pro
598 1092 709 1149 ὅσον
749 1094 836 1161 ζῆν
876 1092 1107 1164 requirit
1145 1106 1275 1144 usus
1320 1089 1572 1160 loquendi
1612 1097 1664 1144 et
1704 1090 1806 1145 loci
1844 1100 2057 1147 senten-

31 1208 34 1211 ·
82 1190 159 1244 tia
216 1187 440 1242 verbum
506 1184 859 1255 compositum
914 1179 1025 1236 ὅσον
1077 1179 1310 1247 ἀποζῆν,
1371 1186 1430 1233 ut
1485 1177 1628 1250 apud
1689 1179 2058 1254 Thucydidem

31 1263 34 1323 s
81 1278 124 1332 Ι.
166 1281 232 1331 2:
287 1275 550 1340 νεμόμενοι
606 1272 679 1326 τὰ
732 1272 901 1326 αὑτῶν
939 1267 1111 1326 ἕκαςοι
1153 1265 1288 1322 ὅσον
1340 1267 1595 1335 ἀποζῆν
1637 1268 1725 1322 καὶ
1767 1271 2057 1336 περιουσίαν

29 1406 41 1444 0-
78 1364 364 1434 χρημάτων
403 1365 492 1416 οὐκ
533 1361 775 1428 ἔχοντες,
814 1366 869 1413 et.
906 1356 1027 1411 aliis
1060 1356 1206 1410 locis.

156 1454 359 1507 Iterum
394 1450 555 1522 periit
595 1447 856 1502 articulus
906 1447 960 1500 in
1013 1448 1042 1515 ς
1085 1448 1189 1500 18;
1231 1445 1346 1504 τούς
1381 1464 1439 1497 τε
1479 1446 1769 1510 ςρατηγοὺς
1809 1446 1897 1500 καὶ
1937 1449 2056 1509 τοὺς

31 1566 34 1599 ;
81 1540 411 1609 τριηράρχους
471 1538 558 1591 καὶ
622 1535 780 1610 (τοὺς)
838 1536 1116 1603 πρέσβεις;
1172 1533 1276 1586 nisi
1335 1532 1479 1586 enim
1532 1533 1753 1587 tertium
1806 1535 1923 1596 τούς
1978 1543 2056 1589 in·

22 1645 30 1656 ·
81 1629 315 1684 serueris
374 1643 651 1699 perperam
713 1624 874 1680 iidem
931 1632 985 1678 et
1036 1624 1327 1691 τριήραρχοι
1385 1627 1439 1676 et
1495 1622 1739 1688 πρέσβεις
1809 1623 2061 1680 dicentur

27 1742 33 1748 ·
81 1718 265 1773 fuisse.

156 1807 216 1861 In
271 1809 299 1876 §
347 1808 435 1859 ΞΟ.
492 1805 660 1859 πλόων
703 1804 756 1857 in
808 1807 949 1856 πλῶν
991 1802 1294 1855 Atticorum
1336 1815 1484 1854 more
1526 1800 1771 1854 contrahi
1813 1811 2058 1874 oportere

0 1905 29 1927 ⁴·
80 1912 244 1966 supra
278 1893 675 1948 admonuimus,
758 1892 882 1945 Post
935 1906 1104 1961 pauca
1146 1887 1399 1943 mendum
1455 1895 1537 1942 est
1576 1889 1632 1941 in
1673 1890 1879 1946 verbis:
1930 1895 1974 1947 οἱ
2013 1895 2056 1948 δ’

27 2023 29 2026 <
79 1985 308 2038 ἐντεῦθεν
348 1982 430 2036 ἐπὶ
473 1984 642 2049 τριήρη
698 2002 729 2034 κ
746 1980 866 2034 ατέ
884 2000 958 2041 ςη
975 1999 1058 2033 σα
1074 1999 1098 2031 ν
1114 2020 1129 2041 ,
1181 1978 1290 2030 imo
1330 1994 1454 2031 vero
1486 1978 1804 2043 μετέςησαν.
1881 1981 2059 2036 Attice

79 2073 224 2127 enim
266 2088 369 2125 non
410 2070 612 2124 dicitur
662 2068 719 2132 ἐξ
769 2067 982 2127 ὁλκάδος
1021 2066 1105 2120 ἐπὶ
1146 2067 1314 2133 τριήρη
1367 2066 1671 2131 ἐμβαίνειν,
1727 2067 1816 2120 sed
1855 2089 2055 2136 μετεμ-

27 2155 39 2180 ·’
76 2162 304 2227 βαίνειν,
358 2166 413 2213 et
447 2158 734 2229 diligenter
770 2155 869 2211 hoc
903 2157 958 2209 in
995 2154 1191 2210 talibus
1243 2161 1487 2216 servant,
1538 2161 1599 2208 ut
1638 2172 1741 2208 non
1800 2158 2052 2216 καθιςά-

31 2286 34 2317 ;
76 2270 178 2303 ναι
237 2250 308 2308 εἶς
360 2246 528 2309 ἄλλην
572 2244 722 2308 τάξιν
762 2243 946 2298 dicant
999 2242 1090 2298 Sed
1141 2241 1448 2308 μεθιςάναι,
1489 2250 1549 2295 ut
1601 2259 1774 2314 nuper
1823 2246 2053 2300 ostendi-

77 2353 198 2391 mus
238 2335 305 2390 ad
347 2333 634 2409 Hyperidis
682 2333 838 2398 λόγον
877 2331 1174 2400 ἐπιτάφιον.
1256 2330 1358 2397 Qui
1414 2329 1632 2385 Codices
1689 2331 1916 2388 Graecos
1958 2337 2054 2389 tri-

36 2433 272 2481 ¹verunt
324 2425 505 2479 sciunt
557 2422 700 2478 κατά
753 2428 806 2476 et
858 2420 1000 2487 μετά
1056 2418 1429 2491 compendiose
1484 2419 1560 2473 sic
1629 2421 1792 2475 scribi
1853 2431 1913 2476 ut
1965 2425 2053 2479 vix

28 2518 30 2523 '
76 2513 247 2569 oculis
288 2513 522 2567 discerni
563 2512 787 2584 possint.
868 2511 1075 2564 Passim
1120 2507 1375 2562 confundi
1416 2507 1585 2563 solere
1622 2511 1803 2565 sciunt
1851 2529 2053 2568 omneS.

79 2602 156 2656 Ex
198 2601 285 2656 ina
333 2601 555 2655 solemni
598 2598 908 2655 confusione
961 2607 1117 2652 natae
1169 2604 1296 2651 sunt
1348 2594 1550 2650 formae
1602 2598 1843 2654 vitiosae*
1873 2601 2056 2656 verbo-·

77 2708 199 2746 rum
238 2687 636 2758 μεταβιάζομαι
677 2695 730 2743 et
779 2687 1180 2754 μεταβόσκομαι
1222 2692 1275 2740 et
1325 2686 1706 2751 μεταδουλοῦν,
1762 2704 1897 2759 quae
1946 2706 2052 2747 non

78 2788 207 2834 sunt
247 2780 408 2833 nnius
461 2780 595 2833 assis
637 2785 690 2832 et
741 2794 804 2831 ex
857 2774 1085 2846 singulis
1137 2774 1266 2828 locis
1314 2775 1585 2846 corruptis
1636 2775 1690 2829 in
1734 2776 2054 2834 Graecitatis

79 2867 415 2923 Thesaurum
467 2882 748 2939 perperam
793 2873 1034 2936 receptae
1075 2870 1218 2917 sunt.
1298 2862 1359 2916 In
1397 2864 1780 2930 μεταδουλωθέν
1829 2867 2052 2923 Dindor-

78 2956 145 3011 fio
183 2955 331 3010 fraus
370 2955 623 3011 suboluit.

153 3044 213 3099 ln
255 3061 370 3116 cap.
406 3044 471 3098 ΙΙ.
530 3046 558 3114 §
604 3048 654 3096 1.
708 3040 807 3095 hoc
863 3040 1033 3095 solum
1096 3039 1247 3095 video
1288 3038 1544 3094 librorum
1588 3044 1912 3114 scripturam
1951 3051 2049 3100 τῶν

78 3133 173 3199 μὲν
222 3134 478 3199 πολεμίων
523 3131 701 3194 ἥττους
755 3150 812 3183 τε
853 3133 999 3197 σφᾶς
1054 3129 1240 3189 αὐτοὺς
1298 3131 1543 3195 ἡγοῦνται
1599 3127 1725 3184 εἶναι
1784 3131 1868 3185 καὶ
1915 3136 2047 3198 μεί-

80 3221 220 3290 ζους
260 3219 594 3275 retinendam
634 3235 750 3274 esse
791 3217 1079 3271 dummodo
1120 3234 1215 3288 pro
1252 3217 1455 3285 μείζους
1512 3224 1803 3287 reponatur
1841 3221 2050 3287 μείους,

80 3326 184 3382 qua
224 3309 391 3363 forma
434 3306 720 3379 Xenophon
763 3306 959 3379 passim
1005 3306 1082 3359 uti
1131 3304 1263 3360 solet
1303 3322 1399 3377 pro
1440 3305 1689 3365 ἐλάττους
1713 3347 1726 3369 ,
1762 3309 2048 3376 pauciores.

81 3397 398 3453 Rectissime
436 3395 692 3450 dicuntur
743 3394 1093 3449 Athenienses
1132 3393 1443 3448 existimare
1481 3410 1536 3447 se
1583 3393 1915 3463 pedestribus
1963 3415 2050 3452 co-

82 3487 186 3557 piis
223 3504 385 3558 neque
425 3486 609 3538 virtute
644 3501 806 3555 neque
852 3501 1064 3538 numero
1119 3480 1360 3535 hostibus
1418 3481 1892 3558 (Lacedaemoniis)
1935 3503 2051 3542 esse

0 3607 2 3612 ,
86 3591 253 3646 pares,
336 3575 390 3628 ln
434 3573 628 3628 vicinia
682 3590 776 3643 pro
825 3573 911 3628 καὶ
973 3572 1223 3640 νομίζουσι
1283 3574 1339 3625 τὸ
1398 3572 1657 3625 ὁπλιτικὸν
1716 3571 1952 3641 ἄρχειν
2005 3579 2047 3631 εἰ
