2436 4068
1352 217 1458 266 518

390 369 637 416 naturam
684 361 776 413 rei.
868 359 969 411 Alii
1029 366 1246 412 servant
1302 359 1439 412 οὐδὲν
1480 359 1544 412 ἂν
1584 361 1948 426 καταλήψοιτο
2007 359 2377 416 foedissimum

390 450 780 504 soloecismum.
854 448 955 499 '‘Av
1018 445 1433 516 expungendum
1490 454 1572 500 est
1631 454 1682 501 et
1741 447 1877 500 οὐδὲν
1932 454 2028 502 τῶν
2083 450 2376 510 ἐπιτηδείων

387 538 526 591 nihil
566 536 667 590 cibi
721 533 1026 604 significat,
1066 541 1120 587 et
1173 535 1251 587 sic
1292 533 1440 589 locus
1498 535 1564 589 ad
1615 534 2027 605 intelligendum
2069 545 2289 608 apertus
2325 545 2380 592 et

390 626 534 679 omni
577 622 767 676 mendo
811 638 1012 675 vacuus
1052 629 1151 676 est.

465 713 579 765 Duo
619 709 874 763 vocabula
917 709 1156 763 insiticia
1210 716 1338 763 sunt
1377 710 1433 762 in
1473 709 1641 763 Anab.
1679 710 1745 765 ΙΙ.
1786 728 1855 764 lv.
1902 715 1988 766 18.
2030 713 2053 765 o‘
2094 712 2145 765 δὲ
2184 714 2379 781 Κλέαρ-

387 820 482 868 χος
531 799 759 857 οἰκούσας
802 796 1068 865 ε’τοεροέχθη
1124 798 1324 866 σφόδρα
1373 798 1482 870 [καὶ
1530 799 1837 871 ἐφοβεῖτο],
1879 799 1934 852 in
1989 799 2109 854 aliis
2169 809 2377 856 mutato

389 887 576 941 ordine
615 884 881 953 ἐταράχθη
920 886 1006 940 καὶ
1047 886 1293 954 ἐφοβεῖτο
1329 887 1561 955 σφόδρα,
1608 903 1714 957 quo
1735 887 1850 958 ipso
1891 887 2090 942 indicio
2126 887 2380 945 facillime

389 975 709 1030 emblemata
752 973 1249 1044 deprehenduntur.
1332 974 1471 1040 Quid
1511 974 1611 1027 sibi
1651 973 1768 1028 vult
1805 981 1986 1029 autem
2028 977 2084 1029 in
2130 977 2221 1030 tali
2263 977 2379 1033 loco

387 1062 763 1135 imperfectum
806 1063 1054 1128 ἐφοβεῖτο
1095 1069 1213 1134 post
1255 1061 1560 1130 ἐταραχθηῖ
1619 1069 1671 1116 ct
1714 1063 1842 1134 quid
1884 1066 2102 1118 omnino
2155 1067 2223 1119 iis
2262 1083 2377 1121 ver-

388 1153 468 1206 bis
509 1159 626 1206 erat
667 1150 840 1221 opus?

463 1240 618 1294 Multi
674 1239 1094 1293 controversiam
1149 1245 1364 1292 movent
1423 1239 1728 1310 scripturae
1781 1240 1838 1292 in
1890 1241 2058 1295 Anah.
2101 1242 2166 1296 II.
2209 1260 2263 1297 11.
2309 1246 2378 1296 1⁶2.

388 1329 556 1384 οὐκέτι
598 1330 672 1392 μη
713 1328 925 1389 δύνηται
968 1333 1021 1381 et
1073 1327 1344 1390 δυνήσεται
1386 1327 1755 1399 reponendum
1795 1343 1912 1381 esse
1951 1336 2202 1394 censent,
2263 1331 2379 1401 qui·

388 1416 491 1470 bus
530 1417 844 1486 nuperrime
885 1431 941 1468 se
982 1413 1232 1468 adiunxit
1270 1414 1579 1469 Dindorfius
1621 1415 1688 1469 ad
1727 1415 2019 1488 Cyropaed.
2067 1417 2200 1472 VIIl.
2242 1435 2280 1473 1.
2327 1423 2377 1473 5.

388 1503 444 1559 εὖ
483 1504 667 1557 εἰδέναι
723 1505 826 1571 χρη
872 1500 949 1557 ὅτι
999 1505 1055 1557 οὐ
1107 1504 1181 1568 μὴ
1239 1503 1449 1565 δύνηται
1494 1503 1809 1577 (δυνήσεται)
1851 1509 2007 1572 Κῦρος
2056 1507 2216 1574 εὑρεῖν
2268 1509 2378 1561 κτὲ.

389 1592 573 1646 eadem
621 1608 782 1663 opera
835 1591 1128 1645 emendans
1186 1590 1364 1645 locum
1426 1593 1482 1645 in
1538 1593 1768 1646 Hierone
1809 1592 1901 1648 XI.
1951 1598 2015 1648 15
2076 1595 2243 1649 οὐκέτι
2303 1597 2378 1661 μη

388 1680 666 1746 δύνωνται,
707 1695 845 1751 quae
878 1679 1013 1733 mihi
1050 1696 1261 1751 quoque
1293 1687 1440 1734 recte
1475 1681 1755 1735 emendata
1791 1680 2073 1744 videntur;
2113 1683 2203 1736 sed
2238 1683 2381 1754 quod

389 1769 699 1825 Dindorfius
747 1774 801 1822 et
849 1767 941 1820 alii
982 1767 1117 1822 duos
1157 1768 1290 1821 alios
1345 1785 1410 1822 ex
1443 1767 1675 1822 Anabasi
1716 1768 1857 1823 locos
1899 1777 2178 1824 tentarunt
2220 1771 2381 1826 hosce

390 1859 480 1913 IV.
523 1875 632 1913 vm.
678 1859 746 1911 15
789 1856 949 1916 οὐδεὶς
986 1857 1173 1921 μηκέτι
1212 1857 1394 1925 μείνῃ,
1432 1862 1484 1910 et
1507 1856 1618 1909 Vll.
1662 1873 1734 1910 111.
1781 1861 1851 1910 ‘26
1891 1860 1945 1912 οὐ
1980 1860 2055 1922 μὴ
2090 1859 2256 1928 δείσῃς
2295 1860 2382 1914 τὸν

386 1947 670 2011 πολέμιον,
714 1961 818 1998 non
862 1945 1128 1998 assentior
1168 1951 1222 1999 et
1258 1945 1550 2015 genuinam
1592 1943 1874 1998 lectionem
1917 1947 2060 2000 ultro
2101 1947 2383 2018 depravari

379 2036 455 2090 ab
497 2053 557 2089 eo
598 2034 866 2097 arbitror,
908 2050 1076 2103 quum
1118 2040 1269 2098 μενεῖ
1304 2040 1358 2086 et
1398 2034 1551 2087 δείσει
1593 2032 1739 2087 iubet
1782 2035 1981 2104 reponi.
2062 2035 2261 2107 Nempe
2305 2042 2380 2091 te·

390 2131 552 2179 netur
593 2124 647 2175 in
677 2121 830 2175 δείσει
875 2121 1059 2175 eodem
1097 2129 1244 2175 certo
1279 2120 1605 2191 refragantis
1641 2121 1964 2176 Graecitatis
2006 2124 2235 2188 indicio,
2276 2140 2381 2195 quo

391 2214 500 2278 illi,
541 2212 632 2281 qui
670 2212 725 2263 in
770 2209 1047 2280 Sophoclis
1089 2209 1385 2263 Philocteta
1420 2214 1547 2264 381.

693 2301 748 2352 οὐ
788 2299 984 2362 μήποτ’
1025 2298 1097 2357 εἰς
1138 2299 1230 2359 τὴν
1269 2302 1459 2365 Σκῦρον
1501 2298 1792 2368 ἐκπλεύσῃς
1833 2298 1984 2366 ἔχων.

388 2398 442 2445 et
484 2391 540 2443 in
584 2389 743 2441 Aiace
783 2402 862 2439 vs,
901 2389 1028 2439 560.

694 2474 827 2528 οὔτοι
869 2479 916 2526 σ’
957 2475 1225 2541 Ἀχαιῶν,
1264 2471 1419 2537 οἶδα,
1461 2476 1535 2539 μή
1573 2495 1652 2535 τις
1688 2475 1888 2543 ὑβρίσῃ.

388 2567 590 2621 formas
630 2563 879 2617 barbaras
911 2554 1216 2622 ἐκπλεύσεις
1255 2569 1308 2616 et
1343 2562 1538 2629 ὑβρίσει
1582 2563 1787 2616 incauti
1821 2580 2078 2634 reponere
2119 2563 2423 2620 volebant

387 2657 587 2711 Forma
618 2653 852 2718 δείσομαι
891 2667 921 2704 a
957 2650 1338 2706 Grammaticis
1378 2651 1501 2704 ficta
1536 2657 1649 2716 est,
1688 2668 1860 2722 neque
1892 2668 2117 2722 usquam
2143 2653 2195 2706 in
2221 2653 2379 2709 Grae·
2414 2635 2436 2740 {f

380 2760 579 2799 >corum
627 2740 782 2794 libris
831 2739 1068 2809 legitur,
1123 2739 1426 2793 cuiusmodi
1470 2746 1599 2793 sunt
1638 2739 1772 2793 aliae
1828 2740 2224 2810 complusculae
2275 2740 2380 2796 for·
2412 2760 2431 2833 32

393 2848 542 2894 mae,
587 2846 721 2900 quas
755 2843 912 2882 nemo
954 2825 1087 2880 vidit
1121 2834 1174 2880 et
1204 2843 1361 2881 nemo
1389 2828 1620 2891 videbit,
1661 2827 1754 2882 sed
1790 2828 1845 2880 in
1888 2827 2436 2884 Grammaticorum

392 2918 629 2974 cerebris
669 2923 823 2970 natas
877 2931 993 2970 esse
1044 2914 1428 2985 indagantibus
1467 2916 1761 2988 apparebit.
1839 2916 2028 2987 Itaque
2066 2920 2120 2971 οὐ
2163 2938 2235 2982 μη
2275 2917 2379 2972 ael·
2411 2889 2430 2982 Ῐ

377 3029 479 3076 ··σῃς
531 3007 689 3059 unice
740 3020 926 3058 verum
971 3009 1054 3058 est
1102 3009 1156 3057 et
1203 3003 1408 3058 frustra
1453 3005 1508 3057 in
1557 3004 1907 3075 Xenophonte
1955 3013 2006 3059 et
2056 3005 2274 3060 Platone
2315 2994 2430 3062 cai

378 3094 774 3165 compositione
812 3090 1148 3145 offendimur.
1231 3091 1590 3146 Perdiderunt
1629 3109 1883 3200 operam,
1923 3094 2016 3163 qui
2060 3093 2220 3147 verba
2261 3047 2430 3202 ΡΙα-ΓΞ

392 3183 534 3237 tonis
582 3181 648 3234 de
704 3179 831 3249 Rep.
871 3181 935 3234 Χ.
998 3197 1048 3250 p.
1085 3183 1194 3234 609
1248 3181 1305 3234 Β.
1359 3184 1413 3234 οὐ
1469 3201 1573 3247 γαρ
1627 3181 1688 3234 το’
1737 3202 1803 3244 γε
1843 3180 2044 3244 οὶγοιθόν
2081 3183 2287 3246 μήποτέ
2326 3189 2421 3242 ‘nai

376 3269 672 3336 απολέσῃ
724 3266 791 3321 ad
846 3275 1191 3337 praeceptum
1249 3268 1627 3322 Dawesianum
1664 3284 1768 3338 pei
1807 3270 1915 3321 vim
1971 3261 2436 3342 accommodaret

384 3360 695 3414 voluerunt.
774 3354 887 3409 Non
927 3353 1081 3408 sacile
1137 3355 1279 3409 enin]
1316 3357 1510 3409 οέπολεῖ
1557 3357 1610 3407 in
1661 3355 1894 3426 ἀπολέσῃ
1951 3357 2189 3412 abiisset.
2273 3357 2406 3413 Sed

393 3450 447 3502 in
490 3445 727 3501 Platonis
770 3442 1050 3497 Phaedone
1103 3460 1154 3513 p.
1193 3446 1262 3496 29
1305 3443 1361 3496 B.
1405 3443 1749 3497 scribendum
1792 3445 2025 3498 arbitror
2075 3448 2129 3499 οὐ
2170 3449 2373 3512 μήποτε

393 3535 725 3600 κτησόμεθα,
792 3547 1117 3603 quamquam
1172 3533 1478 3597 κτησώμεθα
1538 3531 1736 3586 habent
1779 3532 1902 3586 libri
1948 3551 2148 3588 omnes.
2232 3536 2375 3588 Scri·-
2429 3529 2436 3604 Γ

393 3627 491 3681 bae
532 3623 674 3678 enim
719 3627 780 3675 ut
820 3622 874 3674 in
926 3616 1065 3679 1ὅπως
1109 3620 1186 3675 sic
1235 3621 1287 3673 in
1335 3623 1387 3674 οὐ
1425 3622 1498 3686 μὴ
1541 3639 1664 3676 cum
1704 3620 1886 3676 futuro
1927 3623 2230 3677 coniunctis
2271 3625 2373 3676 εὐε-
2428 3613 2431 3663 ἶ
