2436 4068
1064 207 1166 257 227

38 380 41 381 ⁷
113 354 307 418 δόξειαν
348 351 423 424 (et
459 352 581 421 quis
615 351 787 405 nescit
824 365 986 421 quatu
1023 367 1181 421 saepe
1217 349 1381 413 δεῖξαι
1417 355 1471 404 et
1507 348 1650 413 δόξαι
1695 348 1831 404 male
1871 349 2093 405 conluu-

113 438 366 511 dantur?)
426 446 480 493 et
538 439 723 493 statim
776 437 918 492 ultro
971 437 1217 492 excident
1271 436 1588 509 interpolata
1645 436 1804 492 verba
1858 437 1958 493 οὐδ’
2024 438 2092 493 ἂν

110 529 499 595 ὁμολογήσειαν.
580 526 719 593 Quid
758 527 830 581 sit
881 527 983 581 οὐδ’
1034 525 1097 579 ἂν
1136 523 1335 589 δόξειαν
1382 528 1657 590 κεκτῆσθαι
1698 532 1752 580 et
1803 523 2094 596 locupletes

109 617 252 670 cives
290 614 397 668 illis
452 614 780 685 temporibus
823 613 997 668 celare
1048 629 1173 683 opes
1221 621 1274 668 et
1320 613 1655 668 dissimulare
1711 613 1896 669 solitos
1935 630 2092 669 nemo

107 705 336 774 ignorat.
414 702 673 769 Queritur
723 702 986 755 Isocrates
1038 700 1092 753 in
1145 701 1520 771 Areopagitica
1556 706 1586 774 §
1626 706 1696 757 55
1749 702 2091 774 praeteriisse

107 789 200 846 illa
238 797 476 861 tempora
509 787 584 843 ὅτ’
623 790 782 849 οὐδεὶς
823 787 1186 855 ἀπεκρύπτετο
1225 789 1317 850 τὴν
1347 790 1553 854 οὐσίαν,
1603 798 1656 845 et
1694 790 1898 846 dudum
1933 797 2092 846 antea

106 878 428 951 pecuniosus
485 875 643 931 homo
701 876 756 930 in
815 874 1188 947 Aristophanis
1243 876 1408 931 Ranis
1473 877 1659 944 ῥακίοις
1728 878 2088 946 περιιλαμενος

29 994 36 1000 ·
105 965 254 1021 κλάει
291 966 384 1019 καί
417 970 550 1034 φησι
589 965 846 1019 πένεσθαι.
925 963 1440 1018 Luculentissimum
1480 970 1659 1018 autem
1706 973 1788 1019 est
1828 967 1892 1022 de
1931 984 1993 1022 ea
2032 985 2092 1024 re

106 1054 474 1110 testimonium
509 1052 762 1107 Isocratis
795 1052 907 1121 περὶ
942 1051 1271 1113 Ἀντιδόσεως
1313 1055 1342 1124 §
1374 1054 1498 1106 159.
1542 1051 1633 1106 uhi
1672 1059 1726 1106 ct
1763 1053 1892 1108 haec
1929 1056 2091 1111 verba

103 1141 398 1213 leguntur,
457 1157 595 1211 quae
649 1157 773 1196 cum
834 1139 1260 1195 Demosthenicis
1317 1139 1677 1211 comparanda
1733 1149 1893 1197 sunt:
1954 1147 2088 1199 πολὺ

14 1210 40 1286 ’ᾳ
103 1230 210 1297 γὰρ
246 1228 515 1297 δεινότερον
554 1229 804 1291 καθὲςηκε
843 1230 901 1283 τὸ
941 1229 1145 1284 δοκεῖν
1197 1229 1489 1296 εὐπορεῖν
1530 1228 1558 1291 ἢ
1599 1229 1657 1284 τὸ
1695 1233 1926 1299 φανερῶς
1980 1232 2086 1286 οέδι-

26 1342 39 1365 :
103 1338 225 1373 κειν.

179 1405 317 1474 Quia
360 1404 499 1459 nibil
531 1421 646 1460 esse
678 1405 790 1460 scio
836 1404 1024 1460 utilius
1071 1421 1234 1477 quam
1276 1404 1584 1460 huiusmodi
1625 1422 1835 1462 errores
1873 1408 1961 1462 ἐπ’
1997 1409 2090 1462 αὖ·

13 1478 20 1491 ’
103 1495 310 1563 τοφώρῳ
348 1492 705 1565 deprehensos
746 1493 943 1548 vidisse
982 1511 1143 1566 quam
1191 1493 1451 1565 plurimos
1491 1501 1545 1548 et
1584 1495 1662 1548 sic
1702 1493 1958 1550 latentem
1999 1495 2090 1551 ad·

12 1631 14 1634 .
102 1582 210 1638 huc
243 1581 487 1636 fraudem
539 1581 799 1639 librorum
840 1590 894 1637 et
937 1583 1101 1637 certis
1147 1582 1388 1654 vestigiis
1437 1581 1694 1654 indagare
1732 1582 1994 1639 discimus
2033 1592 2088 1639 et

13 1675 19 1750 j
101 1669 334 1730 evidenti
373 1672 704 1727 correctione
741 1688 967 1735 sanare,
1006 1688 1110 1726 non
1153 1670 1415 1742 gravabor
1453 1687 1634 1742 pauca·
1677 1672 1839 1726 etiam
1895 1671 1960 1726 de
1999 1689 2086 1744 ge·

6 1790 15 1808 ι
102 1776 230 1822 nere
275 1758 374 1814 boc
424 1757 677 1816 adiicere.
756 1760 817 1814 In
864 1760 1016 1815 Dion.
1058 1758 1226 1814 Halic.
1269 1759 1330 1813 A.
1367 1759 1431 1813 R.
1468 1758 1606 1814 VIII.
1653 1763 1739 1814 12.
1794 1758 2085 1816 edebatur:

7 1871 12 1883 ·
99 1849 144 1904 οἱ
182 1847 432 1914 ςρατηγοὶ
470 1845 688 1915 ἐξῄεσαν
727 1848 812 1902 δια
860 1847 1068 1917 ταχέων
1107 1847 1222 1914 πρὶν
1273 1844 1489 1905 Zacca-³0⁶
1541 1847 1779 1913 γενέσθαι
1820 1849 2086 1915 Ῥωμαίοις

11 1979 15 1989 .
100 1939 173 1992 τὰ
207 1936 559 2003 βουλεύματα
598 1935 768 1999 δῆλα,
806 1942 1021 2008 reperta
1060 1942 1140 1990 est
1181 1935 1237 1988 in
1278 1934 1535 1991 Urbinate
1573 1952 1697 1991 vera
1738 1935 1929 1993 lectio:
1970 1938 2086 2006 πρὶν

0 2024 13 2076 Σ
101 2024 367 2082 ἔκπυςα
404 2022 643 2089 γενέσθαι
681 2025 947 2089 Ῥωμαίοις
983 2025 1054 2079 τὰ
1094 2022 1464 2090 βουλεύματα.
1519 2024 1787 2079 Tenemus
1827 2024 2085 2092 sciolum,

101 2114 195 2185 qui
234 2128 403 2184 quum
442 2110 612 2169 ἕκαςα
651 2111 842 2167 vitiose
869 2129 966 2184 pro
1004 2110 1209 2168 ἔκπυςα
1242 2118 1382 2167 esset
1416 2112 1681 2184 scriptum
1710 2113 1846 2176 δῆλα
1880 2113 1946 2169 de
1984 2131 2083 2170 suo

24 2255 33 2270 Α
98 2199 320 2255 addidit.
400 2199 608 2255 Similia
658 2199 827 2255 multa
867 2217 896 2254 e
930 2199 1185 2273 Dionysio
1232 2199 1409 2270 colligi
1450 2207 1700 2272 possunt,
1741 2201 1786 2254 si
1824 2202 1947 2273 quis
1982 2201 2082 2258 Sil-

28 2310 33 2333 :
98 2289 413 2360 burgianam
454 2287 740 2343 editionem
782 2287 849 2343 ad
888 2287 1098 2342 Codicis
1135 2287 1406 2343 Urbinatis
1446 2288 1703 2344 lectiones
1741 2290 1956 2362 exigere
1995 2309 2080 2346 vo-

27 2396 36 2453 ῇ
98 2376 186 2435 let.
267 2376 474 2433 Similia
513 2384 567 2432 et
608 2377 661 2430 in
706 2377 819 2448 ipso
868 2377 1120 2450 Dionysio
1159 2385 1212 2431 et
1253 2378 1308 2431 in
1347 2376 1467 2432 aliis
1515 2378 1713 2448 passim
1757 2378 1909 2433 nobis
1949 2380 2083 2451 ipsis

28 2454 30 2459 ¹
98 2464 429 2523 emendanda
468 2472 792 2537 supersunt,
840 2466 894 2519 in
935 2465 1132 2536 quibus
1171 2473 1451 2537 postquam
1506 2466 1625 2520 vitii
1675 2465 1854 2521 sedem
1895 2466 2081 2522 odora·

99 2562 186 2612 tus
220 2553 386 2609 [ueris
422 2561 476 2609 et
513 2569 692 2608 veram
745 2554 1070 2625 scripturam
1114 2561 1395 2609 assecutus
1434 2555 1615 2625 inepta
1658 2552 2080 2611 homuncionum

97 2642 414 2698 emblemata
448 2641 602 2696 ‚ultro
653 2641 925 2697 excidunt.
1007 2643 1172 2696 Cuius
1212 2643 1290 2698 rei
1342 2659 1445 2698 non
1493 2641 1639 2697 aliud
1690 2659 1945 2714 umquam
2000 2661 2079 2699 re-

98 2732 210 2805 peri
250 2730 578 2786 luculentius
617 2729 918 2802 exemplum
961 2747 1121 2802 quam
1159 2730 1214 2784 in
1265 2730 1540 2803 Euripidis
1588 2729 1889 2802 fragmento
1937 2732 2080 2804 apud

95 2818 442 2876 Plutarchum
474 2819 539 2873 de
570 2818 691 2873 aud.
728 2825 862 2889 poet.
907 2836 956 2890 p.
991 2822 1062 2875 20
1102 2819 1163 2873 D.
1208 2818 1298 2873 ubi
1339 2826 1524 2891 poetae
1566 2836 1785 2875 manum
1821 2819 2078 2875 latentem

96 2907 153 2964 in
192 2907 291 2962 hac
329 2907 598 2980 scriptura
637 2907 991 2962 vetustissimi
1039 2906 1162 2962 libri
1201 2907 1486 2963 Marciani:
1541 2908 1596 2963 τί
1642 2909 1776 2973 δῆτα
1826 2906 1961 2964 οὖσιν
2003 2911 2083 2965 δεῖ

95 3016 154 3053 σε
189 2996 632 3062 κατθανούμενονς
675 2995 815 3051 banc
854 2995 979 3050 olim
1021 3012 1136 3051 esse
1175 2995 1565 3051 demonstravi:

102 3142 110 3152 ‚
474 3086 526 3139 τί
562 3085 696 3148 δῆτα
735 3086 865 3140 θύειν
903 3085 985 3140 δεῖ
1019 3106 1076 3139 σε
1116 3084 1555 3151 κατθανούμενονς

95 3172 291 3246 quibus
322 3171 628 3228 Palamedes
662 3172 971 3245 respondet:

468 3259 693 3326 ἄμεινον.
732 3261 890 3323 οὐδεὶς
926 3261 1165 3329 κάματος
1205 3262 1441 3327 εὐσεβεῖν
1481 3261 1636 3321 θεούς.

98 3348 186 3403 ubi
222 3357 501 3421 postquam
531 3358 622 3404 ΘΤ
637 3356 746 3403 εΙΝ
783 3350 835 3403 in
874 3358 1087 3406 OTCIN
1135 3349 1485 3421 depravatum
1519 3356 1598 3404 cst
1632 3348 1722 3404 alii
1755 3350 1966 3415 κάμνειν
2001 3355 2071 3404 te·

98 3452 244 3491 inere
280 3435 638 3501 addiderunt,
689 3437 779 3492 alii
819 3439 1090 3493 κατθανεῖν
1138 3437 1572 3503 substituerunt,
1612 3436 1702 3492 alii
1744 3437 1846 3491 alia
1894 3436 2071 3491 turba·

24 3557 34 3564 η
96 3530 242 3579 runt.
322 3523 468 3579 iuvat
525 3525 591 3580 ad
634 3524 770 3581 lianc
814 3525 986 3580 lucem
1042 3527 1277 3598 primum
1323 3526 1609 3581 restituere
1657 3524 1882 3596 Philippi
1929 3525 2073 3597 regis

0 3647 16 3699 ''-
95 3612 298 3667 dictum
343 3611 480 3683 apud
524 3612 667 3670 Stob.
711 3613 888 3670 Floril.
923 3613 1150 3670 XLVIII.
1189 3620 1275 3670 21.
1334 3616 1587 3676 Φίλιππος
1633 3614 1785 3678 ἔλεγε
1836 3612 1936 3667 δεῖν
1986 3613 2072 3670 τὸν
