2436 4068
1321 201 1424 251 582

383 344 616 397 maxime
659 343 771 396 loco
811 341 1149 404 conveniret,
1203 343 1256 394 in
1298 342 1468 396 aliena
1512 342 1634 397 sede
1675 344 1929 399 collocata
1970 353 2084 400 est:
2127 363 2359 420 namque

383 432 460 484 sic
500 432 601 485 οὐδ’
641 430 704 485 ἂν
744 434 828 483 νῦν
868 450 934 495 γε
978 431 1240 500 scriptum
1279 431 1623 500 oportuisset.

456 518 658 572 Ibidem
707 519 763 571 in
815 521 844 589 §
888 523 942 572 5.
983 519 1077 572 τὸν
1119 518 1161 571 δ’
1201 517 1479 584 ἔμπροσθεν
1518 519 1694 586 χρόνον
1733 521 1818 587 ἔζη
1862 523 1956 575 ὑπὸ
2012 528 2209 584 πολλῆς
2248 525 2357 578 ε’πι·

381 608 599 670 μελείας
655 603 788 667 ἶίπως
830 605 941 678 [ὡς]
1004 604 1240 672 ε’λοίχιςα
1296 606 1392 671 μὲν
1436 605 1646 673 ὄψοιτο,
1701 607 1936 677 ε’λοέχιςα
1978 610 2023 663 δ’
2062 611 2363 675 οξκούσοιτο,

379 692 617 761 ἐλαχιςα
669 695 713 747 δ’
768 693 1012 762 ἔροιτο,
1072 693 1485 764 expungendum
1541 702 1623 749 est
1671 695 1809 751 male
1858 697 2149 768 repetitum
2204 701 2268 760 ὡς
2309 707 2363 754 et
2428 723 2436 758 ,-

378 797 475 851 pro
508 781 696 849 ἔροιτο,
738 781 878 852 quod
914 787 967 835 et
1006 780 1176 835 forma
1214 789 1267 836 et
1300 782 1693 853 significatione
1730 784 1796 838 ab
1834 784 1932 839 hoc
1969 786 2082 839 loco
2123 786 2356 840 alienum
2426 776 2436 854 ,ss

379 875 488 934 est,
533 869 898 941 reponendum
940 875 1023 924 est
1061 870 1204 937 ἐροίη.
1264 870 1532 924 Cavebant
1567 870 1854 941 diligenter
1892 880 1954 927 ut
1993 875 2232 942 παρθένος
2273 876 2360 929 θα·

378 959 709 1024 λαμευομένη
759 959 1085 1030 paucissima
1126 958 1367 1023 videret,
1422 958 1634 1014 audiret
1672 967 1724 1014 et
1767 961 2091 1032 loqueretur:
2148 961 2356 1028 γυναιξὶ
2428 948 2436 1017 ξ

379 1045 568 1112 κόσμον
610 1050 638 1110 ἧ
677 1047 803 1112 σιγὴ
837 1047 999 1116 φέρει.
2427 1045 2430 1053 ’

452 1133 652 1188 Eadem
696 1151 856 1207 opera
910 1137 1135 1190 restitue
1191 1136 1245 1189 in
1304 1134 1538 1189 Platonis
1594 1135 1875 1209 Symposio
1930 1155 1982 1209 p.
2024 1141 2128 1191 198
2171 1139 2231 1191 A.
2283 1137 2362 1193 ὅτι

377 1221 616 1287 Ἀγάθων
657 1226 934 1291 θαυμαςῶς
976 1225 1103 1292 ἕροί
1115 1245 1176 1288 η,
1219 1226 1320 1290 ἐγὼ
1361 1225 1413 1279 δὲ
1453 1225 1796 1292 οξπορήσοιμι,
1841 1225 1931 1279 ubi
1971 1225 2095 1279 libri
2136 1233 2230 1281 aut
2262 1229 2366 1295 ἐροῖ
2430 1263 2431 1266 =

379 1317 473 1363 aut
513 1312 618 1378 ἐρεῖ
653 1312 922 1367 exhibent.
2428 1308 2436 1322 ⁵

457 1398 746 1471 Plusquam
789 1400 1124 1472 perfectum,
1167 1408 1226 1455 ut
1271 1402 1471 1472 passim
1515 1401 1670 1464 alibi,
1715 1403 1765 1454 in
1811 1401 2186 1474 imperfectum
2230 1402 2365 1461 abiit

379 1485 493 1540 VII.
542 1494 626 1543 10.
682 1490 793 1544 ἐπεὶ
849 1490 939 1553 ήδη
982 1510 1064 1555 μοι
1117 1491 1377 1558 χειροήθης
1419 1488 1615 1553 ἦνκαὶ
1674 1491 2182 1555 ε’τιθασσεύετο,
2225 1507 2362 1562 quae
2423 1478 2431 1530 ⁴,

381 1575 524 1629 inter
563 1594 620 1631 Se
667 1585 944 1650 pugnant,
1005 1585 1064 1631 ut
1104 1578 1284 1633 vides:
1341 1581 1383 1632 εἰ
1438 1579 1542 1646 γὰρ
1604 1580 1924 1634 ἕτιθασεύετο
1981 1579 2055 1634 ἔτι
2112 1580 2250 1634 οὔπω
2305 1579 2364 1645 ἦν
2416 1603 2433 1640 '.

376 1666 657 1732 χειροήθης.
738 1667 796 1720 In
837 1665 991 1720 libris
1024 1673 1106 1721 est
1143 1667 1533 1730 ἐτιθασσεύετο,
1573 1667 1999 1722 ἐπιτιτασσεύετο
2023 1711 2038 1733 ,
2079 1670 2356 1723 ἐπετιτασ·

380 1753 593 1819 τεύετο,
649 1755 791 1809 unde
846 1761 991 1809 recte
1031 1755 1338 1809 'Dindorfius
1386 1756 1527 1808 eruit
1580 1755 2003 1821 ἐτετιθοέσσευτο,
2065 1758 2167 1810 nisi
2222 1756 2362 1828 quod

381 1840 604 1896 alteram
643 1843 948 1897 sibilantem
1006 1843 1258 1897 omissam
1304 1844 1558 1914 oportuit.
1637 1845 1860 1905 Τιθασός
1901 1844 2199 1916 penultima
2243 1844 2361 1899 bre·

381 1929 432 1981 vi
475 1930 738 1986 Graecum
795 1938 967 1986 estet
1019 1933 1306 1997 τιθασεύω,
1357 1933 1508 1986 utin
1553 1932 1874 1987 Hexametro
1929 1934 2122 1988 incerti
2178 1940 2363 2005 poetae
2417 1950 2419 1954 ⁴

377 2017 520 2088 apud
563 2019 895 2074 Athenaeum
939 2038 988 2091 p.
1029 2023 1138 2074 219
1179 2020 1240 2074 Ε.
1310 2028 1312 2030 ’

608 2110 787 2169 παιδὸς
829 2110 1108 2173 οὶνικήτου,
1149 2111 1234 2163 τὸν
1276 2110 1378 2174 ἐγὼ
1419 2109 1623 2163 τιθασόν
1665 2131 1737 2164 σοι
1782 2110 1973 2172 ὑπέςην

607 2205 833 2260 ποιῆσαι.
2410 2255 2412 2258 ,

372 2291 432 2337 et
472 2284 614 2354 apud
670 2285 835 2339 alios:
892 2287 1074 2356 itaque
1130 2285 1486 2340 ἕτετιθοίσευτο
1542 2286 1966 2340 rescribendum.
2047 2286 2190 2340 Nihil
2244 2304 2358 2341 esse
2408 2274 2421 2346 ζ

372 2371 476 2425 hoc
514 2373 644 2426 vitio
696 2374 752 2426 in
794 2373 952 2428 Codd.
997 2373 1330 2445 frequentius
1374 2382 1433 2427 ut
1487 2374 1771 2445 plusquam
1815 2375 2050 2446 perlecto
2109 2375 2358 2448 (ἕτετιθοὶ-
2405 2363 2436 2435 Ξῖ

375 2459 551 2534 σευτο)
595 2461 898 2533 imperfecti
952 2460 1121 2515 forma
1165 2461 1528 2536 (ἐτιθασ-εύετο)
1573 2469 1760 2516 contra
1803 2464 2123 2518 sententiam
2165 2464 2358 2518 substi-

376 2556 626 2604 tueretur
667 2550 978 2621 saepissime
1020 2549 1527 2605 demonstravimus,
1610 2551 1988 2622 Exemplorum
2035 2551 2239 2606 affatim
2281 2557 2410 2606 est
2397 2601 2436 2645 t

374 2644 431 2691 et
474 2638 726 2708 permulti
766 2638 869 2692 loci
909 2638 1084 2692 adhuc
1137 2656 1250 2692 eam
1294 2638 1617 2693 medicinam
1660 2647 1989 2711 exspectant.
2069 2641 2129 2695 In
2171 2639 2412 2713 Midia-
2397 2598 2436 2678 ·Ξ

378 2742 448 2778 na
492 2729 519 2796 §
565 2730 686 2781 162.
731 2728 902 2790 ἐπειδη
944 2727 997 2781 δὲ
1030 2729 1407 2795 πολιορκεισόαι
1448 2729 1564 2788 τοὺς
1605 2730 1655 2782 ἐν
1687 2729 1963 2793 Ταμύναις
2003 2728 2358 2794 ἐξηγγέλλετο
2390 2716 2436 2824 {3

377 2815 595 2884 requiro
643 2814 938 2880 ἐξήγγελτο
992 2833 1150 2886 quum
1204 2816 1425 2869 allatum
1466 2826 1612 2869 esset.
1693 2816 1752 2869 In
1796 2816 2168 2870 Demosthenis
2209 2815 2355 2871 Orat
2428 2877 2436 2885 ,

378 2900 613 2955 XXXIV.
659 2908 744 2957 11.
787 2903 1130 2957 κατελείπετο
1190 2903 1347 2957 habet
1390 2903 1440 2958 S.
1503 2900 1702 2975 optime
1761 2903 2000 2958 Dindorl'.
2055 2905 2353 2960 κατελέλει·

376 3010 477 3044 ῑπτο
521 2991 774 3044 restituit.
856 2991 914 3044 In
959 2989 1103 3044 Orat.
1128 2990 1284 3044 LVII.
1329 2994 1416 3045 49.
1459 2995 1486 3055 ή
1523 2992 1672 3052 πόλις
1715 2997 1867 3046 πᾶσα
1911 2992 2205 3061 παρώξυντο
2245 2994 2402 3048 tres

371 3079 617 3131 ‘omnium
657 3079 845 3149 optimi
885 3079 936 3134 S.
963 3080 1020 3132 F.
1066 3079 1123 3145 Q.
1167 3080 1478 3150 conspirant
1520 3082 1572 3134 in
1609 3081 1950 3148 παρωξύνετο.
2035 3080 2203 3152 Saepe
2234 3098 2355 3153 pec-

374 3173 533 3220 catur
585 3166 637 3219 in
680 3165 907 3221 talibus:
967 3167 1107 3238 apud
1161 3168 1377 3238 Dionys,
1421 3169 1537 3222 Hal.
1583 3169 1644 3223 A.
1681 3169 1741 3222 R.
1787 3168 1923 3245 VIII.
1969 3173 2057 3222 57.
2118 3169 2391 3223 rescribe

372 3253 832 3322 ἐτετροὲχυντο
893 3257 1013 3322 πρὸς
1071 3256 1156 3308 τὸν
1208 3256 1442 3321 ἡγεμόνα
1493 3274 1588 3327 pro
1640 3256 1970 3324 ἐτραχύνετο.
2058 3256 2212 3328 Apud
2255 3257 2354 3311 He·
2434 3248 2436 3258 ³

374 3342 625 3415 sychium
685 3342 884 3413 legitur
942 3342 1320 3416 Πέπαυταιε
1382 3344 1677 3410 πεπραϋται
1734 3344 1922 3398 vitiose
1995 3362 2090 3416 pro
2148 3344 2350 3399 Πεπέ-
2434 3341 2436 3409 ξ

374 3451 668 3485 ’πανταιε
719 3429 1046 3498 πεπραϋνται
1103 3438 1155 3485 et
1224 3432 1600 3500 Πέφυρταιῑ
1659 3432 1922 3497 μεμίαται
1977 3434 2205 3503 pessime
2259 3448 2351 3504 pro
2434 3427 2436 3462 Ῡ

377 3520 683 3584 μεμίανται.
766 3519 898 3586 Quis
938 3519 1031 3572 diu
1069 3518 1334 3573 dubitabit
1375 3520 1427 3572 in
1467 3518 1747 3574 Aeschinis
1783 3519 2156 3592 Ctesiphontea
2199 3524 2227 3590 ὃ
2262 3524 2352 3574 65.

378 3628 473 3682 pro
509 3609 1040 3676 παρηγγέλλετο
1083 3610 1125 3661 δ’
1160 3610 1249 3671 ήδη
1290 3610 1371 3661 ἐπ’
1409 3610 1814 3683 αὐτὸνςρατεία
1862 3627 2112 3680 reponere
2153 3610 2350 3693 πριρήγ-
