2436 4068
1056 217 1160 267 5³37

100 365 315 430 βίαια
373 368 559 430 χρῆναι
620 362 852 430 πάσχειν
910 360 1085 415 αὐτόν.
1180 360 1350 416 Habet
1408 363 1550 415 enim
1609 361 1840 428 πάσχειν
1902 371 2093 434 suapte

102 459 295 506 natura
338 459 551 522 praeter
602 458 751 505 certa
787 449 1048 522 quaedam
1090 448 1340 503 adverbia
1394 466 1576 505 secum
1633 448 1932 504 adiectiva:
1991 453 2093 505 πά-

102 561 216 607 σχω
254 548 444 605 γελοῖα
484 548 537 593 et
583 539 788 604 γελοῖόν
826 560 877 592 τι
916 537 1117 605 πάσχω
1156 536 1420 592 Graecum
1461 545 1579 603 est,
1619 555 1725 591 non
1767 537 1964 606 πάσχω
2003 540 2092 604 γε’-

98 641 262 683 λωτα.
343 629 568 696 Παρέχω
600 628 817 692 γέλωτα
859 627 1161 680 rectissime
1200 625 1388 690 habet,
1430 627 1519 680 cui
1566 627 1774 681 scribae
1823 643 2091 681 nonnum-

102 700 277 787 quam*
305 717 503 785 πάσχω
543 715 760 781 γέλωτα
795 714 1198 768 substituerunt
1245 713 1339 767 sed
1381 713 1568 769 fraude
1609 713 1910 770 manifesta.
1990 715 2091 770 Eo-

100 804 221 859 dem
264 804 420 858 modo
461 806 601 860 δεινά
640 804 905 872 πάσχειν,
946 802 1156 869 οἰκτρά,
1195 802 1430 870 αἰσχροὶ,
1474 800 1625 868 ὅμοια
1683 802 1917 872 πάσχειν
1958 803 2090 858 diei-

99 899 227 956 tur,
281 893 359 947 sie
413 894 610 961 τερπνά
648 893 831 946 παθεῖν
880 897 933 944 et
980 891 1190 957 τερπνὸν
1227 889 1277 943 εἴ
1311 890 1365 943 τί
1404 908 1500 943 που
1549 892 1732 955 πάθοι,
1791 894 1868 946 sic
1921 891 2094 962 igitur

98 988 153 1036 et
191 982 348 1047 βίαια
383 981 584 1050 πάσχω
627 987 681 1035 et
718 980 891 1047 βίαιόν
925 1000 975 1034 ’τι
1017 977 1232 1046 πάσχω.
1315 977 1659 1050 Thucydides
1694 978 1784 1032 ΙΙΙ.
1831 983 1918 1034 59.
1961 980 2091 1035 άπό·

97 1091 250 1131 ςασις
288 1071 386 1136 μέν
423 1090 492 1135 γε
528 1075 626 1124 τῶν
665 1068 838 1135 βίαιόν
874 1089 925 1122 τι
967 1066 1282 1135 πασχόντων
1332 1065 1437 1124 ἐςίν
1534 1065 1857 1120 Plutarchus
1899 1068 1952 1120 in
1998 1069 2092 1122 Pe-

96 1158 228 1213 ricle
288 1174 404 1230 cap.
441 1162 533 1213 29.
592 1159 872 1223 Αἰγινῆται
923 1156 977 1210 δὲ
1036 1156 1316 1209 κακοῦσθαι
1358 1155 1618 1216 δοκοῦντες
1659 1154 1748 1208 καὶ
1787 1154 1945 1220 βίαια
1986 1157 2088 1211 πά-

94 1268 263 1316 σχειν.
345 1249 627 1303 Praeterea
667 1246 786 1300 vide
825 1261 987 1316 quam
1030 1243 1440 1297 commendetur
1476 1259 1536 1297 ea
1577 1242 1882 1297 emendatio
1930 1244 2089 1299 libro·

98 1352 221 1390 rum
262 1337 568 1408 scripturis.
647 1335 707 1389 In
750 1333 971 1405 optimis
1019 1339 1100 1386 est
1151 1333 1252 1397 βία
1305 1339 1531 1401 χρῆναι,
1585 1332 1639 1385 in
1696 1331 1906 1386 duobus
1963 1334 2091 1400 βίαν

96 1432 322 1492 χρῆναι,
376 1441 514 1496 quae
571 1422 744 1478 sutilis
812 1421 956 1475 itlius
1012 1421 1318 1492 scripturae
1372 1421 1803 1476 correctiuucula
1863 1429 1980 1486 est,
2037 1423 2092 1476 in

97 1513 327 1567 caeteris
366 1510 617 1566 omnibus
657 1512 835 1566 δίκαια
875 1516 1062 1578 χρῆναι
1106 1508 1357 1576 πάσχειν.
1438 1508 1536 1563 Est
1595 1517 1779 1565 autem
1827 1511 1960 1566 satis
2001 1528 2091 1585 no-

98 1607 216 1655 tum
258 1617 420 1671 quam
465 1616 621 1672 saepe
666 1600 839 1666 βίαιος
881 1600 934 1652 in
970 1599 1192 1665 βέβαιος
1235 1598 1512 1670 corrumpi
1563 1597 1749 1653 soleat.
1828 1598 2092 1654 Confundi

98 1690 152 1743 in
195 1688 348 1743 libris
385 1689 557 1754 βίαιος
599 1696 654 1743 et
691 1689 883 1749 δίκαιος
915 1686 1048 1742 bene
1088 1685 1272 1741 docuit
1310 1686 1620 1741 Dindorfius
1662 1686 1728 1742 ad
1772 1686 1955 1760 Steph.
1991 1688 2089 1742 Th.

94 1793 149 1833 v.
190 1778 404 1838 Δίκαιος
445 1778 685 1849 apposite
722 1776 953 1832 afferens
994 1782 1048 1830 et
1085 1774 1188 1829 aiia
1226 1783 1280 1829 et
1319 1791 1349 1829 e
1397 1775 1653 1849 Dionysio
1706 1775 1875 1831 Halic.
1918 1779 1981 1833 A.
2027 1777 2090 1832 R.

98 1865 188 1921 lv.
230 1869 320 1921 52.
380 1867 815 1935 παρεσκεύασμαι
855 1865 962 1933 γάρ
1006 1863 1093 1919 καὶ
1134 1865 1206 1918 τά
1243 1864 1420 1919 δίκαια
1463 1865 1577 1932 ἐρῶν
1625 1863 1714 1919 καὶ
1764 1867 1808 1919 εἶ
1857 1867 1932 1931 μὴ
1981 1867 2090 1921 πεί-

95 1957 191 2010 θοιο
241 1955 315 2009 τά
360 1955 599 2010 δίκαια
650 1953 889 2022 πράξων,
946 1952 1036 2007 ubi
1095 1951 1270 2007 Codex
1330 1953 1555 2008 Urbinas
1613 1954 1848 2009 servavit
1907 1970 2089 2008 veram

95 2043 379 2099 lectionem
418 2042 491 2098 τά
530 2043 737 2108 βίαια
778 2042 1003 2111 πράξων.

171 2131 324 2200 Quod
384 2130 542 2185 modo
598 2130 843 2186 dicebam
901 2132 1135 2200 πάσχειν
1190 2136 1243 2184 et
1284 2136 1585 2198 παρασχεῖν
1643 2128 1901 2184 confundi
1958 2147 2090 2184 nus-

94 2238 258 2294 quam
319 2228 401 2275 est
460 2218 800 2274 manifestius
842 2236 1005 2292 quam
1061 2218 1204 2290 apud
1245 2217 1515 2273 Iulianum
1574 2235 1624 2290 p.
1662 2221 1790 2274 287.
1847 2215 1878 2272 δ’
1921 2239 1972 2272 τι
2025 2218 2091 2274 ἂν

93 2308 259 2379 ᾗτοῖς
300 2310 425 2371 θεοῖς
461 2308 617 2378 φίλον
656 2315 1042 2377 παρασχεῖν
1084 2307 1112 2371 ἢ
1148 2306 1428 2375 πράττειν,
1469 2306 1561 2361 ubi
1595 2306 1829 2375 πάσχειν
1858 2307 1886 2371 ἢ
1922 2306 2088 2375 πράτ-

91 2419 200 2454 τειν
242 2397 616 2470 unusquisque
652 2396 800 2452 videt
833 2397 1058 2469 requiri.
1139 2396 1201 2451 In
1238 2395 1615 2451 Demosthenis
1657 2412 1795 2467 quae
1835 2394 2089 2451 feruntur

23 2543 27 2549 ,
91 2487 375 2556 Προοιμίοις
417 2486 564 2542 ΧΧῙ.
606 2486 662 2540 iu
702 2485 837 2540 fine:
891 2484 1019 2541 οὕτω
1059 2485 1166 2554 γάρ
1216 2484 1386 2539 οὐκέτι
1426 2489 1516 2540 τοῦ
1563 2489 1745 2540 λοιποῦ
1798 2491 2088 2553 σχοῖμεν

24 2565 31 2578 ’
90 2576 158 2631 ἂν
196 2580 366 2637 κακῶς
419 2581 694 2646 receptam
754 2576 994 2647 oportuit
1036 2573 1375 2629 verissimam
1419 2573 1704 2629 lectionem
1762 2578 1852 2629 τοῦ
1906 2577 2087 2629 λοιποῦ

90 2664 492 2733 πάσχοιμεν
531 2663 598 2719 ἂν
633 2669 820 2724 κακῶς.

170 2752 345 2808 Verba
404 2752 772 2825 Xenophontis
832 2752 885 2805 in
948 2750 1116 2806 Anah.
1160 2751 1274 2805 v11.
1317 2768 1386 2805 νι.
1444 2754 1532 2805 57.
1594 2756 1680 2806 νῦν
1736 2751 1858 2816 ὑμῖν
1921 2749 2087 2815 ἕξεσιν

91 2843 571 2905 ἀνεπιλήπτως
625 2841 926 2909 πορεύεσθαι
983 2838 1082 2909 ὅπῃ
1139 2841 1204 2895 ἂν
1259 2838 1442 2903 ἕλησθε
1508 2855 1721 2911 semper
1778 2838 1915 2893 mihi
1970 2840 2088 2894 visa
2132 2838 2137 2841 ”

93 2937 222 2984 sunt
262 2946 427 2985 manu
469 2929 668 2985 ducere
708 2928 774 2983 ad
811 2927 1242 2984 emendationem
1293 2928 1396 2984 loci
1439 2926 1778 3001 Thucydidei
1815 2929 1858 2982 Ι.
1901 2930 1992 2982 92.
2043 2927 2097 2983 οἵ

91 3037 151 3073 τε
190 3019 438 3088 πρέσβεις
481 3019 730 3086 ἑκατέρων
777 3018 1008 3080 άπῆλθον
1044 3018 1129 3071 ἐπ’
1175 3016 1309 3072 οἴκου
1364 3017 1878 3081 άνεπικλήτως,
1935 3032 2085 3070 nam·

93 3122 198 3178 que
243 3109 499 3162 vitiosum
555 3124 671 3162 csse
721 3106 820 3161 hoc
880 3103 1196 3160 adverbium
1240 3122 1337 3161 nec
1393 3107 1474 3161 rei
1535 3106 1875 3160 conveniens,
1956 3105 2088 3172 Quis

91 3195 269 3249 estin
325 3195 419 3250 tali
461 3213 522 3250 re
579 3197 846 3259 ἐπικλήσει
901 3193 1094 3249 locus?
1178 3193 1340 3250 Abire
1378 3193 1643 3249 volentem
1706 3193 1939 3247 retinere
1991 3208 2086 3263 per

92 3282 201 3337 vim
235 3289 291 3338 et
330 3301 432 3339 non
472 3284 748 3339 dimittere
784 3290 868 3339 est
920 3282 1383 3350 ἐπιλαμβάνεσθαι
1425 3303 1556 3344 τινος
1611 3289 1664 3337 et
1715 3281 1849 3334 nihil
1902 3282 2083 3352 aptius

93 3377 175 3425 est
215 3369 548 3446 Thucydidis
589 3372 704 3428 loco
744 3389 905 3445 quam
940 3373 1346 3437 άνεπιλήπτως,
1391 3379 1448 3427 ut
1490 3370 1630 3444 apud
1675 3369 2082 3441 Xenophontem

94 3464 286 3513 exstat.

180 3546 236 3600 1η
290 3547 393 3610 iis,
448 3565 584 3620 quae
628 3550 884 3605 continuo
938 3549 1079 3623 apud
1131 3548 1534 3621 Xenophontem
1595 3553 1933 3619 sequuntur:
1994 3547 2080 3602 καὶ

93 3645 331 3697 πλεῖτε
388 3635 501 3690 ἔνθα
549 3638 607 3699 δὴ
658 3639 963 3704 ἐπεθυμεῖτε
1015 3639 1187 3693 πάλαι
1237 3638 1424 3708 optimi
1479 3643 1638 3691 tcstcs
1684 3634 1922 3690 inserunt
1966 3634 2065 3691 soc-
