2436 4068
1353 251 1457 301 468

414 400 468 448 et
503 395 747 461 ἠρήρειντο
787 392 880 445 ΙΙΙ.
929 395 1097 455 1598,
1138 399 1187 446 et
1233 392 1314 465 (ut
1353 409 1455 445 uno
1491 392 1770 466 defungar)
1814 410 1914 448 non
1953 394 2221 449 dubitavit
2252 397 2382 450 scri·

411 480 536 536 bere
576 479 856 545 ἕξεαγεῖσα
897 479 983 532 IV.
1030 483 1190 534 1686.

786 566 1063 633 πρυμνόθεν
1102 566 1383 631 ἑξεαγεῖσα
1424 570 1718 635 κατήριπεν.

412 660 473 708 ut
512 653 629 708 faex
683 652 862 724 populi
921 653 1252 725 loquebatur.
1333 655 1392 708 In
1433 671 1494 709 eo
1531 672 1633 709 non
1671 656 1934 710 miramur
1970 657 2010 710 Ι.
2059 662 2218 711 1001.
2273 658 2383 710 εἷσ-

412 741 497 794 ὀκε
538 775 610 782 --
649 739 859 804 ἐδαϊξαν
917 742 1011 813 qui
1082 743 1255 814 potuit
1311 742 1400 796 IV.
1456 746 1582 798 288.
1643 744 1835 798 ὁπόταν
1890 746 2200 810 ἐπιβήσεται
2255 746 2384 799 scri-

408 830 553 885 bere.
634 831 740 886 Nec
778 830 951 901 magis
994 829 1315 884 mirabimur
1343 830 1433 884 ΠΙ.
1478 834 1565 884 28.
1607 833 1691 885 τὸν
1732 833 1774 886 δ’
1815 831 1879 886 ἂν
1914 833 1994 886 ὀΐω
2034 864 2107 872 ——
2147 831 2382 895 ἀνοίξειν,

410 918 502 972 sed
540 919 618 973 sic
673 925 734 973 ut
779 935 902 973 eum
957 924 1151 972 testem
1202 917 1521 972 Graecitatis
1563 925 1624 972 ut
1666 919 1888 972 minime
1939 919 2187 973 idoneum
2231 936 2383 973 recu-

409 1023 625 1069 semUS,
669 1005 1008 1077 iudicemque
1047 1022 1269 1077 prorsus
1319 1006 1630 1076 imperitum
1689 1007 2014 1063 reiiciamus.
2094 1006 2239 1061 Idem
2300 1023 2382 1060 ca-

407 1094 486 1147 dit
529 1095 583 1147 in
619 1093 925 1165 permultos
953 1093 1120 1156 alios,
1178 1111 1404 1164 quorum
1461 1095 1785 1148 testimoniis
1833 1101 1885 1148 et
1925 1095 2049 1148 alibi
2091 1095 2287 1165 passim
2331 1101 2384 1148 et

406 1185 459 1235 in
515 1181 614 1236 hac
667 1199 878 1254 quoque
937 1198 1099 1235 causa
1152 1181 1304 1235 video
1365 1181 1693 1236 Lobeckium
1750 1191 1802 1236 et
1855 1182 1984 1236 alios
2042 1181 2383 1253 perlubenter

407 1277 636 1324 utentes.
718 1269 1026 1324 Ridiculum
1070 1275 1183 1333 est,
1234 1276 1293 1322 ut
1346 1269 1521 1323 dicam
1562 1269 1727 1324 libere
1783 1271 1919 1341 quod
1963 1271 2220 1334 sentiam,
2260 1270 2383 1324 Fla-

406 1360 554 1412 vium
591 1358 873 1429 Iosephum
916 1363 1104 1411 testem
1157 1363 1209 1409 et
1264 1363 1535 1411 auctorem
1593 1357 1919 1428 producere,
1976 1357 2065 1411 ubi
2115 1357 2180 1411 de
2225 1357 2381 1412 Grae-

403 1446 584 1500 citatis
627 1461 726 1498 usu
770 1452 820 1498 et
865 1446 1073 1498 ratione
1113 1445 1410 1515 quaeritur.
1495 1444 1701 1515 Perlegi
1741 1447 2051 1517 nuperrime
2095 1444 2381 1515 diligenter

404 1534 584 1587 omnia
627 1533 742 1586 eius
789 1549 926 1603 quae
979 1538 1208 1586 exstant.
1289 1533 1527 1587 Pessime
1564 1532 1763 1588 Graece
1803 1534 2037 1587 scribere
2077 1541 2128 1586 et
2175 1540 2381 1587 scatere

402 1618 676 1675 erroribus
719 1621 971 1691 vitiisque
1031 1620 1295 1674 sermonis
1334 1620 1665 1690 turpissimis
1705 1621 1815 1674 vidi
1858 1620 2129 1675 hominem
2183 1621 2236 1673 in
2280 1619 2380 1675 hac

400 1725 612 1780 quoque
659 1724 716 1762 re
759 1707 1058 1778 placentem
1106 1707 1206 1759 sibi
1255 1713 1307 1760 et
1346 1706 1575 1778 perbene
1616 1707 1814 1762 Graece
1861 1709 2000 1762 scire
2053 1725 2108 1761 se
2162 1709 2379 1779 opinan-

401 1805 509 1851 tem
535 1837 547 1859 ‚
589 1802 649 1849 ut
692 1794 825 1848 nihil
867 1795 968 1848 sibi
1011 1794 1146 1848 desit
1183 1802 1557 1866 praeterquam
1598 1799 1626 1859 ἡ
1668 1797 1777 1864 περὶ
1817 1798 1908 1859 τήν
1945 1795 2201 1864 προφορὰν
2239 1797 2378 1865 οέκρί-

401 1886 560 1950 βεια,
602 1900 762 1954 quam
808 1899 865 1938 se
907 1882 1161 1937 Iudaeum
1206 1882 1475 1936 hominem
1527 1891 1688 1955 negat
1739 1885 1952 1955 assequi
1994 1883 2266 1954 potuisse,
2321 1885 2375 1936 in

400 1972 535 2026 libro
571 1971 683 2025 XX.
728 1971 906 2042 Antiq.
948 1971 1148 2025 Iudaic.
1191 1972 1335 2024 circa
1379 1970 1556 2024 finem.
1616 1972 1926 2043 Complures
1968 1971 2098 2025 alios
2136 1988 2254 2025 sero
2289 1988 2377 2025 na-

400 2067 484 2114 tos
534 2059 824 2114 Graeculos
858 2058 1051 2113 melius
1102 2058 1316 2112 silentio
1372 2059 1689 2128 praeteribis
1727 2067 1779 2113 et
1834 2066 2177 2125 contemneS‚
2219 2059 2379 2114 Iusti-

402 2149 548 2202 niani
607 2147 854 2217 aequales
909 2154 960 2200 et
1013 2147 1173 2200 etiam
1236 2149 1480 2201 seriores
1577 2146 1676 2200 Sed
1739 2147 1929 2202 nollem
1987 2149 2277 2201 Arriauum
2324 2154 2377 2201 et

401 2236 622 2290 Dionem
662 2234 904 2287 Cassium
946 2235 999 2287 in
1042 2234 1141 2288 hac
1191 2234 1414 2288 colluvie
1454 2250 1482 2287 a
1532 2234 1793 2288 Lobeckio
1835 2236 2118 2289 collocatos
2166 2236 2376 2289 mistos-

402 2340 506 2394 que
550 2321 745 2376 videre.
828 2321 1153 2393 Subineptus
1194 2321 1351 2374 homo
1385 2322 1647 2375 Arrianus
1686 2330 1793 2386 est,
1834 2322 2029 2387 fateor,
2071 2329 2123 2375 et
2161 2322 2376 2376 difficile

400 2419 481 2466 est
520 2428 623 2465 non
668 2409 943 2464 subridere
982 2409 1047 2462 ad
1094 2410 1210 2463 eius
1246 2410 1570 2474 vanitatem,
1613 2410 1705 2480 qui
1749 2409 1849 2463 sibi
1909 2409 2044 2464 alter
2084 2411 2372 2482 Xenophon

402 2516 517 2554 esse
571 2497 813 2561 videtur,
866 2498 1145 2569 utiturque
1188 2498 1428 2551 oratione
1483 2497 1682 2552 Graeca
1725 2514 1788 2551 ex
1838 2498 2029 2552 Atticis
2075 2499 2375 2570 Ionicisque

402 2586 754 2658 scriptoribus
804 2585 1031 2639 mirifico
1066 2585 1295 2640 artificio
1341 2586 1507 2639 mixta
1552 2593 1605 2638 et
1654 2587 1976 2657 composita,
2020 2586 2231 2641 laciniis
2272 2587 2374 2641 Xe-

404 2674 830 2746 nophonteis'et
890 2673 1200 2728 Herodoteis
1263 2672 1550 2738 distincta,
1611 2674 1700 2727 sed
1759 2673 1975 2744 plebeiis
2046 2683 2222 2729 tamen
2280 2681 2377 2729 τῶν

402 2765 603 2818 ἰδιωτῶν
644 2760 891 2814 sordibus
948 2778 1050 2814 non
1110 2762 1408 2832 inquinata.
1491 2760 1640 2832 Sapit
1693 2768 1837 2815 totus
1891 2779 1954 2815 ex
2013 2763 2265 2817 Veterum
2317 2762 2375 2815 li-

404 2851 546 2914 bris,
589 2848 722 2903 nihil
760 2855 842 2902 est
882 2848 937 2901 iu
977 2866 1037 2903 eo
1083 2851 1358 2913 nativum,
1400 2850 1640 2903 contexit
1684 2848 1854 2920 lepide
1893 2848 2058 2912 λέξεις
2104 2850 2195 2904 sed
2239 2851 2372 2910 anti-⁴

403 2955 536 3010 quas
569 2944 622 2991 et
656 2935 917 3007 probatas,
997 2938 1185 3007 Itaque
1220 2937 1474 2990 ἐδεδίεσαν
1512 2938 1561 2991 ei
1598 2937 1636 2990 Ι.
1676 2954 1709 2989 1.
1752 2941 1833 2990 14.
1877 2937 2219 2992 eximendum
2261 2955 2375 2992 esse
2415 2986 2417 2990 Α

404 3042 593 3081 censeo
615 3068 630 3090 ‚
671 3023 1123 3095 scribendumque
1159 3026 1505 3091 θαρσήσαντες
1526 3021 1602 3078 ἔτι
1624 3025 1894 3090 ἀβλαβεῖς
1931 3028 2106 3085 αὐτοῖς
2127 3068 2139 3088 ,
2176 3023 2239 3086 ἃς
2272 3027 2374 3091 μα·

403 3128 529 3171 λιςα
589 3112 937 3175 ἐδέδισαν,
995 3113 1050 3165 αἱ
1110 3111 1317 3176 ἅμαξαι
1361 3113 1605 3177 ἐγένοντο.
1701 3112 1848 3179 Quod
1892 3120 2071 3166 autem
2111 3112 2210 3166 sibi
2265 3102 2417 3185 ipse}

402 3203 606 3274 primas
642 3200 695 3252 in
738 3197 935 3253 Graece
969 3198 1235 3253 scribendi
1274 3198 1526 3254 facultate
1567 3200 1736 3254 desert
1777 3201 1815 3254 Ι.
1858 3218 1946 3254 x11.
1990 3204 2040 3253 9.
2096 3203 2184 3254 οὐκ
2235 3191 2409 3256 οέπα-

400 3289 487 3352 ξιῶ
540 3288 763 3353 ἐμαυτὸν
816 3291 912 3340 τῶν
955 3288 1156 3354 πρώτων
1201 3286 1413 3358 (melius
1449 3293 1547 3341 τῶν
1597 3288 1870 3360 πρωτείων)
1911 3290 1962 3341 ἐν
2014 3297 2078 3357 τῇ
2126 3294 2269 3359 φωνῇ
2308 3297 2371 3357 τῇ
2401 3279 2436 3343 ,Ἰ

402 3375 651 3438 Ἑλλάδι,
692 3380 770 3428 est
810 3390 871 3427 ea
929 3392 1031 3427 non
1084 3373 1295 3444 illepida
1344 3375 1657 3441 ἀλαζονεία,
1717 3376 1890 3446 qualis
1942 3378 2209 3431 neminem
2265 3393 2372 3430 ma-

402 3479 633 3534 gnopere
682 3478 895 3516 movere
938 3462 1067 3515 solet
1125 3468 1217 3515 aut
1271 3460 1484 3527 fallere,
1524 3459 1587 3516 et'
1615 3480 1767 3534 saepe
1807 3481 1891 3517 mc
1945 3464 2171 3519 delectat
2216 3465 2398 3518 homo'

405 3549 631 3605 bellulus
672 3558 723 3603 et
754 3549 1091 3621 perelegans,
1132 3567 1298 3621 quum
1334 3550 1436 3604 sibi
1467 3552 1576 3622 ipse
1611 3553 1750 3605 inter
1788 3551 2129 3606 scribendum
2164 3552 2372 3623 egregie

405 3638 664 3694 satisfacit
706 3646 753 3691 et
802 3639 887 3692 vix
940 3644 1107 3708 potest
1166 3638 1571 3694 admirationem
1615 3639 1696 3692 sui
1748 3641 2035 3694 continere.
2121 3641 2290 3710 Atque
2328 3639 2372 3690 is
