2436 4068
1034 174 1139 225 555

104 320 205 375 bus
243 324 578 390 anteponunt
615 317 679 373 ἄν
721 317 1008 390 fugitivum
1059 317 1386 373 revocabunt
1425 317 1479 370 in
1521 314 1724 370 Hellen.
1759 313 1827 370 11.
1871 332 1946 368 ιιι.
1994 318 2080 368 14.

104 407 187 469 οὓς
222 408 447 475 ἐνόμιζεν
499 406 653 470 ἤκιςα
703 408 799 472 μὲν
842 406 949 479 (ἂν)
992 406 1401 474 παρωθουμένους
1441 404 1722 472 ἀνέχεσθαι
1746 445 1759 466 ,
1800 409 1854 457 et
1895 402 1986 456 III.
2027 418 2079 455 v.

109 500 197 551 10.
246 501 395 550 τοῦτο
449 497 501 550 δὲ
554 497 660 555 πῶς
710 499 918 560 μᾶλλον
974 494 1079 566 (ἂν)
1134 496 1264 554 εἰκὸς
1316 492 1594 558 γενέσθαι,
1654 498 1706 546 et
1758 491 1849 544 Ill.
1894 508 1944 547 v.
1991 493 2081 545 14.

106 585 212 644 πῶς
251 581 333 637 οὖν
372 586 460 637 οὐκ
500 584 632 644 εἰκός
662 615 735 623 -
768 587 852 636 νῦν
894 581 999 655 (ἂν)
1040 584 1179 647 ὑμᾶς
1221 582 1355 635 πολὺ
1397 582 1455 642 δὴ
1508 580 1632 654 (ηοη
1679 578 1790 652 ἤδη)
1832 578 2084 644 μεγίςους

102 671 370 736 γενέσθαι,
408 678 462 724 el.
504 670 566 725 V.
607 688 681 724 111.
727 675 813 725 10.
871 670 959 724 καὶ
1007 670 1086 730 τίς
1131 669 1238 742 (ἂν)
1292 668 1427 730 αὕτη
1480 670 1590 731 δίκη
1637 667 1749 732 εἴης
1793 674 1846 723 et
1887 665 2005 721 VII.
2049 682 2087 720 1.

105 761 193 813 25.
237 759 355 813 οὔτε
410 763 495 813 νῦν
536 759 800 825 Θηβαίους
854 759 1019 812 ἐλθεῖν
1072 757 1178 830 (ἂν)
1235 756 1357 811 ἄνευ
1403 757 1663 823 Ἀρκαδων
1712 758 1784 818 εἷς
1826 755 2087 810 Λακεδαί-

102 868 265 913 μονα,
307 863 445 918 quae
490 845 808 921 Lycomedis
847 846 1018 900 oratio
1069 852 1151 899 est
1193 861 1316 899 vera
1356 844 1575 915 quidem
1610 843 1699 899 sed
1742 844 2087 915 arrogantius

106 936 180 990 ita
220 936 506 989 iactantis:
549 935 751 1007 absque
771 933 1070 989 Arcadibus
1111 932 1328 996 suisset,
1371 948 1666 1003 numquam
1692 931 1972 987 Thebanos
1991 931 2086 985 La-

106 1025 347 1079 conicam
388 1025 555 1096 [uisse
591 1024 947 1095 ιἰιῃνοεειινοε,
988 1021 1192 1092 inspice
1238 1019 1439 1074 Hellen.
1477 1019 1565 1074 VI.
1608 1023 1788 1075 v.-25.
1870 1021 1933 1074 ln
1981 1018 2088 1090 ple·

105 1114 289 1185 risque
342 1111 472 1166 locis
523 1128 622 1166 cur
676 1110 741 1165 ἄν
792 1109 1054 1166 exciderit
1107 1114 1364 1180 apparet,
1417 1109 1471 1161 in
1521 1107 1773 1162 omnibus
1826 1105 2091 1162 excidisse

105 1201 452 1257 manifestum
501 1207 599 1255 est.
679 1200 739 1253 In
794 1198 909 1252 loco
952 1214 1110 1269 quem
1155 1212 1315 1268 supra
1367 1193 1686 1250 emblemate
1740 1194 2089 1250 liberavimus

103 1292 144 1347 1.
188 1308 256 1346 vi.
302 1294 388 1345 16.
442 1295 496 1343 et
541 1288 778 1342 diximus
830 1286 1115 1358 legendum
1164 1301 1281 1340 esse
1329 1284 1534 1338 videri:
1596 1284 1800 1339 Κόνωνα
1840 1284 1892 1337 δὲ
1945 1280 2088 1337 εἶπεν

101 1378 179 1435 ὅτι
219 1379 408 1434 παύσει
445 1378 716 1446 μοιχῶντα
754 1378 846 1439 τὴν
886 1374 1160 1430 θάλατταν
1183 1416 1197 1437 ,
1237 1372 1516 1429 residuum
1571 1379 1653 1427 est
1712 1370 1970 1427 mendum
2011 1370 2089 1424 di-

101 1468 246 1524 versi
284 1465 514 1538 generis.
594 1464 725 1519 Nam
767 1463 896 1536 quid
944 1470 1062 1528 est,
1101 1479 1333 1534 quaem,
1373 1459 1683 1528 μοιχῶνταῖ
1765 1460 1899 1527 Quis
1940 1459 2088 1513 novit
2150 1530 2152 1533 ἱ

101 1555 326 1611 verbum
358 1557 558 1622 μοιχοῖν
599 1570 695 1625 pro
733 1551 1041 1621 μοιχεύεινῖ
1123 1550 1402 1605 Induxerit
1455 1548 1747 1620 Xenophon
1791 1547 2089 1602 Callicrati-

103 1644 226 1699 dam
270 1642 431 1717 (quod
468 1641 697 1697 libenter
734 1640 885 1713 facit)
926 1639 1277 1707 λακωνίζοντα
1315 1647 1380 1708 τῇ
1422 1643 1566 1707 φωνῇ
1590 1680 1604 1702 ,
1645 1637 1811 1691 etiam
1849 1637 1927 1690 sic
1965 1635 2086 1690 hae-

107 1749 304 1787 remus.
384 1731 454 1786 Et
493 1730 818 1784 Plutarchus
869 1727 1088 1800 quidem
1143 1728 1294 1782 Tom.
1330 1727 1395 1781 11.
1456 1744 1507 1798 p.
1549 1728 1694 1780 1100
1735 1726 1833 1788 Α.,
1893 1725 1987 1796 qui
2026 1740 2092 1779 ex

105 1821 206 1875 boc
246 1819 360 1874 loco
394 1819 525 1873 haec
566 1818 777 1873 attulit:
819 1814 915 1871 εἶτ’
972 1819 1073 1883 οὐχ
1113 1814 1280 1883 ὥσπερ
1331 1816 1754 1880 Καλλικρατίδας
1808 1814 1964 1879 ἔλεγε
2005 1813 2091 1867 τὸν

106 1909 307 1963 Κόνωνα
347 1908 612 1974 μοιχεύειν
651 1909 743 1969 την
782 1906 1056 1960 θάλατταν
1094 1903 1250 1965 οὕτως
1288 1904 1352 1958 ἄν
1391 1925 1470 1965 τις
1522 1903 1654 1958 εἴποι
1707 1905 1794 1958 τὸν
1848 1903 2091 1957 Ἐπίκου-

104 2018 181 2065 ρον
215 1999 443 2064 αἰσχρῶς
485 1995 571 2049 καὶ
610 1995 786 2064 κρύφα
841 1998 1025 2062 πειρᾶν
1077 1995 1169 2055 την
1209 1992 1390 2056 δόξαν,
1449 1991 1823 2063 pervulgatum
1866 1989 2091 2045 verbum

105 2084 388 2140 substituit
424 2083 488 2138 de
529 2100 663 2146 suo,
704 2082 952 2153 equidem
996 2098 1060 2137 ex
1101 2080 1352 2153 Hesychii
1396 2080 1598 2151 glossa:
1640 2085 2090 2148 Μαχλῶντεςε

104 2174 424 2241 πορνεύοντες
464 2172 772 2243 suspicatus
824 2187 942 2224 sum
997 2174 1365 2236 μαχλῶντα
1418 2170 1509 2231 τὴν
1550 2168 1823 2223 θάλατταν
1864 2185 1895 2222 a
1935 2167 2091 2222 Calli·

104 2261 309 2317 cratida
358 2261 563 2315 dictum
613 2276 726 2314 esse
768 2265 821 2313 ct
860 2276 889 2312 a
930 2257 1280 2329 Xenophonte
1322 2263 1612 2312 retentum.
1694 2256 1753 2310 Iu
1799 2256 1840 2310 Ι.
1882 2273 1951 2310 w.
1999 2259 2088 2310 54.

103 2358 282 2407 πασῶν
318 2352 472 2405 οὐσῶν
512 2349 637 2404 δέκα
676 2347 966 2401 articulum
1008 2346 1253 2400 desidero
1293 2351 1414 2399 τῶν
1455 2352 1664 2407 πασῶν,
1708 2351 1768 2399 ut
1805 2344 1845 2399 Ι.
1887 2361 1956 2398 vi.
2001 2347 2092 2398 25.

103 2440 334 2505 ἐγένοντο
372 2439 425 2493 δὲ
467 2439 522 2492 αἱ
576 2440 743 2491 πᾶσαι
794 2436 1115 2498 πεντήκοντα
1160 2434 1246 2488 καὶ
1290 2433 1472 2488 ἑκατόν
1497 2477 1508 2497 ,
1551 2441 1603 2488 et
1644 2434 1702 2487 V.
1748 2451 1817 2488 lv.
1856 2436 1944 2487 66.
2000 2453 2091 2498 γε·

104 2528 319 2593 νομένων
358 2527 499 2593 αὐτῷ
538 2530 655 2579 τῶν
696 2529 874 2578 πασῶν
926 2523 1080 2577 πλέον
1104 2525 1148 2587 ἢ
1191 2523 1581 2587 ἑβδομήκοντα,
1624 2522 1711 2576 ubi
1755 2528 1905 2576 πλεῖν
1940 2521 1968 2584 ἦ
2004 2538 2093 2592 ge·

106 2618 333 2671 nuinum
378 2621 489 2678 est,
532 2620 591 2668 ut
630 2613 774 2667 alibi.
856 2612 912 2665 ln
958 2611 1158 2666 Hellen.
1197 2611 1236 2664 Ι.
1279 2628 1366 2663 vu.
1417 2617 1500 2664 11.
1558 2628 1705 2665 more
1736 2611 1911 2665 Attico
1961 2610 2092 2664 scri-

106 2703 336 2760 bendum
395 2701 632 2755 arbitror
685 2701 771 2754 xxi
813 2700 885 2754 τοὶ
924 2701 1183 2768 χρήματα
1221 2699 1482 2763 δημόσι’
1535 2697 1742 2762 εἶναι,
1797 2700 1854 2753 τὸ
1904 2699 1947 2752 δ’
1982 2699 2094 2752 ε’πι·

105 2794 318 2849 δέκατον
371 2799 464 2854 τῆς
524 2793 663 2852 θεοῦ,
719 2787 972 2859 vulgatur
1025 2790 1358 2853 δημοσιεῦσαι
1399 2794 1452 2840 el
1492 2795 1583 2850 τῆς
1625 2789 1732 2842 θεοῦ
1781 2785 1910 2842 εἶναι
1940 2829 1951 2850 ,
1997 2785 2091 2841 sed

24 2879 30 2955 J
102 2882 417 2949 δημοσιεύειν
472 2894 683 2949 semper
737 2883 817 2931 csl.
858 2877 1080 2945 δημοσία
1133 2875 1380 2943 πράττειν
1434 2896 1520 2939 τι,
1577 2876 1841 2943 ὑπηρετεῖν
1880 2876 1964 2930 ἐπὶ
2006 2895 2092 2942 μι·

105 2971 234 3038 σθῷ,
294 2967 435 3040 quod
482 2966 546 3021 de
587 2965 813 3020 medicis
860 2964 1085 3036 aliisque
1129 2965 1318 3017 tritum
1376 2971 1490 3026 est,
1536 2980 1827 3035 numquam
1876 2963 2092 3035 ponitur

27 3083 31 3091 ·
105 3074 200 3130 pro
234 3058 487 3121 δημεύειν.
569 3055 766 3109 Contra
820 3060 1074 3125 concepta
1117 3060 1169 3107 et
1215 3051 1454 3122 legitima
1497 3051 1653 3106 verba
1697 3058 1824 3106 sunt
1878 3053 1928 3105 ἐν
1968 3059 2088 3111 ταῖς

105 3145 447 3204 καταδίκαιςε
499 3151 622 3203 Τοῖς
671 3141 850 3196 ἕνδεκα
907 3143 1247 3209 παραδοθῆναι
1299 3142 1385 3195 καὶ
1436 3140 1506 3194 τα
1554 3144 1814 3208 χρήματα
1867 3139 2087 3205 δημόσια

106 3231 233 3287 εἶναι
284 3234 369 3288 καὶ
428 3234 486 3287 τὸ
539 3232 839 3287 ἐπιδέκατον
882 3238 974 3293 τῆς
1015 3232 1142 3284 θεοῦ.
1222 3228 1420 3284 Eadem
1464 3246 1622 3301 opera
1660 3228 1870 3298 corrige
1911 3227 2085 3280 locum

108 3320 396 3376 Andocidis
454 3320 600 3377 Orat.
649 3320 737 3374 lV.
789 3324 840 3374 9.
902 3318 1055 3373 δεινὸν
1121 3319 1301 3386 νομίζω
1372 3318 1489 3378 τοὺς
1547 3319 1642 3384 μὲν
1702 3316 1927 3374 οὶλόντας
1986 3321 2087 3384 μιᾷ

107 3412 270 3477 ψήφῳ
309 3409 457 3473 μόνον
491 3410 823 3471 ἀποθνήσκειν
866 3408 951 3461 καὶ
995 3406 1066 3460 τοὶ
1102 3409 1359 3473 χρήματα
1403 3407 1728 3470 δημεύειν
1770 3406 1966 3465 αὐτῶν,
2011 3403 2087 3455 ἰη-
2145 3388 2150 3395 ’

111 3496 345 3567 telligam
383 3514 548 3567 quum
591 3498 854 3568 scriplum
897 3495 1000 3550 erit
1042 3495 1127 3548 καὶ
1176 3495 1247 3549 τα
1287 3497 1546 3561 χρήματα
1585 3493 1856 3559 δημόσι’
1917 3488 2085 3545 εἶναι

109 3590 291 3640 αὐτῶν.
377 3584 630 3638 Litterula
689 3602 789 3638 una
834 3583 923 3638 sed
968 3583 1265 3637 neccssaria
1324 3585 1480 3655 pei-iit
1541 3582 1738 3636 Hellen.
1787 3580 1822 3633 l.
1866 3596 1951 3634 vu.
2002 3582 2087 3633 19.

1682 3674 1724 3703 27
