2436 4068
1057 206 1164 258 297

197 350 455 422 Expunge
491 349 732 421 ineptum
765 350 1037 404 senarium
1070 359 1126 406 et
1161 353 1360 407 senties
1396 367 1557 424 quam
1592 351 1665 406 sit
1695 350 1844 406 locus
1877 350 1945 406 ad
1973 351 2097 407 hor-

119 453 296 492 rorem
346 436 736 508 spectatoribus
788 438 1160 494 incutiendum
1214 441 1392 494 acrior
1429 446 1483 494 et.
1522 456 1735 494 summo
1777 446 1930 511 poeta
1981 439 2099 511 dig-

119 526 253 579 nior.
336 527 546 597 Anceps
577 541 694 579 esse
739 524 886 579 dices
925 526 978 579 in
1034 526 1229 581 talibus
1270 527 1532 582 iudicium
1582 535 1636 582 et
1679 527 1783 583 alia
1823 527 1944 582 aliis
1983 527 2100 600 pla-

120 629 257 667 cere.
340 612 479 678 Quid
516 615 561 666 si
618 612 975 667 demonstrari
1015 620 1187 685 potest
1226 616 1280 668 in
1324 633 1387 670 eo
1428 615 1693 671 versiculo
1737 615 1949 687 antiqui
1992 631 2101 670 ser·

120 701 294 755 monis
344 701 511 754 Attici
560 717 719 755 usum
762 700 984 765 violari,
1026 702 1167 773 quod
1206 701 1531 768 histrioneS,
1585 721 1815 776 quorum
1857 704 1988 758 vitio
2028 702 2102 757 lo·

118 805 243 843 cum
295 786 645 859 depravatum
699 805 814 843 esse
870 788 1148 860 suspicor,
1209 806 1312 843 non
1353 791 1686 857 sentiebant,
1745 791 1839 847 sed
1895 797 2105 846 veteres

118 878 264 931 cives
302 877 508 931 Atticos
547 875 729 931 fallere
768 893 872 930 non
916 883 1141 948 poterat.
1221 877 1340 931 Dici
1376 878 1679 949 oportebat:
1721 880 1809 947 5ρῶ
1850 900 1908 935 σε
1941 878 2104 944 ὄντα,

118 982 292 1037 neque
351 964 457 1019 ullo
512 963 668 1018 modo
723 965 1071 1036 participium
1127 964 1312 1019 abesse
1368 972 1593 1036 poterat.
1673 966 1843 1034 Quam
1900 965 2105 1022 fuerint

117 1052 406 1108 histriones
452 1053 507 1107 in
551 1051 744 1106 talibus
784 1051 1020 1124 plumbei
1069 1059 1124 1107 et
1170 1069 1333 1124 quam
1384 1053 1513 1108 mali
1548 1061 1736 1126 poetae
1773 1055 1975 1127 optime
2014 1054 2104 1112 de-

119 1146 384 1195 monstrat
419 1140 567 1195 locus
606 1140 659 1193 in
696 1139 1070 1195 Andromache
1126 1157 1203 1195 vs·
1245 1145 1296 1196 6.

422 1229 647 1296 ζηλωτὸς
686 1226 738 1281 ἔν
777 1249 845 1293 γε
883 1230 955 1297 τῷ
994 1228 1110 1297 πρὶν
1148 1229 1484 1298 Ἀνδρομάχη
1523 1229 1725 1300 χρόνῳ,

416 1322 501 1371 νῦν
541 1318 621 1380 δ’,
661 1315 709 1370 εἴ
741 1336 821 1377 τις
858 1314 999 1379 ἄλλη
1022 1358 1037 1381 ,
1076 1318 1412 1386 δυςυχεςάτη
1450 1321 1601 1384 γυνή.

193 1404 411 1459 Constat
466 1403 755 1459 histriones
814 1403 879 1459 de
935 1422 1033 1460 suo
1089 1405 1368 1461 inficetum
1425 1406 1700 1462 senarium
1759 1405 1903 1462 hunc
1961 1405 2103 1462 adie-

119 1493 288 1547 cisse:
1339 1493 1342 1499 '

571 1582 696 1647 ἐμοῦ
737 1581 972 1650 πέφυκεν
1012 1583 1041 1646 ἢ
1082 1584 1366 1648 γενήσεταί
1403 1603 1547 1638 ποτε.

118 1669 185 1725 ad
225 1685 383 1741 quem
436 1675 641 1725 veteres
692 1670 878 1725 Critici
932 1679 1296 1727 annotarunt:
1355 1674 1398 1727 οἱ
1439 1671 1706 1740 ὑποκριταὶ
1764 1672 1851 1726 τὸν
1906 1671 2103 1738 ἴαμβον

117 1759 429 1827 προσέθηκαν
470 1758 840 1821 ὑπονοήσαντες
881 1757 1010 1814 εἶναι
1050 1762 1143 1823 τὴν
1181 1762 1394 1830 γραφήν
1419 1780 1431 1791 ·
1481 1765 1582 1815 νῦν
1636 1761 1703 1823 δὴ
1752 1761 1852 1821 τίς
1892 1758 2064 1823 ἄλλη
2089 1800 2104 1826 ,

120 1849 209 1903 καὶ
250 1847 366 1902 ἀντὶ
405 1851 495 1901 τοῦ
532 1852 860 1914 συγκριτικοῦ
908 1848 1345 1916 δυςυχεςοὲτη
1386 1849 1581 1917 <pne-lu:
1621 1881 1697 1890 -—
1739 1848 1830 1904 ubi
1872 1865 1968 1922 pro
2000 1855 2103 1920 φη·

119 1938 199 1991 σίν
238 1942 333 1990 aut
366 1934 626 2003 γραπτέον
667 1942 762 1989 aut
801 1936 975 1991 simile
1014 1935 1143 2007 quid
1183 1953 1374 1991 sensus
1415 1937 1661 2008 requirit.

195 2024 382 2094 ltaque
413 2023 491 2077 sic
531 2023 622 2076 isti
662 2022 838 2078 locum
878 2031 1263 2095 corruperant,
1306 2033 1366 2079 ut
1406 2024 1770 2080 scriberetur:

494 2116 579 2165 νῦν
619 2113 678 2174 δὴ
718 2113 798 2173 τίς
839 2111 979 2174 ἄλλη
1021 2114 1343 2181 δυςυχεςέροι
1383 2115 1513 2179 γυνή

497 2202 622 2266 ἐμοῦ
664 2200 870 2270 πέφυκε
910 2200 997 2255 καὶ
1037 2203 1321 2266 γενήσεταί
1358 2219 1516 2264 voa-63

118 2304 254 2360 quae
290 2305 451 2359 quam
501 2290 691 2343 vitiosa
740 2290 849 2343 sint
889 2290 1153 2344 sentimus
1206 2307 1423 2355 omneS,
1479 2297 1534 2345 at
1587 2290 1677 2344 isti
1729 2306 1832 2343 non
1870 2289 2102 2346 multum

119 2375 370 2431 videntur
408 2394 643 2431 curasse.
725 2377 800 2431 De
839 2376 1193 2432 histrionibus
1237 2379 1478 2434 carmina
1516 2378 1868 2450 Tragicorum
1906 2386 2107 2435 temere

27 2510 30 2513 Α
115 2465 502 2537 retingentibus
543 2473 598 2520 et
637 2466 848 2538 spurios
900 2482 1088 2520 versus
1137 2465 1518 2538 affingentibus
1572 2466 1788 2539 egregia
1835 2473 1915 2522 est
1955 2467 2107 2522 Valc-

11 2606 13 2610 .
116 2554 355 2608 kenaerii
405 2552 675 2608 adnotatio
715 2552 782 2607 ad
836 2552 1153 2609 Phoenissas
1209 2573 1284 2609 vs,
1332 2559 1492 2611 1286.
1575 2554 1875 2611 Luculenta
1923 2556 2109 2628 impri-

117 2642 222 2695 mis
274 2649 355 2696 est
403 2642 611 2713 antiqui
665 2641 889 2705 Critici,
949 2642 1324 2715 Aristophanis
1381 2644 1703 2717 Byzantini,
1768 2650 1828 2697 ut
1883 2643 2106 2715 opinor,

113 2730 391 2796 σημείωσις
433 2729 499 2784 ad
540 2728 762 2785 Oresten
807 2747 883 2783 νε.
928 2734 1317 2786 1566—1368.
1363 2738 1472 2786 tres
1509 2732 1748 2787 senarios
1787 2731 1853 2786 ab
1893 2731 2106 2787 histrio·

0 2815 33 2889 ’χ
119 2818 276 2873 nibus
317 2825 528 2873 assutos
563 2818 937 2889 redarguentis
977 2825 1029 2873 et
1064 2835 1280 2874 causam
1325 2818 1532 2874 fraudis
1573 2827 1828 2892 peracute
1864 2822 2106 2893 aperien-

34 2975 36 2978 .
117 2908 202 2962 tis.
282 2906 503 2962 Fecerat
560 2906 846 2978 Euripides
903 2906 1169 2979 Phrygem
1213 2906 1277 2962 de
1322 2925 1535 2964 summa
1584 2910 1771 2981 regia,
1815 2916 1876 2965 ut
1916 2926 2102 2966 necem

11 3015 40 3071 :³
117 2994 371 3066 effugeret
397 3037 412 3057 ‚
467 2996 812 3067 praecipitem
854 3012 911 3049 se
947 2994 1161 3051 dantem
1186 3039 1199 3061 ,
1244 2996 1403 3068 idque
1434 2998 1608 3069 ipsum
1655 2999 1708 3053 in
1745 3015 1957 3054 summa
1995 3006 2106 3054 tre·

12 3072 14 3085 '
115 3082 383 3155 pidatione
441 3084 630 3139 secisse
679 3099 734 3138 se
785 3082 1125 3139 clamantem.
1206 3084 1390 3157 Lepidi
1437 3085 1755 3152 histriones,
1810 3088 1901 3159 qui
1942 3087 2101 3143 male-

115 3171 244 3226 bant
285 3189 379 3245 per
418 3174 614 3227 ostium
653 3173 798 3227 exire
838 3172 980 3228 foras
1016 3190 1176 3245 quain
1220 3173 1284 3229 de
1326 3174 1433 3229 alto
1476 3181 1614 3230 tecto
1654 3175 1903 3240 desilire,
1947 3184 2004 3232 ut
2047 3175 2100 3229 id

118 3260 248 3314 satis
283 3261 559 3315 commode
599 3260 774 3315 facere
816 3269 1031 3333 possent
1083 3270 1191 3317 tres
1231 3264 1468 3317 senarios
1507 3262 1811 3319 conflarunt
1853 3265 2042 3320 hosce:

417 3350 563 3403 ἀλλὰ
588 3392 600 3410 ,
642 3358 833 3404 κτυπεῖ
867 3353 972 3418 γὰρ
1012 3354 1204 3419 κλῇθρα
1244 3351 1525 3417 βασιλείων
1566 3352 1767 3418 δόμων,

419 3441 665 3503 σιγήσατ’
690 3480 702 3501 ,
743 3437 835 3501 ἔξω
878 3439 982 3506 γάρ
1022 3460 1099 3500 τις
1141 3441 1370 3506 ἐκβαίνει
1414 3443 1624 3508 Φρυγῶν
1648 3483 1662 3502 ,

421 3523 477 3578 οὗ
516 3527 844 3591 πευσόμεσθα
881 3530 980 3582 ’τοέν
1020 3529 1189 3594 δόμοις
1229 3526 1363 3589 ὅπως
1405 3528 1536 3597 ἔχει.

118 3620 324 3667 caetera
380 3621 554 3667 tamen
602 3615 797 3669 intacta
842 3615 1210 3685 reliquerunt,
1257 3616 1394 3673 unde
1434 3617 1578 3671 fraus
1622 3614 1882 3687 perpluit:
1941 3614 1998 3678 ἐξ
2036 3614 2098 3669 ὧν

1707 3711 1748 3739 23
