<?xml version="1.0" encoding="UTF-8"?>
<!DOCTYPE html PUBLIC "-//W3C//DTD XHTML 1.0 Transitional//EN"
    "http://www.w3.org/TR/xhtml1/DTD/xhtml1-transitional.dtd">
<html xmlns="http://www.w3.org/1999/xhtml" xml:lang="en" lang="en">
 <head>
  <title>
</title>
<meta http-equiv="Content-Type" content="text/html;charset=utf-8" />
  <meta name='ocr-system' content='tesseract 3.04.00' />
  <meta name='ocr-capabilities' content='ocr_page ocr_carea ocr_par ocr_line ocrx_word'/>
</head>
<body>
  <div class='ocr_page' id='page_1' title='image "./novaelectionesqu00cobeuoft/novaelectionesqu00cobeuoft_0196.png"; bbox 0 0 2436 4068; ppageno 0'>
   <div class='ocr_carea' id='block_1_1' title="bbox 1323 233 1426 283">
    <p class='ocr_par' dir='ltr' id='par_1_1' title="bbox 1323 233 1426 283">
     <span class='ocr_line' id='line_1_1' title="bbox 1323 233 1426 283; baseline 0.01 -1"><span class='ocrx_word' id='word_1_1' title='bbox 1323 233 1426 283; x_wconf 71' lang='lat'>162</span> 
     </span>
    </p>
   </div>
   <div class='ocr_carea' id='block_1_2' title="bbox 387 375 2436 3691">
    <p class='ocr_par' dir='ltr' id='par_1_2' title="bbox 387 375 2379 710">
     <span class='ocr_line' id='line_1_2' title="bbox 387 375 2366 446; baseline 0.003 -17"><span class='ocrx_word' id='word_1_2' title='bbox 387 376 497 443; x_wconf 80' lang='grc' dir='ltr'><em>ρωθι</em></span> <span class='ocrx_word' id='word_1_3' title='bbox 538 375 590 430; x_wconf 81' lang='grc' dir='ltr'>δὲ</span> <span class='ocrx_word' id='word_1_4' title='bbox 629 377 752 444; x_wconf 69' lang='grc' dir='ltr'><em>ἀνὴρ</em></span> <span class='ocrx_word' id='word_1_5' title='bbox 791 375 1166 441; x_wconf 71' lang='grc' dir='ltr'>ἐγγέγλυπται</span> <span class='ocrx_word' id='word_1_6' title='bbox 1215 382 1269 429; x_wconf 86' lang='lat' dir='ltr'>et</span> <span class='ocrx_word' id='word_1_7' title='bbox 1310 380 1416 430; x_wconf 85' lang='lat'>148</span> <span class='ocrx_word' id='word_1_8' title='bbox 1461 377 1515 430; x_wconf 83' lang='grc' dir='ltr'>ἐν</span> <span class='ocrx_word' id='word_1_9' title='bbox 1553 385 1618 446; x_wconf 70' lang='grc' dir='ltr'><em>τῇ</em></span> <span class='ocrx_word' id='word_1_10' title='bbox 1659 377 1763 445; x_wconf 76' lang='grc' dir='ltr'><em>ζῷα</em></span> <span class='ocrx_word' id='word_1_11' title='bbox 1801 378 2026 444; x_wconf 74' lang='grc' dir='ltr'><em>μεγάλα</em></span> <span class='ocrx_word' id='word_1_12' title='bbox 2059 380 2366 446; x_wconf 67' lang='grc' dir='ltr'><em>ἐγγέγλυπ·</em></span> 
     </span>
     <span class='ocr_line' id='line_1_3' title="bbox 391 462 2374 536; baseline 0.003 -19"><span class='ocrx_word' id='word_1_13' title='bbox 391 485 480 518; x_wconf 84' lang='grc' dir='ltr'>ται</span> <span class='ocrx_word' id='word_1_14' title='bbox 530 471 582 518; x_wconf 89' lang='lat' dir='ltr'>et</span> <span class='ocrx_word' id='word_1_15' title='bbox 623 464 834 536; x_wconf 91' lang='lat' dir='ltr'>saepius</span> <span class='ocrx_word' id='word_1_16' title='bbox 884 463 1026 517; x_wconf 89' lang='lat' dir='ltr'>alibi.</span> <span class='ocrx_word' id='word_1_17' title='bbox 1106 462 1360 534; x_wconf 83' lang='lat' dir='ltr'>Suspicor</span> <span class='ocrx_word' id='word_1_18' title='bbox 1409 472 1873 519; x_wconf 84' lang='grc' dir='ltr'><strong>ΕΝΕΓΛΤΠΤΑΙ</strong></span> <span class='ocrx_word' id='word_1_19' title='bbox 1925 469 2219 536; x_wconf 85' lang='lat' dir='ltr'>genuinum</span> <span class='ocrx_word' id='word_1_20' title='bbox 2257 486 2374 523; x_wconf 87' lang='lat' dir='ltr'>esse</span> 
     </span>
     <span class='ocr_line' id='line_1_4' title="bbox 394 550 2379 623; baseline 0.002 -17"><span class='ocrx_word' id='word_1_21' title='bbox 394 558 449 606; x_wconf 88' lang='lat' dir='ltr'>et</span> <span class='ocrx_word' id='word_1_22' title='bbox 504 551 757 622; x_wconf 87' lang='lat' dir='ltr'>probum,</span> <span class='ocrx_word' id='word_1_23' title='bbox 814 550 1060 605; x_wconf 80' lang='lat' dir='ltr'><strong>librarios</strong></span> <span class='ocrx_word' id='word_1_24' title='bbox 1113 550 1182 604; x_wconf 87' lang='lat' dir='ltr'>ad</span> <span class='ocrx_word' id='word_1_25' title='bbox 1240 550 1294 604; x_wconf 83' lang='lat' dir='ltr'>id</span> <span class='ocrx_word' id='word_1_26' title='bbox 1334 551 1475 622; x_wconf 88' lang='lat' dir='ltr'>quod</span> <span class='ocrx_word' id='word_1_27' title='bbox 1514 551 1753 606; x_wconf 86' lang='lat' dir='ltr'>solebant</span> <span class='ocrx_word' id='word_1_28' title='bbox 1795 552 1896 623; x_wconf 87' lang='lat' dir='ltr'>ipsi</span> <span class='ocrx_word' id='word_1_29' title='bbox 1936 553 2113 609; x_wconf 83' lang='lat' dir='ltr'>dicere</span> <span class='ocrx_word' id='word_1_30' title='bbox 2150 555 2379 610; x_wconf 85' lang='lat' dir='ltr'>subinde</span> 
     </span>
     <span class='ocr_line' id='line_1_5' title="bbox 399 638 808 710; baseline -0.002 -18"><span class='ocrx_word' id='word_1_31' title='bbox 399 638 640 710; x_wconf 88' lang='lat' dir='ltr'>delapsos</span> <span class='ocrx_word' id='word_1_32' title='bbox 678 655 808 692; x_wconf 88' lang='lat' dir='ltr'>esse.</span> 
     </span>
    </p>

    <p class='ocr_par' dir='ltr' id='par_1_3' title="bbox 401 725 2380 974">
     <span class='ocr_line' id='line_1_6' title="bbox 479 725 2377 801; baseline 0.003 -23"><span class='ocrx_word' id='word_1_33' title='bbox 479 727 657 797; x_wconf 80' lang='lat' dir='ltr'>Quum</span> <span class='ocrx_word' id='word_1_34' title='bbox 693 725 850 796; x_wconf 83' lang='lat' dir='ltr'>longo</span> <span class='ocrx_word' id='word_1_35' title='bbox 895 741 1000 780; x_wconf 89' lang='lat' dir='ltr'>usu</span> <span class='ocrx_word' id='word_1_36' title='bbox 1047 726 1365 794; x_wconf 83' lang='grc' dir='ltr'><em>γέγλυμμαι</em></span> <span class='ocrx_word' id='word_1_37' title='bbox 1416 726 1730 781; x_wconf 77' lang='lat' dir='ltr'>invaluisset</span> <span class='ocrx_word' id='word_1_38' title='bbox 1772 727 1978 781; x_wconf 88' lang='lat' dir='ltr'>exstitit</span> <span class='ocrx_word' id='word_1_39' title='bbox 2021 728 2242 800; x_wconf 83' lang='lat' dir='ltr'>aliquiS,</span> <span class='ocrx_word' id='word_1_40' title='bbox 2282 730 2377 801; x_wconf 86' lang='lat' dir='ltr'>qui</span> 
     </span>
     <span class='ocr_line' id='line_1_7' title="bbox 404 813 2380 888; baseline 0.003 -22"><span class='ocrx_word' id='word_1_41' title='bbox 404 821 636 868; x_wconf 85' lang='lat' dir='ltr'>veterem</span> <span class='ocrx_word' id='word_1_42' title='bbox 675 830 832 867; x_wconf 88' lang='lat' dir='ltr'>usum</span> <span class='ocrx_word' id='word_1_43' title='bbox 881 813 1248 870; x_wconf 86' lang='lat' dir='ltr'>demonstrare</span> <span class='ocrx_word' id='word_1_44' title='bbox 1299 814 1479 869; x_wconf 92' lang='lat' dir='ltr'>volens</span> <span class='ocrx_word' id='word_1_45' title='bbox 1524 813 1801 886; x_wconf 81' lang='lat' dir='ltr'>Eupolidis</span> <span class='ocrx_word' id='word_1_46' title='bbox 1848 831 2063 871; x_wconf 89' lang='lat' dir='ltr'>versum</span> <span class='ocrx_word' id='word_1_47' title='bbox 2102 818 2380 888; x_wconf 79' lang='lat' dir='ltr'>apposuit,</span> 
     </span>
     <span class='ocr_line' id='line_1_8' title="bbox 401 900 1618 974; baseline 0.002 -19"><span class='ocrx_word' id='word_1_48' title='bbox 401 918 569 971; x_wconf 85' lang='lat' dir='ltr'>quum</span> <span class='ocrx_word' id='word_1_49' title='bbox 608 902 795 972; x_wconf 88' lang='lat' dir='ltr'>quovis</span> <span class='ocrx_word' id='word_1_50' title='bbox 833 900 936 955; x_wconf 88' lang='lat' dir='ltr'>alio</span> <span class='ocrx_word' id='word_1_51' title='bbox 970 909 1188 957; x_wconf 85' lang='lat' dir='ltr'>auctore</span> <span class='ocrx_word' id='word_1_52' title='bbox 1223 903 1304 957; x_wconf 85' lang='lat' dir='ltr'>uti</span> <span class='ocrx_word' id='word_1_53' title='bbox 1339 903 1618 974; x_wconf 87' lang='lat' dir='ltr'>potuisset.</span> 
     </span>
    </p>

    <p class='ocr_par' dir='ltr' id='par_1_4' title="bbox 476 988 1382 1062">
     <span class='ocr_line' id='line_1_9' title="bbox 476 988 1382 1062; baseline 0 -19"><span class='ocrx_word' id='word_1_54' title='bbox 476 988 818 1062; x_wconf 78' lang='lat' dir='ltr'>Phrynichus</span> <span class='ocrx_word' id='word_1_55' title='bbox 856 989 1052 1047; x_wconf 88' lang='lat' dir='ltr'>Athen.</span> <span class='ocrx_word' id='word_1_56' title='bbox 1093 1008 1144 1062; x_wconf 88' lang='lat' dir='ltr'>p.</span> <span class='ocrx_word' id='word_1_57' title='bbox 1181 995 1287 1046; x_wconf 84' lang='lat'>474</span> <span class='ocrx_word' id='word_1_58' title='bbox 1325 991 1382 1044; x_wconf 92' lang='lat' dir='ltr'>B.</span> 
     </span>
    </p>

    <p class='ocr_par' dir='ltr' id='par_1_5' title="bbox 401 1076 2383 1586">
     <span class='ocr_line' id='line_1_10' title="bbox 706 1076 2077 1146; baseline 0 -14"><span class='ocrx_word' id='word_1_59' title='bbox 706 1079 889 1132; x_wconf 77' lang='grc' dir='ltr'><em>ἑκατὸν</em></span> <span class='ocrx_word' id='word_1_60' title='bbox 928 1077 993 1132; x_wconf 67' lang='grc' dir='ltr'>ἂν</span> <span class='ocrx_word' id='word_1_61' title='bbox 1032 1086 1125 1142; x_wconf 76' lang='grc' dir='ltr'><em>τῆς</em></span> <span class='ocrx_word' id='word_1_62' title='bbox 1165 1078 1357 1146; x_wconf 73' lang='grc' dir='ltr'><em>ἡμέρας</em></span> <span class='ocrx_word' id='word_1_63' title='bbox 1392 1076 1595 1132; x_wconf 75' lang='grc' dir='ltr'><em>ἔκλαιεν</em></span> <span class='ocrx_word' id='word_1_64' title='bbox 1628 1076 1756 1133; x_wconf 80' lang='grc' dir='ltr'><em>οἴνου</em></span> <span class='ocrx_word' id='word_1_65' title='bbox 1785 1077 2077 1146; x_wconf 71' lang='grc' dir='ltr'><em>κανθάρους.</em></span> 
     </span>
     <span class='ocr_line' id='line_1_11' title="bbox 402 1163 2381 1238; baseline 0.002 -20"><span class='ocrx_word' id='word_1_66' title='bbox 402 1163 710 1218; x_wconf 85' lang='lat' dir='ltr'>Absurdum</span> <span class='ocrx_word' id='word_1_67' title='bbox 751 1182 868 1220; x_wconf 89' lang='lat' dir='ltr'>esse</span> <span class='ocrx_word' id='word_1_68' title='bbox 907 1165 1109 1220; x_wconf 81' lang='grc' dir='ltr'><em>ἔκλαιεν</em></span> <span class='ocrx_word' id='word_1_69' title='bbox 1155 1183 1311 1221; x_wconf 87' lang='lat' dir='ltr'>nemo</span> <span class='ocrx_word' id='word_1_70' title='bbox 1352 1171 1528 1236; x_wconf 83' lang='lat' dir='ltr'>negat.</span> <span class='ocrx_word' id='word_1_71' title='bbox 1588 1165 1884 1220; x_wconf 88' lang='lat' dir='ltr'>Meinckius</span> <span class='ocrx_word' id='word_1_72' title='bbox 1922 1167 2124 1238; x_wconf 88' lang='lat' dir='ltr'>recepit</span> <span class='ocrx_word' id='word_1_73' title='bbox 2161 1166 2381 1222; x_wconf 89' lang='lat' dir='ltr'>Letron-</span> 
     </span>
     <span class='ocr_line' id='line_1_12' title="bbox 404 1251 2382 1326; baseline 0.002 -22"><span class='ocrx_word' id='word_1_74' title='bbox 404 1253 480 1305; x_wconf 89' lang='lat' dir='ltr'>nii</span> <span class='ocrx_word' id='word_1_75' title='bbox 525 1251 695 1306; x_wconf 81' lang='lat' dir='ltr'>levem</span> <span class='ocrx_word' id='word_1_76' title='bbox 747 1253 1228 1308; x_wconf 87' lang='lat' dir='ltr'>correctiunculam</span> <span class='ocrx_word' id='word_1_77' title='bbox 1268 1252 1447 1314; x_wconf 79' lang='grc' dir='ltr'><em>ἔκαεν;</em></span> <span class='ocrx_word' id='word_1_78' title='bbox 1485 1252 1577 1307; x_wconf 90' lang='lat' dir='ltr'>sed</span> <span class='ocrx_word' id='word_1_79' title='bbox 1616 1252 1764 1306; x_wconf 87' lang='lat' dir='ltr'>aliud</span> <span class='ocrx_word' id='word_1_80' title='bbox 1802 1260 1883 1307; x_wconf 91' lang='lat' dir='ltr'>est</span> <span class='ocrx_word' id='word_1_81' title='bbox 1921 1255 2120 1316; x_wconf 72' lang='grc' dir='ltr'><em>ὀπτᾶν,</em></span> <span class='ocrx_word' id='word_1_82' title='bbox 2162 1255 2382 1326; x_wconf 86' lang='lat' dir='ltr'>opinor,</span> 
     </span>
     <span class='ocr_line' id='line_1_13' title="bbox 405 1339 2382 1412; baseline 0.003 -19"><span class='ocrx_word' id='word_1_83' title='bbox 405 1339 550 1393; x_wconf 87' lang='lat' dir='ltr'>aliud</span> <span class='ocrx_word' id='word_1_84' title='bbox 585 1340 752 1406; x_wconf 72' lang='grc' dir='ltr'><em>κάειν,</em></span> <span class='ocrx_word' id='word_1_85' title='bbox 793 1348 846 1395; x_wconf 89' lang='lat' dir='ltr'>et</span> <span class='ocrx_word' id='word_1_86' title='bbox 878 1342 1004 1412; x_wconf 88' lang='lat' dir='ltr'>quia</span> <span class='ocrx_word' id='word_1_87' title='bbox 1026 1341 1156 1395; x_wconf 88' lang='lat' dir='ltr'>haec</span> <span class='ocrx_word' id='word_1_88' title='bbox 1181 1340 1382 1395; x_wconf 85' lang='lat' dir='ltr'>dicitur</span> <span class='ocrx_word' id='word_1_89' title='bbox 1417 1339 1604 1395; x_wconf 85' lang='lat' dir='ltr'>secisse</span> <span class='ocrx_word' id='word_1_90' title='bbox 1643 1340 2050 1395; x_wconf 81' lang='lat' dir='ltr'><strong>Chaerestratus</strong></span> <span class='ocrx_word' id='word_1_91' title='bbox 2089 1343 2382 1409; x_wconf 82' lang='grc' dir='ltr'><em>κεραμεύων</em></span> 
     </span>
     <span class='ocr_line' id='line_1_14' title="bbox 401 1427 2383 1500; baseline 0.002 -20"><span class='ocrx_word' id='word_1_92' title='bbox 401 1427 520 1482; x_wconf 77' lang='grc' dir='ltr'><em>οἴκοι</em></span> <span class='ocrx_word' id='word_1_93' title='bbox 561 1429 827 1497; x_wconf 81' lang='grc' dir='ltr'><em>σωφρόνως</em></span> <span class='ocrx_word' id='word_1_94' title='bbox 868 1429 1111 1500; x_wconf 86' lang='lat' dir='ltr'>suspicor</span> <span class='ocrx_word' id='word_1_95' title='bbox 1151 1445 1247 1499; x_wconf 87' lang='lat' dir='ltr'>pro</span> <span class='ocrx_word' id='word_1_96' title='bbox 1283 1427 1487 1482; x_wconf 83' lang='grc' dir='ltr'><em>ἔκλαιεν</em></span> <span class='ocrx_word' id='word_1_97' title='bbox 1527 1427 1891 1500; x_wconf 90' lang='lat' dir='ltr'>reponendum</span> <span class='ocrx_word' id='word_1_98' title='bbox 1932 1444 2048 1483; x_wconf 88' lang='lat' dir='ltr'>esse</span> <span class='ocrx_word' id='word_1_99' title='bbox 2086 1428 2383 1495; x_wconf 82' lang='grc' dir='ltr'><em>ἔπλαττεν,</em></span> 
     </span>
     <span class='ocr_line' id='line_1_15' title="bbox 403 1515 1472 1586; baseline 0 -17"><span class='ocrx_word' id='word_1_100' title='bbox 403 1515 545 1586; x_wconf 87' lang='lat' dir='ltr'>quod</span> <span class='ocrx_word' id='word_1_101' title='bbox 584 1515 708 1570; x_wconf 89' lang='lat' dir='ltr'>boni</span> <span class='ocrx_word' id='word_1_102' title='bbox 743 1517 1001 1584; x_wconf 79' lang='grc' dir='ltr'><em>κεραμέως</em></span> <span class='ocrx_word' id='word_1_103' title='bbox 1041 1516 1334 1571; x_wconf 88' lang='lat' dir='ltr'>artificium</span> <span class='ocrx_word' id='word_1_104' title='bbox 1374 1523 1472 1570; x_wconf 87' lang='lat' dir='ltr'>est.</span> 
     </span>
    </p>

    <p class='ocr_par' dir='ltr' id='par_1_6' title="bbox 404 1602 2389 2820">
     <span class='ocr_line' id='line_1_16' title="bbox 481 1602 2379 1676; baseline 0.002 -20"><span class='ocrx_word' id='word_1_105' title='bbox 481 1603 775 1676; x_wconf 84' lang='lat' dir='ltr'>Phrynichi</span> <span class='ocrx_word' id='word_1_106' title='bbox 833 1603 1196 1675; x_wconf 79' lang='lat' dir='ltr'><strong>fragmentum</strong></span> <span class='ocrx_word' id='word_1_107' title='bbox 1249 1605 1307 1658; x_wconf 81' lang='grc' dir='ltr'><em>ἐκ</em></span> <span class='ocrx_word' id='word_1_108' title='bbox 1354 1608 1451 1658; x_wconf 80' lang='grc' dir='ltr'><em>τῶν</em></span> <span class='ocrx_word' id='word_1_109' title='bbox 1503 1603 1746 1670; x_wconf 79' lang='grc' dir='ltr'><em>Σατύρων</em></span> <span class='ocrx_word' id='word_1_110' title='bbox 1805 1602 1947 1674; x_wconf 85' lang='lat' dir='ltr'>apud</span> <span class='ocrx_word' id='word_1_111' title='bbox 2006 1606 2379 1675; x_wconf 83' lang='lat' dir='ltr'>cognominem</span> 
     </span>
     <span class='ocr_line' id='line_1_17' title="bbox 405 1690 2378 1764; baseline 0.002 -20"><span class='ocrx_word' id='word_1_112' title='bbox 405 1691 830 1745; x_wconf 85' lang='lat' dir='ltr'>Grammaticum</span> <span class='ocrx_word' id='word_1_113' title='bbox 869 1693 1101 1763; x_wconf 86' lang='lat' dir='ltr'>Epitom.</span> <span class='ocrx_word' id='word_1_114' title='bbox 1139 1710 1193 1763; x_wconf 88' lang='lat' dir='ltr'>p.</span> <span class='ocrx_word' id='word_1_115' title='bbox 1233 1695 1340 1746; x_wconf 74' lang='lat'>266</span> <span class='ocrx_word' id='word_1_116' title='bbox 1381 1691 1504 1746; x_wconf 88' lang='lat' dir='ltr'>Loh.</span> <span class='ocrx_word' id='word_1_117' title='bbox 1538 1690 1721 1744; x_wconf 89' lang='lat' dir='ltr'>abiicit</span> <span class='ocrx_word' id='word_1_118' title='bbox 1758 1690 2083 1755; x_wconf 88' lang='lat' dir='ltr'>Meinekius‚</span> <span class='ocrx_word' id='word_1_119' title='bbox 2124 1694 2378 1764; x_wconf 88' lang='lat' dir='ltr'>quoniam</span> 
     </span>
     <span class='ocr_line' id='line_1_18' title="bbox 406 1778 2383 1852; baseline 0.002 -20"><span class='ocrx_word' id='word_1_120' title='bbox 406 1798 507 1833; x_wconf 69' lang='lat' dir='ltr'>»eat</span> <span class='ocrx_word' id='word_1_121' title='bbox 553 1780 796 1851; x_wconf 79' lang='lat' dir='ltr'>pluribus</span> <span class='ocrx_word' id='word_1_122' title='bbox 845 1780 1208 1852; x_wconf 77' lang='lat' dir='ltr'>Aristophanis</span> <span class='ocrx_word' id='word_1_123' title='bbox 1255 1780 1379 1833; x_wconf 83' lang='lat' dir='ltr'>locis</span> <span class='ocrx_word' id='word_1_124' title='bbox 1423 1787 1613 1832; x_wconf 81' lang='lat' dir='ltr'>temere</span> <span class='ocrx_word' id='word_1_125' title='bbox 1664 1778 1943 1848; x_wconf 76' lang='lat' dir='ltr'>conflatum</span> <span class='ocrx_word' id='word_1_126' title='bbox 1988 1787 2090 1844; x_wconf 78' lang='lat' dir='ltr'>est,</span> <span class='ocrx_word' id='word_1_127' title='bbox 2141 1788 2197 1833; x_wconf 77' lang='lat' dir='ltr'>ut</span> <span class='ocrx_word' id='word_1_128' title='bbox 2247 1789 2383 1835; x_wconf 79' lang='lat' dir='ltr'>recle</span> 
     </span>
     <span class='ocr_line' id='line_1_19' title="bbox 404 1866 2384 1941; baseline 0.003 -22"><span class='ocrx_word' id='word_1_129' title='bbox 404 1867 533 1920; x_wconf 76' lang='lat' dir='ltr'>vidit</span> <span class='ocrx_word' id='word_1_130' title='bbox 571 1868 934 1939; x_wconf 75' lang='lat' dir='ltr'>Dindorfius.&#39;&#39;</span> <span class='ocrx_word' id='word_1_131' title='bbox 995 1867 1335 1941; x_wconf 83' lang='lat' dir='ltr'>Phrynichus</span> <span class='ocrx_word' id='word_1_132' title='bbox 1369 1867 1446 1920; x_wconf 89' lang='lat' dir='ltr'>sic</span> <span class='ocrx_word' id='word_1_133' title='bbox 1480 1866 1668 1920; x_wconf 82' lang='lat' dir='ltr'>scribit</span> <span class='ocrx_word' id='word_1_134' title='bbox 1700 1883 1824 1920; x_wconf 92' lang='lat' dir='ltr'>cum</span> <span class='ocrx_word' id='word_1_135' title='bbox 1859 1866 2086 1921; x_wconf 90' lang='lat' dir='ltr'>ridicula</span> <span class='ocrx_word' id='word_1_136' title='bbox 2118 1870 2384 1939; x_wconf 81' lang='lat' dir='ltr'>gravilate</span> 
     </span>
     <span class='ocr_line' id='line_1_20' title="bbox 407 1953 2381 2023; baseline 0.002 -15"><span class='ocrx_word' id='word_1_137' title='bbox 407 1961 469 2008; x_wconf 86' lang='lat' dir='ltr'>ut</span> <span class='ocrx_word' id='word_1_138' title='bbox 507 1955 661 2010; x_wconf 83' lang='lat' dir='ltr'>solet:</span> <span class='ocrx_word' id='word_1_139' title='bbox 701 1956 1279 2023; x_wconf 77' lang='grc' dir='ltr'><em>Εὐαγγελίζομαί</em></span> <span class='ocrx_word' id='word_1_140' title='bbox 1316 1974 1414 2008; x_wconf 74' lang='grc' dir='ltr'><em>σεε</em></span> <span class='ocrx_word' id='word_1_141' title='bbox 1456 1954 1542 2008; x_wconf 79' lang='grc' dir='ltr'>καὶ</span> <span class='ocrx_word' id='word_1_142' title='bbox 1578 1954 1690 2021; x_wconf 78' lang='grc' dir='ltr'><em>περὶ</em></span> <span class='ocrx_word' id='word_1_143' title='bbox 1732 1953 1928 2016; x_wconf 77' lang='grc' dir='ltr'><em>ταύτης</em></span> <span class='ocrx_word' id='word_1_144' title='bbox 1962 1963 2055 2018; x_wconf 80' lang='grc' dir='ltr'><em>τῆς</em></span> <span class='ocrx_word' id='word_1_145' title='bbox 2090 1956 2381 2021; x_wconf 69' lang='grc' dir='ltr'><em>συντάξεως</em></span> 
     </span>
     <span class='ocr_line' id='line_1_21' title="bbox 405 2042 2389 2112; baseline -0.001 -17"><span class='ocrx_word' id='word_1_146' title='bbox 405 2044 839 2110; x_wconf 73' lang='grc' dir='ltr'><em>διασκεπτόμενος</em></span> <span class='ocrx_word' id='word_1_147' title='bbox 894 2045 975 2098; x_wconf 73' lang='grc' dir='ltr'>ἐπὶ</span> <span class='ocrx_word' id='word_1_148' title='bbox 1027 2045 1216 2111; x_wconf 80' lang='grc' dir='ltr'><em>συχνὸν</em></span> <span class='ocrx_word' id='word_1_149' title='bbox 1265 2044 1442 2106; x_wconf 79' lang='grc' dir='ltr'><em>δήτινα</em></span> <span class='ocrx_word' id='word_1_150' title='bbox 1491 2042 1669 2109; x_wconf 81' lang='grc' dir='ltr'><em>χρόνον</em></span> <span class='ocrx_word' id='word_1_151' title='bbox 1709 2042 1817 2096; x_wconf 77' lang='grc' dir='ltr'><em>εἴτε</em></span> <span class='ocrx_word' id='word_1_152' title='bbox 1855 2043 2119 2112; x_wconf 70' lang='grc' dir='ltr'><em>αἰτιατικῇ</em></span> <span class='ocrx_word' id='word_1_153' title='bbox 2163 2065 2389 2099; x_wconf 81' lang='grc' dir='ltr'><em>συντακ-.</em></span> 
     </span>
     <span class='ocr_line' id='line_1_22' title="bbox 405 2130 2381 2200; baseline 0.003 -17"><span class='ocrx_word' id='word_1_154' title='bbox 405 2131 516 2184; x_wconf 84' lang='grc' dir='ltr'>τὲον</span> <span class='ocrx_word' id='word_1_155' title='bbox 556 2135 685 2187; x_wconf 78' lang='grc' dir='ltr'><em>αὐτὸ</em></span> <span class='ocrx_word' id='word_1_156' title='bbox 725 2136 955 2196; x_wconf 80' lang='grc' dir='ltr'><em>πτώσει,</em></span> <span class='ocrx_word' id='word_1_157' title='bbox 997 2133 1102 2187; x_wconf 81' lang='grc' dir='ltr'><em>εἴτε</em></span> <span class='ocrx_word' id='word_1_158' title='bbox 1141 2134 1309 2200; x_wconf 70' lang='grc' dir='ltr'><em>δοτικῇ</em></span> <span class='ocrx_word' id='word_1_159' title='bbox 1355 2131 1563 2198; x_wconf 83' lang='grc' dir='ltr'><em>εὑρίσκω</em></span> <span class='ocrx_word' id='word_1_160' title='bbox 1610 2130 1752 2183; x_wconf 74' lang='grc' dir='ltr'><em>κατα</em></span> <span class='ocrx_word' id='word_1_161' title='bbox 1801 2132 1999 2194; x_wconf 72' lang='grc' dir='ltr'><em>δοτικὴν</em></span> <span class='ocrx_word' id='word_1_162' title='bbox 2052 2133 2381 2200; x_wconf 76' lang='grc' dir='ltr'><em>ἡρμοσμένον.</em></span> 
     </span>
     <span class='ocr_line' id='line_1_23' title="bbox 404 2217 2386 2290; baseline 0.002 -18"><span class='ocrx_word' id='word_1_163' title='bbox 404 2219 539 2273; x_wconf 89' lang='lat' dir='ltr'>Hem</span> <span class='ocrx_word' id='word_1_164' title='bbox 588 2227 808 2274; x_wconf 88' lang='lat' dir='ltr'>acutum</span> <span class='ocrx_word' id='word_1_165' title='bbox 864 2221 1134 2274; x_wconf 91' lang='lat' dir='ltr'>hominem</span> <span class='ocrx_word' id='word_1_166' title='bbox 1189 2226 1243 2273; x_wconf 88' lang='lat' dir='ltr'>et</span> <span class='ocrx_word' id='word_1_167' title='bbox 1299 2219 1499 2290; x_wconf 87' lang='lat' dir='ltr'>optime</span> <span class='ocrx_word' id='word_1_168' title='bbox 1564 2217 1761 2272; x_wconf 84' lang='lat' dir='ltr'>Graece</span> <span class='ocrx_word' id='word_1_169' title='bbox 1812 2219 2086 2273; x_wconf 85' lang='lat' dir='ltr'>scientem.</span> <span class='ocrx_word' id='word_1_170' title='bbox 2177 2221 2282 2275; x_wconf 88' lang='lat' dir='ltr'>Diu</span> <span class='ocrx_word' id='word_1_171' title='bbox 2331 2230 2386 2276; x_wconf 83' lang='lat' dir='ltr'>et</span> 
     </span>
     <span class='ocr_line' id='line_1_24' title="bbox 406 2305 2384 2379; baseline 0.002 -19"><span class='ocrx_word' id='word_1_172' title='bbox 406 2307 639 2361; x_wconf 88' lang='lat' dir='ltr'>multum</span> <span class='ocrx_word' id='word_1_173' title='bbox 697 2309 960 2379; x_wconf 88' lang='lat' dir='ltr'>quaesivit</span> <span class='ocrx_word' id='word_1_174' title='bbox 1006 2314 1190 2361; x_wconf 87' lang='lat' dir='ltr'>utrum</span> <span class='ocrx_word' id='word_1_175' title='bbox 1239 2305 1657 2372; x_wconf 81' lang='grc' dir='ltr'><em>εὐαγγελίζομαί</em></span> <span class='ocrx_word' id='word_1_176' title='bbox 1707 2327 1766 2358; x_wconf 82' lang='grc' dir='ltr'><em>σε</em></span> <span class='ocrx_word' id='word_1_177' title='bbox 1803 2321 1870 2359; x_wconf 90' lang='lat' dir='ltr'>an</span> <span class='ocrx_word' id='word_1_178' title='bbox 1911 2327 1984 2360; x_wconf 88' lang='grc' dir='ltr'>σοι</span> <span class='ocrx_word' id='word_1_179' title='bbox 2027 2315 2166 2362; x_wconf 89' lang='lat' dir='ltr'>essct</span> <span class='ocrx_word' id='word_1_180' title='bbox 2205 2308 2384 2364; x_wconf 90' lang='lat' dir='ltr'>dicen-</span> 
     </span>
     <span class='ocr_line' id='line_1_25' title="bbox 407 2393 2384 2467; baseline 0.002 -19"><span class='ocrx_word' id='word_1_181' title='bbox 407 2395 562 2459; x_wconf 84' lang='lat' dir='ltr'>dum,</span> <span class='ocrx_word' id='word_1_182' title='bbox 603 2397 756 2465; x_wconf 84' lang='lat' dir='ltr'>quasi</span> <span class='ocrx_word' id='word_1_183' title='bbox 806 2395 912 2450; x_wconf 88' lang='lat' dir='ltr'>ulla</span> <span class='ocrx_word' id='word_1_184' title='bbox 964 2396 1130 2467; x_wconf 82' lang='lat' dir='ltr'>possit</span> <span class='ocrx_word' id='word_1_185' title='bbox 1177 2412 1292 2449; x_wconf 87' lang='lat' dir='ltr'>esse</span> <span class='ocrx_word' id='word_1_186' title='bbox 1339 2393 1633 2456; x_wconf 78' lang='lat' dir='ltr'>dubitatio,</span> <span class='ocrx_word' id='word_1_187' title='bbox 1674 2393 1804 2463; x_wconf 90' lang='lat' dir='ltr'>quin</span> <span class='ocrx_word' id='word_1_188' title='bbox 1849 2395 2268 2464; x_wconf 81' lang='grc' dir='ltr'><em>εὐαγγελίζομαί</em></span> <span class='ocrx_word' id='word_1_189' title='bbox 2306 2399 2384 2452; x_wconf 88' lang='grc' dir='ltr'><em>σοι’</em></span> 
     </span>
     <span class='ocr_line' id='line_1_26' title="bbox 407 2482 2384 2556; baseline 0.001 -18"><span class='ocrx_word' id='word_1_190' title='bbox 407 2506 456 2538; x_wconf 90' lang='grc' dir='ltr'><em>τι</em></span> <span class='ocrx_word' id='word_1_191' title='bbox 498 2482 552 2536; x_wconf 87' lang='lat' dir='ltr'>id</span> <span class='ocrx_word' id='word_1_192' title='bbox 599 2490 679 2536; x_wconf 79' lang='lat' dir='ltr'>est</span> <span class='ocrx_word' id='word_1_193' title='bbox 727 2484 863 2551; x_wconf 83' lang='grc' dir='ltr'><em>φέρω</em></span> <span class='ocrx_word' id='word_1_194' title='bbox 910 2504 984 2538; x_wconf 87' lang='grc' dir='ltr'>σοι</span> <span class='ocrx_word' id='word_1_195' title='bbox 1033 2484 1300 2548; x_wconf 71' lang='grc' dir='ltr'><em>ἀγγελίαν</em></span> <span class='ocrx_word' id='word_1_196' title='bbox 1347 2484 1550 2548; x_wconf 73' lang='grc' dir='ltr'><em>οέγαθήν</em></span> <span class='ocrx_word' id='word_1_197' title='bbox 1597 2482 1754 2553; x_wconf 81' lang='lat' dir='ltr'>unice</span> <span class='ocrx_word' id='word_1_198' title='bbox 1801 2499 1985 2537; x_wconf 81' lang='lat' dir='ltr'>verum</span> <span class='ocrx_word' id='word_1_199' title='bbox 2034 2491 2200 2549; x_wconf 82' lang='lat' dir='ltr'>esset,</span> <span class='ocrx_word' id='word_1_200' title='bbox 2242 2485 2384 2556; x_wconf 84' lang='lat' dir='ltr'>quod</span> 
     </span>
     <span class='ocr_line' id='line_1_27' title="bbox 408 2569 2383 2643; baseline 0.002 -19"><span class='ocrx_word' id='word_1_201' title='bbox 408 2573 649 2625; x_wconf 88' lang='lat' dir='ltr'>omnium</span> <span class='ocrx_word' id='word_1_202' title='bbox 703 2572 958 2626; x_wconf 85' lang='lat' dir='ltr'>Veterum</span> <span class='ocrx_word' id='word_1_203' title='bbox 1006 2588 1137 2624; x_wconf 91' lang='lat' dir='ltr'>usus</span> <span class='ocrx_word' id='word_1_204' title='bbox 1190 2570 1487 2624; x_wconf 86' lang='lat' dir='ltr'>confirmat.</span> <span class='ocrx_word' id='word_1_205' title='bbox 1567 2569 1769 2624; x_wconf 88' lang='lat' dir='ltr'>Deinde</span> <span class='ocrx_word' id='word_1_206' title='bbox 1805 2569 1910 2624; x_wconf 86' lang='lat' dir='ltr'>duo</span> <span class='ocrx_word' id='word_1_207' title='bbox 1949 2572 2189 2643; x_wconf 88' lang='lat' dir='ltr'>exempla</span> <span class='ocrx_word' id='word_1_208' title='bbox 2228 2572 2383 2628; x_wconf 80' lang='lat' dir='ltr'>affert</span> 
     </span>
     <span class='ocr_line' id='line_1_28' title="bbox 410 2658 2383 2731; baseline 0.001 -17"><span class='ocrx_word' id='word_1_209' title='bbox 410 2677 471 2714; x_wconf 89' lang='lat' dir='ltr'>ex</span> <span class='ocrx_word' id='word_1_210' title='bbox 514 2660 684 2731; x_wconf 73' lang='lat' dir='ltr'>poetis</span> <span class='ocrx_word' id='word_1_211' title='bbox 719 2659 1020 2713; x_wconf 87' lang='lat' dir='ltr'>comoediae</span> <span class='ocrx_word' id='word_1_212' title='bbox 1060 2660 1327 2729; x_wconf 82' lang='lat' dir='ltr'>antiquae.</span> <span class='ocrx_word' id='word_1_213' title='bbox 1388 2658 1630 2712; x_wconf 89' lang='lat' dir='ltr'>Alterum</span> <span class='ocrx_word' id='word_1_214' title='bbox 1668 2658 2064 2729; x_wconf 83' lang='lat' dir='ltr'>Aristophanis:</span> <span class='ocrx_word' id='word_1_215' title='bbox 2106 2662 2383 2730; x_wconf 75' lang='grc' dir='ltr'><em>Ἀριςοφα-</em></span> 
     </span>
     <span class='ocr_line' id='line_1_29' title="bbox 411 2745 1967 2820; baseline -0.001 -19"><span class='ocrx_word' id='word_1_216' title='bbox 411 2768 520 2807; x_wconf 87' lang='grc' dir='ltr'><em>νους</em></span> <span class='ocrx_word' id='word_1_217' title='bbox 559 2749 653 2812; x_wconf 79' lang='grc' dir='ltr'><em>μὲν</em></span> <span class='ocrx_word' id='word_1_218' title='bbox 693 2745 818 2801; x_wconf 74' lang='grc' dir='ltr'><em>οὕτω</em></span> <span class='ocrx_word' id='word_1_219' title='bbox 855 2748 1096 2811; x_wconf 84' lang='grc' dir='ltr'><em>λέγοντος</em></span> <span class='ocrx_word' id='word_1_220' title='bbox 1132 2748 1182 2800; x_wconf 84' lang='grc' dir='ltr'>ἐν</span> <span class='ocrx_word' id='word_1_221' title='bbox 1223 2753 1327 2807; x_wconf 87' lang='grc' dir='ltr'><em>τοῖς</em></span> <span class='ocrx_word' id='word_1_222' title='bbox 1363 2751 1657 2801; x_wconf 76' lang='grc' dir='ltr'><em>Ἱππεῦσιν·</em></span> <span class='ocrx_word' id='word_1_223' title='bbox 1703 2747 1799 2820; x_wconf 81' lang='lat' dir='ltr'><strong>(VS.</strong></span> <span class='ocrx_word' id='word_1_224' title='bbox 1838 2746 1967 2819; x_wconf 77' lang='lat'>642)</span> 
     </span>
    </p>

    <p class='ocr_par' dir='ltr' id='par_1_7' title="bbox 711 2835 2436 2902">
     <span class='ocr_line' id='line_1_30' title="bbox 711 2835 2436 2902; baseline 0.001 -13"><span class='ocrx_word' id='word_1_225' title='bbox 711 2836 1182 2900; x_wconf 82' lang='grc' dir='ltr'><em>Εὐαγγελίσασθαι</em></span> <span class='ocrx_word' id='word_1_226' title='bbox 1218 2840 1409 2902; x_wconf 84' lang='grc' dir='ltr'><em>πρῶτος</em></span> <span class='ocrx_word' id='word_1_227' title='bbox 1450 2837 1568 2900; x_wconf 84' lang='grc' dir='ltr'><em>ὑμῖν</em></span> <span class='ocrx_word' id='word_1_228' title='bbox 1602 2835 1880 2900; x_wconf 81' lang='grc' dir='ltr'><em>βούλομαι.</em></span> <span class='ocrx_word' id='word_1_229' title='bbox 2434 2886 2436 2890; x_wconf 90' lang='grc'><em>,</em></span> 
     </span>
    </p>

    <p class='ocr_par' dir='ltr' id='par_1_8' title="bbox 414 2923 2433 3433">
     <span class='ocr_line' id='line_1_31' title="bbox 487 2923 2433 2996; baseline 0.002 -20"><span class='ocrx_word' id='word_1_230' title='bbox 487 2923 780 2996; x_wconf 83' lang='lat' dir='ltr'>Phrynichi</span> <span class='ocrx_word' id='word_1_231' title='bbox 821 2923 1078 2977; x_wconf 83' lang='lat' dir='ltr'>alterum:</span> <span class='ocrx_word' id='word_1_232' title='bbox 1123 2923 1369 2990; x_wconf 78' lang='grc' dir='ltr'><em>Φρυνίχου</em></span> <span class='ocrx_word' id='word_1_233' title='bbox 1411 2924 1461 2976; x_wconf 79' lang='grc' dir='ltr'>δὲ</span> <span class='ocrx_word' id='word_1_234' title='bbox 1501 2928 1590 2977; x_wconf 89' lang='grc' dir='ltr'><em>τοῦ</em></span> <span class='ocrx_word' id='word_1_235' title='bbox 1630 2923 1865 2991; x_wconf 76' lang='grc' dir='ltr'><em>κωμῳδοῦ</em></span> <span class='ocrx_word' id='word_1_236' title='bbox 1908 2924 1958 2976; x_wconf 81' lang='grc' dir='ltr'>ἐν</span> <span class='ocrx_word' id='word_1_237' title='bbox 1994 2930 2098 2984; x_wconf 86' lang='grc' dir='ltr'><em>τοῖς</em></span> <span class='ocrx_word' id='word_1_238' title='bbox 2133 2924 2380 2993; x_wconf 76' lang='grc' dir='ltr'><em>Σατύροις</em></span> <span class='ocrx_word' id='word_1_239' title='bbox 2432 2943 2433 2946; x_wconf 76' lang='grc'>’</span> 
     </span>
     <span class='ocr_line' id='line_1_32' title="bbox 414 3010 2381 3078; baseline 0.001 -12"><span class='ocrx_word' id='word_1_240' title='bbox 414 3010 598 3071; x_wconf 76' lang='grc' dir='ltr'><em>οὕτως’</em></span> <span class='ocrx_word' id='word_1_241' title='bbox 641 3013 748 3072; x_wconf 62' lang='grc' dir='ltr'><em>ὁτιὴ</em></span> <span class='ocrx_word' id='word_1_242' title='bbox 789 3011 900 3078; x_wconf 78' lang='grc' dir='ltr'><em>πρὶν</em></span> <span class='ocrx_word' id='word_1_243' title='bbox 940 3013 1101 3065; x_wconf 77' lang='grc' dir='ltr'><em>ἐλθεῖν</em></span> <span class='ocrx_word' id='word_1_244' title='bbox 1139 3013 1294 3065; x_wconf 79' lang='grc' dir='ltr'><em>αὐτὸν</em></span> <span class='ocrx_word' id='word_1_245' title='bbox 1334 3013 1404 3072; x_wconf 80' lang='grc' dir='ltr'><em>εἷς</em></span> <span class='ocrx_word' id='word_1_246' title='bbox 1437 3012 1629 3076; x_wconf 67' lang='grc' dir='ltr'><em>βουλὴν</em></span> <span class='ocrx_word' id='word_1_247' title='bbox 1668 3011 1762 3064; x_wconf 75' lang='grc' dir='ltr'><em>ἔδει</em></span> <span class='ocrx_word' id='word_1_248' title='bbox 1799 3011 1883 3064; x_wconf 78' lang='grc' dir='ltr'>καὶ</span> <span class='ocrx_word' id='word_1_249' title='bbox 1919 3013 2073 3064; x_wconf 88' lang='grc' dir='ltr'><em>ταῦτ’</em></span> <span class='ocrx_word' id='word_1_250' title='bbox 2111 3013 2381 3077; x_wconf 75' lang='grc' dir='ltr'><em>οέπαγγεί-</em></span> 
     </span>
     <span class='ocr_line' id='line_1_33' title="bbox 414 3099 2427 3167; baseline 0.001 -14"><span class='ocrx_word' id='word_1_251' title='bbox 414 3114 586 3153; x_wconf 92' lang='grc' dir='ltr'><em>λαντα</em></span> <span class='ocrx_word' id='word_1_252' title='bbox 622 3099 782 3152; x_wconf 77' lang='grc' dir='ltr'><em>ποὲλιν</em></span> <span class='ocrx_word' id='word_1_253' title='bbox 823 3101 941 3166; x_wconf 80' lang='grc' dir='ltr'><em>πρὸς</em></span> <span class='ocrx_word' id='word_1_254' title='bbox 976 3101 1059 3152; x_wconf 76' lang='grc' dir='ltr'><em>τὸν</em></span> <span class='ocrx_word' id='word_1_255' title='bbox 1091 3101 1195 3153; x_wconf 78' lang='grc' dir='ltr'><em>θεὸν</em></span> <span class='ocrx_word' id='word_1_256' title='bbox 1235 3100 1398 3164; x_wconf 72' lang='grc' dir='ltr'><em>ἥκειν,</em></span> <span class='ocrx_word' id='word_1_257' title='bbox 1439 3101 1537 3163; x_wconf 83' lang='grc' dir='ltr'>ἐγὼ</span> <span class='ocrx_word' id='word_1_258' title='bbox 1577 3099 1622 3151; x_wconf 90' lang='grc' dir='ltr'>δ’</span> <span class='ocrx_word' id='word_1_259' title='bbox 1662 3099 1887 3166; x_wconf 69' lang='grc' dir='ltr'><em>ἀπέδραν</em></span> <span class='ocrx_word' id='word_1_260' title='bbox 1926 3100 2108 3154; x_wconf 83' lang='grc' dir='ltr'><em>ἐκεῖνον</em></span> <span class='ocrx_word' id='word_1_261' title='bbox 2136 3100 2383 3167; x_wconf 84' lang='grc' dir='ltr'><em>δευριανὸν</em></span> <span class='ocrx_word' id='word_1_262' title='bbox 2415 3099 2427 3135; x_wconf 71' lang='lat'>·⁸</span> 
     </span>
     <span class='ocr_line' id='line_1_34' title="bbox 414 3186 2384 3257; baseline 0.001 -16"><span class='ocrx_word' id='word_1_263' title='bbox 414 3190 516 3242; x_wconf 75' lang='grc' dir='ltr'><em>δεῖε</em></span> <span class='ocrx_word' id='word_1_264' title='bbox 561 3189 611 3239; x_wconf 91' lang='lat' dir='ltr'>in</span> <span class='ocrx_word' id='word_1_265' title='bbox 649 3204 752 3256; x_wconf 85' lang='lat' dir='ltr'>quo</span> <span class='ocrx_word' id='word_1_266' title='bbox 783 3186 895 3240; x_wconf 93' lang='lat' dir='ltr'>loco</span> <span class='ocrx_word' id='word_1_267' title='bbox 929 3188 1142 3240; x_wconf 87' lang='lat' dir='ltr'>initium</span> <span class='ocrx_word' id='word_1_268' title='bbox 1186 3188 1434 3240; x_wconf 80' lang='lat' dir='ltr'>vitiosum</span> <span class='ocrx_word' id='word_1_269' title='bbox 1476 3193 1554 3239; x_wconf 88' lang='lat' dir='ltr'>est</span> <span class='ocrx_word' id='word_1_270' title='bbox 1600 3193 1652 3239; x_wconf 91' lang='lat' dir='ltr'>et</span> <span class='ocrx_word' id='word_1_271' title='bbox 1688 3186 1838 3250; x_wconf 87' lang='lat' dir='ltr'>finis,</span> <span class='ocrx_word' id='word_1_272' title='bbox 1879 3193 2152 3257; x_wconf 86' lang='lat' dir='ltr'>praeterea</span> <span class='ocrx_word' id='word_1_273' title='bbox 2187 3190 2384 3242; x_wconf 84' lang='lat' dir='ltr'>excidit</span> 
     </span>
     <span class='ocr_line' id='line_1_35' title="bbox 414 3273 2383 3344; baseline 0.001 -16"><span class='ocrx_word' id='word_1_274' title='bbox 414 3274 710 3329; x_wconf 79' lang='lat' dir='ltr'>versiculus</span> <span class='ocrx_word' id='word_1_275' title='bbox 749 3275 860 3343; x_wconf 87' lang='lat' dir='ltr'>ipse</span> <span class='ocrx_word' id='word_1_276' title='bbox 896 3275 946 3325; x_wconf 90' lang='lat' dir='ltr'>in</span> <span class='ocrx_word' id='word_1_277' title='bbox 984 3292 1086 3344; x_wconf 85' lang='lat' dir='ltr'>quo</span> <span class='ocrx_word' id='word_1_278' title='bbox 1119 3282 1258 3329; x_wconf 89' lang='lat' dir='ltr'>esset</span> <span class='ocrx_word' id='word_1_279' title='bbox 1293 3275 1376 3338; x_wconf 87' lang='lat' dir='ltr'>id,</span> <span class='ocrx_word' id='word_1_280' title='bbox 1416 3273 1761 3344; x_wconf 83' lang='lat' dir='ltr'>quamohrem</span> <span class='ocrx_word' id='word_1_281' title='bbox 1795 3273 1943 3327; x_wconf 87' lang='lat' dir='ltr'>locus</span> <span class='ocrx_word' id='word_1_282' title='bbox 1977 3273 2274 3330; x_wconf 85' lang='lat' dir='ltr'>afferretur.</span> <span class='ocrx_word' id='word_1_283' title='bbox 2322 3277 2383 3329; x_wconf 85' lang='lat' dir='ltr'>In</span> 
     </span>
     <span class='ocr_line' id='line_1_36' title="bbox 415 3361 2228 3433; baseline 0.002 -19"><span class='ocrx_word' id='word_1_284' title='bbox 415 3364 521 3425; x_wconf 66' lang='grc' dir='ltr'><em>ὁτιὴ</em></span> <span class='ocrx_word' id='word_1_285' title='bbox 556 3364 668 3431; x_wconf 88' lang='grc' dir='ltr'><em>πρίν</em></span> <span class='ocrx_word' id='word_1_286' title='bbox 699 3361 827 3432; x_wconf 88' lang='lat' dir='ltr'>quid</span> <span class='ocrx_word' id='word_1_287' title='bbox 867 3361 1028 3414; x_wconf 84' lang='lat' dir='ltr'>lateat</span> <span class='ocrx_word' id='word_1_288' title='bbox 1069 3380 1171 3416; x_wconf 92' lang='lat' dir='ltr'>non</span> <span class='ocrx_word' id='word_1_289' title='bbox 1210 3368 1420 3433; x_wconf 86' lang='lat' dir='ltr'>exputo.</span> <span class='ocrx_word' id='word_1_290' title='bbox 1499 3362 1714 3415; x_wconf 87' lang='lat' dir='ltr'>Caetera</span> <span class='ocrx_word' id='word_1_291' title='bbox 1755 3362 1830 3415; x_wconf 93' lang='lat' dir='ltr'>sic</span> <span class='ocrx_word' id='word_1_292' title='bbox 1867 3363 2228 3418; x_wconf 88' lang='lat' dir='ltr'>restituerim:</span> 
     </span>
    </p>

    <p class='ocr_par' dir='ltr' id='par_1_9' title="bbox 713 3449 2080 3691">
     <span class='ocr_line' id='line_1_37' title="bbox 1173 3449 1993 3514; baseline 0.001 -12"><span class='ocrx_word' id='word_1_293' title='bbox 1173 3452 1334 3505; x_wconf 83' lang='grc' dir='ltr'><em>ἐλθεῖν</em></span> <span class='ocrx_word' id='word_1_294' title='bbox 1368 3451 1520 3503; x_wconf 79' lang='grc' dir='ltr'><em>αὐτὸν</em></span> <span class='ocrx_word' id='word_1_295' title='bbox 1561 3451 1629 3509; x_wconf 77' lang='grc' dir='ltr'><em>εἷς</em></span> <span class='ocrx_word' id='word_1_296' title='bbox 1665 3451 1859 3514; x_wconf 70' lang='grc' dir='ltr'><em>βουλὴν</em></span> <span class='ocrx_word' id='word_1_297' title='bbox 1899 3449 1993 3503; x_wconf 79' lang='grc' dir='ltr'><em>ἔδει</em></span> 
     </span>
     <span class='ocr_line' id='line_1_38' title="bbox 714 3536 2080 3603; baseline 0.001 -13"><span class='ocrx_word' id='word_1_298' title='bbox 714 3537 799 3590; x_wconf 76' lang='grc' dir='ltr'><em>καὶ</em></span> <span class='ocrx_word' id='word_1_299' title='bbox 842 3540 993 3590; x_wconf 79' lang='grc' dir='ltr'><em>ταῦτ’</em></span> <span class='ocrx_word' id='word_1_300' title='bbox 1029 3539 1448 3601; x_wconf 66' lang='grc' dir='ltr'><em>ἀπαγγείλαντα</em></span> <span class='ocrx_word' id='word_1_301' title='bbox 1488 3536 1648 3590; x_wconf 76' lang='grc' dir='ltr'><em>παλιν</em></span> <span class='ocrx_word' id='word_1_302' title='bbox 1686 3539 1806 3603; x_wconf 79' lang='grc' dir='ltr'><em>πρὸς</em></span> <span class='ocrx_word' id='word_1_303' title='bbox 1847 3539 1930 3590; x_wconf 79' lang='grc' dir='ltr'><em>τὸν</em></span> <span class='ocrx_word' id='word_1_304' title='bbox 1976 3539 2080 3591; x_wconf 75' lang='grc' dir='ltr'><em>θεὸν</em></span> 
     </span>
     <span class='ocr_line' id='line_1_39' title="bbox 713 3622 1882 3691; baseline -0.001 -13"><span class='ocrx_word' id='word_1_305' title='bbox 713 3623 871 3687; x_wconf 73' lang='grc' dir='ltr'><em>ἥκειν.</em></span> <span class='ocrx_word' id='word_1_306' title='bbox 915 3626 1014 3689; x_wconf 79' lang='grc' dir='ltr'>ἐγὼ</span> <span class='ocrx_word' id='word_1_307' title='bbox 1055 3628 1096 3679; x_wconf 72' lang='grc' dir='ltr'>δ’</span> <span class='ocrx_word' id='word_1_308' title='bbox 1132 3627 1355 3691; x_wconf 76' lang='grc' dir='ltr'><em>οὲπέδραν</em></span> <span class='ocrx_word' id='word_1_309' title='bbox 1391 3628 1574 3680; x_wconf 84' lang='grc' dir='ltr'><em>ἐκεῖνον</em></span> <span class='ocrx_word' id='word_1_310' title='bbox 1614 3626 1760 3691; x_wconf 73' lang='grc' dir='ltr'><em>δεῦρ’,</em></span> <span class='ocrx_word' id='word_1_311' title='bbox 1803 3622 1882 3678; x_wconf 73' lang='grc' dir='ltr'><em>ἵνα</em></span> 
     </span>
    </p>
   </div>
  </div>
 </body>
</html>
