2436 4068
1041 253 1137 304 181

430 394 458 458 ἦ
496 398 598 463 μὴν
640 397 756 458 ἴσως
797 399 861 452 σὺ
902 398 1295 462 καταπλιγήσει
1335 398 1405 465 τῷ
1445 395 1625 465 χρόνῳ.

87 486 178 542 ubi
217 488 270 540 in
306 484 459 540 libris
489 492 571 540 est
618 488 1047 550 καταπληγήσει.
1130 485 1299 553 Quam
1338 484 1528 540 vellem
1573 500 1759 539 omnes
1810 485 2068 559 reliquias

85 583 179 636 τῆς
208 582 434 639 κωμικῆς
471 573 690 637 λέξεως,
730 591 867 644 quae
918 573 1060 645 apud
1112 573 1472 648 Hesychium,
1525 572 1777 628 Photium
1827 581 1882 629 et
1933 576 2066 632 alios

84 662 574 724 circumferuntur,
619 669 673 717 et
706 662 1043 716 Comicorum
1082 661 1400 725 versiculos,
1441 662 1534 733 qui
1573 661 1690 716 sine
1728 663 1944 719 nomine
1979 682 2066 719 vo·

82 751 270 815 litant,
310 751 403 806 sed
442 750 595 805 facile
636 756 1034 820 agnoscuntur,
1076 747 1294 803 adiiciat
1330 750 1525 822 aliquis
1566 750 1663 815 iis,
1702 767 1839 822 quae
1882 751 2067 807 erudi-

81 840 292 894 tissima
331 839 580 894 Meinekii
618 837 887 892 industria
922 835 1159 907 undique
1193 836 1412 892 collecta
1451 836 1627 892 lucido
1662 837 1849 894 ordine
1886 839 2068 913 dispo-

4 954 8 987 ὲ
81 929 208 983 suit.
287 928 512 999 Largam
551 941 776 980 messem
818 923 1118 998 Hesychius
1150 923 1334 978 sedulo
1371 942 1631 980 excussus
1674 927 1972 997 praebebit,
2013 939 2068 984 et

0 1030 9 1190 ἶ
79 1016 333 1082 Photius,
372 1022 426 1071 et
443 1014 670 1069 Bekkeri
698 1012 1002 1075 Anecdota‚
1036 1018 1090 1065 et
1112 1011 1520 1067 Proverbiorum
1561 1013 1891 1074 collectores,
1937 1018 2069 1086 Quis

1 1194 6 1231 ι

81 1103 290 1159 dubitet
322 1104 453 1176 quin
495 1103 690 1158 incerti
723 1101 923 1157 Comici
954 1098 1254 1155 versiculus
1289 1100 1362 1154 sit
1403 1100 1543 1174 apud
1587 1101 1837 1159 Photium
1877 1123 1925 1161 v.
1963 1128 2065 1162 πα-

81 1193 324 1261 pisctu-13·

35 1262 50 1349 ’ρ
374 1280 589 1346 ’Ἄνδρες
628 1280 888 1343 Ἑλλήνων
928 1276 1088 1346 ἄριςοι
1130 1277 1467 1343 καταβαλεῖν
1507 1278 1837 1346 παραςασιν,

81 1368 221 1443 quod
260 1367 588 1441 lepidissime
624 1367 831 1422 dictum
873 1373 956 1421 est
991 1366 1046 1418 in
1083 1363 1436 1420 Athenienses
1473 1368 1798 1434 φιλοδίκους,
1842 1377 1936 1424 aut

0 1414 5 1577 '
383 1459 497 1512 Οὐκ
535 1457 600 1512 ἂν
638 1456 928 1525 φθανοίμην
969 1455 1059 1517 τὴν
1098 1452 1375 1522 μάχαιραν
1415 1462 1739 1523 παρακονῶν,

80 1544 236 1601 modo
274 1544 480 1600 scribas
515 1544 795 1613 φθάνοιμι.
835 1549 931 1598 aut
968 1542 1332 1597 notissimum:

382 1636 462 1688 Οὐ
501 1635 697 1695 παντὸς
734 1633 908 1699 ἀνδρὸς
947 1632 999 1691 ἐς
1040 1629 1263 1699 Κόρινθον
1303 1630 1406 1685 ἔσθ’
1447 1633 1470 1684 ὁ
1512 1636 1692 1694 πλοῦς.

40 1725 43 1732 ’
77 1729 202 1778 aut:

0 1799 2 1857 3
379 1811 540 1865 Οὐδὲν
577 1815 758 1879 φρονεῖ
791 1809 980 1864 δίκαιον
1021 1809 1209 1868 §cvncta
1249 1809 1392 1875 ἀνήρ.

76 1897 168 1952 ubi
221 1897 557 1952 Comicorum
615 1905 669 1952 et
721 1897 965 1951 Comicae
1024 1895 1277 1950 dictionis
1331 1896 1617 1951 immemor
1672 1897 2064 1956 Schleusnerus

78 1986 387 2057 suspicatur
442 1989 698 2059 »sortasse
745 1985 1018 2057 leyendum
1066 2001 1175 2038 esse
1214 1986 1493 2047 ἐςηκώς,
1544 1995 1600 2040 ut
1652 1986 1817 2041 iocose
1869 1988 2064 2044 dictum

80 2073 175 2128 hoc
221 2074 288 2127 sit
326 2074 643 2147 respiciendo
678 2074 748 2127 ad
792 2091 875 2128 eos
913 2073 1004 2144 qui
1042 2080 1179 2126 stant
1231 2073 1584 2144 coyitabundi,
1626 2092 1786 2146 quum
1830 2076 2062 2149 alioquin

78 2162 287 2217 sedeant
319 2163 490 2234 potius
528 2164 596 2227 ii,
635 2162 727 2234 qui
755 2170 845 2215 aut
886 2160 1056 2232 quieto
1089 2168 1178 2213 aul
1233 2160 1419 2214 sallem
1456 2162 1630 2215 minus
1667 2163 1894 2234 inquieto
1943 2175 2064 2220 sunt

74 2250 303 2303 animo.'’
360 2266 497 2322 quae
537 2250 613 2304 illi
662 2250 827 2303 stanti
870 2250 923 2302 in
966 2255 1199 2302 mentem
1244 2248 1451 2304 venisse
1491 2250 1762 2322 probabile
1798 2258 1897 2307 est.
1957 2253 2065 2309 Ne-

76 2354 180 2410 que
228 2339 399 2409 magis
439 2337 654 2393 sedebat
695 2339 771 2400 is,
810 2337 903 2409 qui
943 2335 1166 2391 eandem
1207 2337 1602 2405 παραδιόρθωσιν
1651 2346 1787 2395 teste
1828 2340 2066 2397 Albertio

9 2423 18 2498 j
76 2425 143 2481 ad
183 2425 415 2499 Hesycb.
453 2443 504 2482 v.
533 2430 811 2493 Ἔςυγμαι
854 2426 932 2480 sic
971 2425 1233 2479 munivit:
1288 2424 1395 2479 »Ut
1426 2427 1633 2481 animus
1669 2429 1972 2501 quiescendo
2014 2439 2074 2488 et.

47 2514 294 2570 1011on
332 2515 395 2587 fit
422 2515 689 2587 prudens:
730 2515 805 2568 sic
834 2532 861 2567 e
897 2513 1098 2567 diverso
1133 2513 1258 2568 dum
1299 2520 1406 2568 stat
1445 2514 1583 2570 nihil
1620 2535 1780 2589 prave
1817 2517 2061 2590 coquat?

44 2599 355 2675 JGneterum
398 2620 500 2658 non
542 2603 664 2676 plus
703 2601 980 2675 sapiebant
1019 2601 1254 2666 librarii,
1305 2603 1396 2673 qui
1439 2604 1627 2665 ἐςυκώς
1668 2613 1722 2660 ct
1759 2606 1950 2670 ἑςηκώς
1990 2607 2063 2662 ἰο-

46 2706 196 2747 feose
234 2691 520 2747 admodum
562 2693 704 2747 inter
736 2709 793 2747 se
830 2697 1172 2763 permutant,
1216 2689 1338 2745 vide
1372 2692 1668 2763 scripturas
1702 2693 1958 2750 Codicum
1995 2695 2062 2751 ad

40 2757 344 2851 hristopb.
389 2781 525 2836 Aves
567 2785 706 2843 557,
751 2778 1136 2851 Thesmophor.
1188 2782 1319 2844 164,
1363 2780 1554 2836 Pacem
1599 2785 1724 2837 729.
1777 2782 1879 2851 Qui
1920 2782 2062 2840 serre

79 2875 302 2942 possunt

46 2936 54 2979 ⁸
266 2958 350 3012 δια
389 2964 483 3021 τῆς
521 2959 697 3025 χώρας
737 2964 830 3019 τῆς
872 2955 1124 3023 ἡμετέρας
1167 2955 1370 3019 ἑςηκόσι
1409 2959 1484 3023 μὴ
1524 2959 1837 3028 διαφοιτᾶν,

47 3013 135 3099 ¹iu
172 3045 374 3100 Avibus
413 3045 448 3101 l.
474 3045 507 3100 l.
552 3044 743 3118 ecquid
784 3051 865 3099 est
898 3044 1037 3116 quod
1089 3061 1179 3099 eos
1218 3061 1322 3099 non
1367 3061 1520 3117 posse
1568 3063 1900 3119 concoquere
1948 3051 2061 3105 exi-

23 3148 37 3192 ,2
78 3131 305 3187 stimas?

154 3218 323 3287 Quam
363 3221 530 3276 multa
566 3221 630 3276 de
671 3238 864 3293 genere
906 3221 1003 3277 hoc
1051 3239 1116 3278 ex
1154 3221 1643 3279 Grammaticorum
1695 3226 1912 3298 scriptis
1953 3225 2062 3281 col-

80 3301 173 3379 ligi
211 3311 414 3381 possint
454 3319 508 3365 et
540 3312 864 3381 margaritae
902 3329 967 3366 ex
1007 3309 1363 3382 sterquiliniis
1403 3312 1520 3366 erui
1557 3315 1927 3386 unusquisque
1967 3315 2059 3386 qui

82 3393 213 3450 volet
245 3399 670 3469 experimentum
705 3398 879 3455 facere
911 3401 1209 3472 comperire
1243 3400 1453 3471 poterit.
1497 3400 1695 3456 Eadem
1728 3419 1886 3474 opera
1916 3403 2060 3456 Aris-

84 3481 327 3555 tophanis
369 3485 572 3541 fabulas
612 3489 929 3559 superstites
966 3488 1166 3543 iuvabit
1207 3487 1560 3560 melioresque
1589 3491 1885 3561 scripturas
1919 3506 2060 3544 com·

85 3567 263 3641 plures
306 3573 447 3645 apud
488 3574 878 3630 Grammaticos
929 3584 1169 3631 servatas
1218 3575 1447 3637 videbit,
1493 3577 1546 3630 in
1602 3576 1900 3638 codicibus,
1945 3578 2059 3649 qui-

85 3654 184 3712 bus
233 3660 469 3725 utimur,
523 3665 637 3717 sine
683 3665 907 3734 vestigio
952 3666 1060 3718 veri
1102 3664 1437 3719 obliteratus:
1480 3666 1634 3719 cuius
1681 3666 1756 3719 rei
1799 3663 1904 3720 duo
1943 3681 2060 3737 pro-
