2436 4068
1278 211 1382 260 282

352 359 443 414 sed
493 373 679 412 scurra
736 369 830 427 pro
888 354 1007 423 ἔρδοι
1063 374 1140 412 τις
1201 354 1253 405 in
1312 361 1488 407 vetere
1550 356 1825 424 proverbio
1889 358 2047 420 Quam
2110 359 2323 430 quisque

349 448 486 500 norit
522 454 689 499 artem
738 445 790 496 in
833 443 928 496 hac
961 460 1014 494 sc
1056 449 1290 494 emerceac
1331 440 1584 494 stolidum
1624 442 1867 498 olitorem
1921 445 2151 500 irridens
2202 446 2322 501 sub·

350 536 628 589 stituerat:

678 685 687 696 ι
722 619 896 686 ’Ἃρδοι
937 637 1015 677 τις
1056 614 1112 676 ἣν
1152 614 1334 675 ἕκαςος
1375 617 1525 678 εἰδείη
1566 617 1773 685 τέχνην.

354 708 614 763 Similiter
652 705 793 776 apud
834 704 1189 777 Porphyrium
1232 703 1296 758 de
1340 703 1546 758 Abstin.
1590 705 1655 759 ΙΙ.
1701 710 1750 760 8.
1810 723 1930 778 pag.
1976 712 2100 763 116.
2161 710 2216 761 in
2263 708 2323 761 li-

354 796 463 849 bris
517 794 765 847 omnibus
813 800 894 847 cst
952 792 1089 846 οὐδὲ
1143 793 1303 846 ἰδεῖν
1361 791 1605 859 μακοὲρων
1654 795 1799 861 ἱεροῖς
1840 795 1923 848 ἐπὶ
1977 797 2173 861 βωμοῖς
2229 811 2323 866 pro

350 885 449 937 οὐδ’
490 881 671 950 ἕρδειν,
713 888 765 936 et
805 879 944 951 apud
981 878 1306 951 Hesychium
1347 881 1399 932 in
1441 897 1491 935 v,
1547 883 1851 944 Τήποδαε
1892 883 2099 949 λέβητα
2131 905 2325 951 τρισκε-

349 978 450 1034 λῆ,
491 977 709 1042 apparet
747 969 889 1022 enim
930 975 1251 1021 ΤΡΙΠΟΔΛ
1291 984 1476 1021 verum
1519 985 1661 1033 esse,
1701 970 1892 1042 deinde
1931 981 1993 1025 ΙΓ
2037 973 2091 1025 in
2134 981 2179 1025 H
2211 988 2326 1026 coa·

347 1059 477 1122 luit,
520 1065 580 1111 ut
612 1056 954 1125 Ἀνδρόφητες
995 1055 1135 1126 apud
1177 1055 1404 1109 eundem
1442 1057 1702 1127 scriptum
1743 1066 1824 1113 est
1863 1074 1958 1130 pro
1987 1060 2326 1129 Ἀνδρόο-φιγ·

345 1166 476 1212 yso,
536 1153 589 1199 el.
639 1145 964 1210 Τηθολαβεῖν
1012 1160 1106 1214 pro
1140 1144 1488 1208 τιτθολαβεῖν.
1571 1144 1658 1199 Sic
1710 1153 1764 1200 el.
1811 1154 1912 1200 TT
1959 1163 2055 1218 pro
2093 1157 2140 1201 Π
2191 1148 2326 1201 scri-

347 1242 500 1306 ptum
555 1235 609 1287 in
651 1233 1023 1299 Διαττερίσαι,
1077 1230 1166 1284 ubi
1217 1231 1607 1286 emendandum
1657 1235 2090 1302 Διαπερδικίσαι,
2149 1241 2204 1288 et
2260 1243 2325 1288 ΓΙ

346 1339 442 1393 pro
495 1332 542 1376 Π
595 1322 647 1374 in
707 1320 1002 1387 Τεταργιςο
1053 1335 1150 1390 pro
1197 1318 1517 1386 τετάρπετο,
1571 1326 1623 1374 et
1681 1329 1808 1377 sunt
1862 1322 1966 1377 alia
2015 1322 2323 1378 huiusmodi

348 1410 489 1481 apud
531 1408 758 1463 cundem
801 1414 1070 1461 sexcenta.

421 1498 500 1551 Ex
555 1497 638 1550 his
690 1495 990 1549 scribarum
1032 1495 1221 1564 peritia
1266 1495 1539 1548 aestimari
1596 1503 1770 1567 potest
1825 1499 1869 1552 si
1923 1498 2050 1553 talia
2102 1506 2326 1570 peccant

345 1584 606 1655 Magistri.
691 1583 759 1637 Et
799 1582 1034 1653 prolecto
1070 1582 1203 1663 nihil
1244 1590 1325 1636 cst
1365 1583 1504 1654 quod
1547 1585 1637 1636 isti
1678 1601 1780 1639 non
1824 1588 2182 1641 committant.
2264 1587 2324 1640 In

347 1671 513 1727 Suida
555 1688 601 1725 v.
644 1671 1049 1738 Ἀναρριχᾶο-θαι
1093 1670 1356 1724 dederunt
1403 1671 1489 1725 καὶ
1545 1671 1724 1738 μακροί
1771 1690 1866 1744 pro
1905 1674 2181 1739 κλιμάκια.
2263 1675 2323 1728 In

345 1762 494 1814 Isaeo
530 1759 569 1813 Ι.
625 1762 652 1829 §
700 1763 787 1812 27.
846 1763 943 1811 τῶν
998 1775 1092 1828 pro
1154 1758 1263 1825 ζῶν.
1356 1759 1414 1812 In
1477 1760 1740 1832 Hesychio
1787 1764 2062 1829 ”Ωμορεν·
2117 1763 2324 1830 ὠδύρετο

344 1849 574 1919 pessime
615 1846 876 1917 scriptum
919 1862 1033 1899 esso
1074 1844 1324 1899 fateberis
1358 1863 1454 1917 pro
1494 1846 1717 1915 ᾤμωξεν.
1798 1850 1858 1903 In
1897 1850 2154 1922 Euripide
2194 1851 2323 1905 scri-

346 1938 442 1990 bae
494 1945 534 1988 Z
576 1941 629 1988 et
667 1943 716 1987 T
771 1932 1130 1988 confuderunt
1168 1935 1221 1986 in
1281 1932 1581 2005 fragmento
1631 1936 1771 2008 apud
1818 1937 1981 1993 Clem.
2037 1937 2322 1997 Alexandr.

348 2024 603 2079 Stromat.
639 2023 700 2076 V.
744 2040 795 2093 p.
833 2025 959 2075 716.

1180 2111 1289 2164 οὐδὲ
1329 2111 1435 2179 γὰρ
1473 2111 1640 2181 λάθρα
1679 2113 1800 2167 δοκῶ

654 2201 827 2265 φωτὸς
870 2198 1154 2264 κακούργου
1194 2201 1438 2266 σχήματ’
1480 2201 1851 2265 ἐκμιμούμενον

652 2286 726 2338 σοὶ
767 2287 904 2348 τήνδ’
946 2287 995 2346 ἐς
1037 2287 1180 2347 εὐνὴν
1221 2285 1385 2353 ὥσπερ
1426 2285 1675 2353 ἄνθρωπον
1715 2296 1892 2352 μολεῖν
1916 2331 1930 2348 ,

347 2373 588 2442 Ἀμφίων
629 2373 774 2437 λέγει
797 2382 860 2442 τῇ
894 2373 1168 2442 Ἀντιόπῃ,
1211 2373 1300 2426 ubi
1336 2374 1592 2445 palmaria
1630 2381 1709 2428 est
1749 2376 2117 2432 Valckenaerii
2150 2394 2325 2432 emen-

348 2462 493 2516 datio
534 2461 586 2513 in
629 2460 867 2514 Diatribe
907 2478 957 2531 p.
1001 2464 1088 2514 65.

656 2548 729 2601 σοὶ
773 2551 890 2610 Ζῆν’
931 2550 981 2609 ἐς
1021 2550 1164 2611 εὐνὴν
1205 2547 1369 2617 ὥσπερ
1410 2549 1662 2618 ἄνθρωπον
1702 2559 1898 2616 μολεῖν.

353 2636 689 2709 pcrapposite
730 2636 1052 2690 conserentis
1091 2636 1267 2690 locum
1302 2638 1354 2690 in
1393 2637 1617 2692 Bacchis
1654 2642 1742 2694 29.

658 2726 727 2784 εἷς
771 2727 887 2787 Ζῆν’
928 2724 1204 2793 ἀναφέρειν
1243 2726 1334 2787 τὴν
1375 2725 1639 2793 ἁμαρτίαν
1677 2727 1884 2794 λέχους,

355 2818 635 2884 postquam
697 2821 839 2865 ZHN
894 2813 946 2865 in
998 2814 1088 2875 τὴν
1131 2812 1335 2867 abierat
1377 2815 1607 2867 correxit
1648 2814 1844 2886 aliqUis
1892 2817 2029 2879 τήνδ’
2070 2818 2120 2878 ἐς
2165 2820 2328 2883 εὐνήν.

356 2900 472 2955 Alio
514 2900 786 2971 Euripidis
826 2901 938 2954 loco
979 2910 1017 2954 Z
1059 2907 1111 2955 et
1151 2911 1186 2955 P
1229 2900 1537 2971 planissime
1577 2908 1635 2955 ut
1672 2903 1725 2955 in
1776 2903 2071 2959 Heraclidis
2111 2906 2330 2960 confusa

358 2994 485 3042 sunt
513 3029 525 3049 ‚
585 3004 773 3058 nempe
823 2989 876 3040 in
937 2989 1152 3043 Hecuba
1197 2993 1375 3053 1051,
1434 2990 1523 3043 ubi
1564 2992 1700 3059 θυμῷ
1740 2991 1892 3059 ῥέοντι
1935 2992 1990 3044 in
2049 2992 2200 3047 libris
2250 3001 2331 3048 est

360 3083 570 3131 tantum
624 3092 726 3128 non
769 3075 1050 3141 omnibus,
1105 3077 1197 3131 scd
1245 3094 1400 3131 nemo
1453 3077 1662 3132 dubitat
1708 3080 1836 3150 quin
1889 3079 2045 3146 ζέοντι
2109 3079 2334 3136 feliciter

361 3166 431 3219 sit
467 3181 498 3217 a
535 3162 853 3217 Ruhnkenio
887 3163 1246 3218 emendatum.

437 3251 648 3318 Quanta
689 3251 758 3304 sit
800 3252 1097 3306 scribarum
1135 3251 1365 3306 futilitas
1407 3252 1529 3307 vide
1557 3261 1608 3308 et
1646 3255 1701 3307 in
1743 3254 1851 3308 his:
1895 3255 2169 3310 simillima
2205 3264 2332 3312 sunt

360 3348 412 3394 N
455 3346 507 3393 et
546 3344 659 3403 ΛΙ,
715 3339 894 3408 itaque
929 3346 1129 3411 passim
1171 3339 1397 3393 ridicule
1453 3340 1888 3406 confunduntur,
1947 3350 2007 3396 ut
2043 3344 2329 3408 Ναξίανθος

358 3445 458 3499 ,pro
496 3425 677 3490 Ναξία
729 3427 862 3487 λίθος
903 3428 1043 3499 apud
1096 3428 1342 3482 Pholium
1372 3470 1384 3486 .
1442 3434 1494 3481 ct
1535 3429 1590 3481 in
1631 3429 1821 3483 Lexico
1868 3430 2152 3486 Rhetorico
2215 3441 2332 3504 post

358 3515 609 3569 Photium
649 3531 697 3567 v.
738 3515 1095 3578 Εἷσαγγελία.
1136 3548 1213 3557 -
1250 3513 1382 3576 αὕτη
1412 3517 1506 3579 μὲν
1540 3514 1679 3580 οὖνὴ
1724 3519 1984 3572 Κικίνου
2026 3520 2180 3585 δόξα,
2223 3523 2328 3575 imo

358 3619 482 3657 vero
535 3606 562 3666 ἦ
610 3602 889 3657 Καικιλίου.
974 3604 1128 3673 Apud
1185 3603 1497 3675 Dionysium
1548 3605 1714 3660 Halic.
1767 3607 1824 3661 A.
1867 3607 1927 3662 R.
1977 3625 2031 3679 p.
2072 3613 2195 3662 559.
2252 3617 2334 3663 cst
