2436 4068
1043 205 1148 257 285

88 364 315 422 Κοτύνας
351 375 447 432 pro
475 361 757 420 Κοτυλίας,
801 366 854 414 et
897 376 947 431 p.
970 362 1098 418 528.
1138 357 1345 414 πάντων
1376 376 1472 431 pro
1501 360 1661 414 πάλιν
1699 365 1799 414 τῶν
1841 346 2066 433 (ΠΑΛῖ-

87 450 274 523 ΤΩΝ)
330 455 384 503 et
440 465 492 519 p.
534 452 694 503 1540.
751 448 984 515 Οὐέντρα
1037 464 1134 519 pro
1193 448 1470 516 Οὐέλιτραι.
1550 447 1611 502 In
1650 447 1892 503 oratione
1944 450 2065 504 κατ’

87 538 481 607 Ἀριςογείτονος
539 553 588 608 p.
630 539 759 590 790.
813 532 891 589 ὅτι
943 536 1420 592 δακτυλοδεικτεῒτε
1473 535 1558 591 ἐπὶ
1606 537 1676 605 τῷ
1728 537 2067 604 πονηρότατον

80 633 183 683 τῶν
219 626 370 680 ὄντων
417 622 663 679 ἁπάντων
717 622 1005 684 δεικνύναις
1048 624 1292 695 suspicor
1328 641 1424 696 pro
1458 631 1727 679 ΟΝΤΩΝ
1774 623 2068 680 emendan-

86 714 215 769 dum
259 729 376 768 esse
417 712 840 785 (Π)οΛῙΤΩ.Ν,
891 716 990 764 τῶν
1040 717 1261 766 πολιτῶν
1312 712 1577 767 ἁπάντων.
1656 711 1823 767 Multa
1883 712 2068 767 huius·

17 792 23 806 ⁸
84 801 230 857 modi
270 807 398 856 sunt
436 807 491 855 et
518 798 658 871 apud
699 797 1053 871 Hesychium:
1092 800 1369 864 Ἀθημένος
1400 817 1496 871 pro
1535 801 1862 867 οὶθειμέλιοο,
1900 800 2070 856 κελιόν

83 891 125 946 Ι.
168 908 219 962 p.
259 894 384 944 255.
427 905 523 961 pro
554 887 732 951 κενόν,
773 889 1038 942 Οὐλιᾶσθε
1083 903 1180 958 pro
1217 887 1465 950 οὔνασθε,
1522 905 1617 959 pro
1658 890 1711 943 ἐν
1761 889 1886 959 ᾅδου
1940 888 2073 944 dant

84 978 287 1033 ἕλιοὶδου
328 977 366 1032 Ι.
409 995 461 1048 p.
501 980 641 1040 658,
681 975 800 1030 alia.
881 974 1022 1043 Quid
1060 981 1241 1030 autem
1283 991 1345 1030 eo
1385 974 1585 1039 faoiaS,
1627 977 1720 1047 qui
1755 978 1810 1032 in
1852 977 2069 1033 Homeri

83 1066 363 1122 notissimo
413 1081 612 1119 versu:
673 1061 829 1132 ἆνερ,
881 1065 979 1119 ἀπ’
1037 1064 1212 1124 αἰῶνος
1258 1063 1362 1124 νέος
1419 1064 1544 1118 ὤλεο
1593 1065 1770 1135 potuit
1833 1065 2070 1121 scribere

83 1157 180 1210 ἀπ’
219 1155 392 1214 αἰῶνος
440 1152 614 1214 λιέος
659 1153 818 1216 ὤλεο,
875 1150 1016 1224 quod
1056 1149 1260 1206 sactum
1315 1168 1434 1206 esse
1479 1151 1685 1207 videbis
1721 1152 1862 1224 apud
1904 1152 2068 1208 Scho-

82 1243 252 1297 wium
290 1241 357 1296 ad
397 1240 627 1315 Hesych.
665 1241 707 1295 1.
748 1258 800 1313 p.
841 1244 963 1295 180.

155 1329 387 1387 Confusa
434 1337 564 1384 sunt
609 1338 711 1384 ΛΗ
750 1335 804 1384 et
845 1337 955 1392 Nl,
1000 1335 1062 1383 ut
1100 1344 1263 1400 supra
1302 1329 1356 1382 iu
1405 1330 1590 1396 λήτρου
1638 1334 1692 1383 et
1733 1329 1896 1397 νίτρου
1934 1328 2066 1385 vidi-

80 1436 238 1482 ωας,
296 1418 437 1491 apud
511 1416 839 1491 Hesychium
907 1434 953 1470 v.
1013 1418 1445 1483 Πηληκίο-ματαε
1511 1418 1927 1486 φενακίσμοιτατ
1983 1425 2069 1474 est

79 1509 221 1564 enim
257 1508 520 1564 Graecum
558 1507 743 1569 πηνίκη
767 1548 781 1570 ,
824 1505 1068 1574 πηνικίζω
1096 1548 1108 1568 ,
1161 1506 1563 1571 πηνικίσματα,
1624 1505 1764 1579 quod
1811 1523 2068 1579 reponen-

77 1595 227 1652 dum.
318 1595 472 1668 Apud
523 1593 855 1650 Dinarchum
908 1596 1052 1649 κατα
1105 1595 1408 1656 Φιλοκλέους
1467 1594 1493 1664 ς
1543 1598 1595 1649 6.
1668 1594 1896 1667 intelligi
1959 1612 2064 1650 non

79 1692 249 1758 potest
294 1684 424 1757 quid
473 1685 572 1739 sit:
612 1687 667 1738 οὐ
707 1683 813 1750 γάρ
854 1684 930 1740 ἐςι
977 1685 1346 1751 χαλεπώτερον
1385 1683 1640 1750 ανθρώπου
1692 1685 1804 1747 τὴν
1855 1685 2065 1748 αὐτὴν

76 1774 314 1842 πονηρίαν
372 1772 720 1838 ἀγνοουμένην
781 1771 1020 1840 ἔχοντος-ε
1085 1771 1438 1842 intelligerem
1494 1770 1540 1824 si
1599 1771 1863 1842 scriplum
1924 1779 2065 1828 esset

75 1863 213 1917 οὐδὲν
250 1861 355 1928 γάρ
394 1895 471 1904 -
509 1861 829 1924 τηλικαύτην
866 1860 1101 1928 πονηρίαν
1146 1861 1257 1914 κτὲ.

155 1950 510 2005 Vehementer
548 1949 804 2021 imposuit
844 1947 983 2003 idem
1025 1964 1177 2002 error
1213 1947 1512 2008 Mazochio.
1552 1965 1718 2019 quum
1754 1947 1808 2002 in
1844 1947 2063 2004 Tabulis

79 2037 520 2093 Heracleensibus
560 2037 600 2091 Ι.
641 2038 734 2091 86.
778 2036 877 2090 sibi
920 2035 1196 2091 videretur
1239 2036 1454 2091 videre:
1503 2034 1534 2090 δ’
1567 2058 1616 2092 τι
1658 2037 1710 2091 δέ
1758 2057 1829 2091 κα
1868 2036 2061 2092 τούτων

73 2132 276 2181 ποιῶντι
322 2126 429 2192 πὰρ
475 2126 575 2180 ταν
630 2126 880 2189 συνθήκαν
919 2125 996 2179 τοὶ
1044 2125 1345 2191 πολιανόμοι
1385 2125 1461 2179 τοὶ
1500 2125 1591 2186 οὶὲς
1637 2125 1723 2179 ἐπὶ
1780 2126 1850 2179 τῶ
1890 2124 2059 2187 Εέτεος

74 2222 755 2276 ΕΠΙΚΛΤΑΒΑΝΟΝΤΙ,
816 2220 867 2267 et
936 2213 1116 2268 nescio
1187 2213 1314 2285 quid
1376 2214 1669 2268 somniaret
1740 2212 1806 2268 (le
1875 2211 2058 2269 futuro

71 2304 359 2368 καταβανῶ
410 2318 507 2374 pro
554 2302 952 2368 καταβήσομαι.
1031 2301 1090 2355 In
1134 2302 1250 2373 ipso
1295 2318 1419 2356 aere
1459 2302 1691 2357 incisum
1743 2319 1861 2357 esse
1912 2310 2056 2358 ΕΠΙ-

70 2398 618 2447 ΚΛΤΛΒΛΛΙΟΝΤΙ
659 2406 756 2461 pro
795 2390 1254 2456 ἔπικαταβαλοῦσι
1279 2433 1293 2454 ,
1353 2389 1539 2462 quales
1597 2390 1799 2445 formae
1840 2392 2056 2459 Δωριῖος

73 2482 360 2535 severioris
400 2481 454 2533 in
513 2478 702 2533 iisdem
759 2478 979 2532 Tabulis
1033 2477 1167 2532 aliae
1220 2478 1477 2550 leguntur
1539 2478 1916 2554 (οἰνανγελίοντι
1959 2497 2058 2552 pro

69 2571 429 2634 ὦναγγελοῦτι
471 2566 510 2621 1.
554 2571 642 2622 70.
694 2568 1034 2635 ἆνκοθαρίοντι
1090 2583 1187 2638 pro
1224 2567 1603 2635 οὶνακαθαροῦσι
1644 2566 1685 2621 Ι.
1727 2569 1843 2636 84.)
1901 2566 2058 2623 facile

71 2659 245 2713 cuivis
285 2658 390 2711 erit
431 2654 810 2720 manifestum,
850 2672 1024 2727 neque
1067 2655 1119 2709 id
1162 2654 1490 2710 Ahrensium
1532 2655 1674 2727 fugit
1708 2655 1772 2711 de
1819 2656 2056 2712 Dialecto

72 2745 263 2802 Dorica
305 2762 423 2816 pag.
463 2746 590 2798 209.

0 2831 1 2835 ’
166 2832 392 2889 Difficile
450 2839 533 2886 est
572 2832 746 2885 risum
787 2832 1063 2887 continere
1105 2832 1195 2886 ubi
1237 2833 1358 2897 μέλι
1408 2832 1462 2886 ἰη
1506 2838 1664 2887 ΜΕΝ
1705 2832 1878 2897 abiit,
1923 2832 2052 2907 (vid.

15 2909 25 2963 ἶ
69 2922 211 2977 Bast.
256 2922 427 2992 Epist.
465 2920 599 2976 Crit.
642 2938 692 2991 p.
732 2924 820 2974 70.
877 2926 931 2973 et
971 2919 1117 2974 Stob.
1158 2919 1341 2974 Floril.
1378 2919 1516 2975 ΧΙΙΙ.
1560 2922 1676 2990 45.)
1726 2927 1779 2976 et
1835 2922 2055 2976 omnino

70 3010 204 3065 nihil
263 3019 348 3064 est
399 3016 507 3063 tam
562 3007 896 3070 absurdum,
958 3008 1098 3079 quod
1154 3025 1257 3062 non
1313 3008 1367 3062 in
1419 3009 1660 3080 antiquis
1724 3010 2055 3065 membranis

71 3098 298 3171 legatur.
379 3097 531 3170 Apud
572 3097 734 3152 Clem.
789 3096 935 3151 Alex.
980 3096 1179 3151 Strom.
1223 3096 1260 3150 1.
1305 3114 1356 3167 p.
1408 3100 1535 3153 280.
1580 3097 1725 3171 Sylb.
1767 3098 1822 3152 in
1863 3113 2053 3168 garru-

71 3187 148 3242 los
199 3187 404 3242 «lictum
450 3193 532 3240 est
584 3188 821 3250 ποταμὸς
873 3185 1111 3253 ῥημάτων
1159 3186 1301 3239 οὐδὲ
1360 3185 1644 3251 ςαλαγμός
1692 3202 1788 3258 pro
1847 3190 1927 3240 νοῦ
1980 3185 2051 3239 δέ.

72 3275 223 3347 Apud
282 3274 540 3332 Galenum
601 3273 876 3327 T01n.vt.
932 3290 981 3345 p.
1021 3278 1149 3328 641.
1215 3272 1418 3328 Kultnii
1472 3273 1704 3343 legitur:
1766 3273 1863 3328 κᾶν
1902 3276 2052 3327 τοῦτο

70 3364 131 3424 δη
171 3366 230 3419 τὸ
261 3368 352 3417 τοῦ
390 3362 668 3423 Πλάτωνος
710 3363 846 3427 μήτε
885 3361 1189 3429 γράμματα
1229 3363 1364 3427 μήτε
1402 3367 1548 3418 νοῦν
1587 3364 1894 3426 ἕπίςανται,
1935 3359 2051 3431 lege

71 3453 205 3515 μήτε
245 3458 381 3505 νεῖν
421 3451 730 3513 ἐπίςωνται,
771 3467 835 3503 ex
872 3449 1107 3504 Platonis
1149 3450 1378 3521 Legibus
1417 3451 1510 3506 ΙΙΙ.
1553 3469 1600 3523 p.
1639 3455 1748 3507 689
1791 3450 1849 3504 Ι).
1893 3447 2047 3519 Apud

69 3538 355 3592 stobaeum
407 3538 585 3593 Floril.
623 3538 802 3593 thv.
846 3544 933 3594 30.
991 3539 1314 3594 Plutarchus
1369 3540 1593 3594 scribit:
1654 3540 1696 3593 ol
1750 3538 1846 3602 μὲν
1897 3539 2044 3593 νοῦν

70 3629 151 3679 τὸν
201 3626 398 3689 ἔρωτα,
456 3628 496 3679 οἱ
538 3627 580 3680 δ’
625 3628 929 3691 ἐπιθυμίαν,
983 3630 1024 3681 οἱ
1071 3628 1120 3681 δὲ
1162 3628 1355 3693 μανίαν
1388 3659 1464 3672 ·-
1497 3624 1878 3691 οὶναγορεύουσι.
1958 3624 2044 3680 Ni-

1608 3714 1693 3748 22*
