2436 4068
1303 263 1371 313 68

342 407 589 472 λέγεσθαι
631 407 658 470 ἢ
701 408 802 472 ἐγὼ
847 406 1038 473 τέχνην
1073 405 1207 473 ἔχων
1246 406 1437 458 ἰδιώτου
1467 406 1740 474 οἰνθρώπου.
1823 406 1924 474 Qui
1962 407 2091 463 haec
2133 410 2207 464 ita
2241 410 2327 466 de·

340 497 582 566 pravavit
611 500 882 549 corrector
903 493 1195 548 Graeculus
1227 491 1454 546 eundem
1488 491 1613 545 olim
1649 494 1847 547 erravit
1870 511 2131 561 errorem,
2167 516 2326 569 quem

340 583 662 636 novissimus
700 580 906 644 editor,
949 581 1040 650 qui
1079 580 1270 646 τέχνην
1310 578 1444 646 ἔχων
1497 580 1689 633 ἰδιώτου
1733 581 1988 648 ἀνθρώπου
2038 586 2324 656 coniunge-

339 669 424 723 bat
466 677 526 723 ut
565 675 737 724 esset:
796 685 987 738 »quum
1025 685 1124 720 non
1163 667 1324 720 aliam
1372 668 1476 720 nisi
1514 669 1707 721 ἰδιώτου
1747 677 1912 721 artem
1954 679 2154 725 teneam
2176 674 2209 695 ’⁹
2252 674 2327 727 id·

340 774 443 828 que
479 774 626 811 esse:
671 773 861 826 »qaum
897 756 1026 808 artis
1065 755 1164 808 sim
1208 755 1534 825 imperitus.''
1615 755 1933 826 Significant
1974 766 2154 813 autem
2198 760 2326 817 haec

341 844 500 899 verba
532 844 723 910 τέχνην
763 842 897 909 ἔχων
929 843 1184 910 ἀνθρώπου
1221 843 1411 910 τέχνην
1451 844 1540 897 οὐκ
1576 842 1810 910 ἔχοντος,
1852 846 2102 914 quoniam
2133 848 2325 915 τέχνην

341 931 480 998 ἔχειν
523 938 575 985 et
615 932 812 992 ἰδιώτην
849 926 977 984 εἶναι
1021 931 1286 984 contraria
1335 937 1476 984 sunt.
1557 931 1722 984 Estne
1764 931 1862 985 hoc
1903 933 2183 1003 pueriliter
2222 935 2327 989 bal-

340 1019 517 1073 butire
557 1021 608 1073 ἐν
649 1019 825 1089 νηπιέῃ
861 1021 1109 1087 ἀλεγεινῇ
1151 1035 1217 1071 an
1261 1035 1363 1070 non
1404 1017 1517 1071 est?
1559 1018 1819 1088 Expunge
1855 1021 1883 1082 ἢ
1924 1021 2025 1083 ἐγώ
2062 1029 2115 1074 et
2148 1024 2328 1077 omnia

341 1113 500 1160 erunt
541 1107 825 1161 sanissima
860 1106 1096 1177 adeoque
1129 1106 1247 1159 luce
1282 1105 1538 1159 clariora:
1580 1105 1772 1158 ἰδιώτου
1806 1107 2060 1170 ἀνθρώπου
2101 1125 2164 1162 ex
2197 1109 2325 1164 κώλ-

339 1208 447 1248 λιον
494 1193 726 1266 pendent
766 1201 818 1248 et
866 1195 999 1248 scita
1043 1193 1171 1248 haec
1212 1201 1294 1247 est
1336 1193 1621 1247 verborum
1669 1193 1980 1258 collocatio,
2025 1203 2081 1249 ut
2119 1197 2172 1250 in
2215 1214 2329 1252 ora-

342 1281 495 1336 culo:
1732 1289 1734 1292 ’

569 1373 623 1425 αἰ
661 1372 724 1426 τι)
764 1372 889 1436 ἐμεῦ
927 1370 1136 1436 Λιβύαν
1176 1369 1506 1438 μαλοτρόφον
1546 1367 1689 1431 οἶδας
1731 1368 1936 1435 ἄμεινον

570 1459 643 1523 μὴ
683 1459 834 1513 ἐλθὼν
873 1458 1102 1519 ἐλθόντος
1141 1457 1286 1523 ἄγαν
1326 1456 1542 1524 ἄγαμαι
1582 1458 1772 1527 σοφίαν
1811 1479 1918 1512 σευ.

346 1563 469 1600 nam
505 1546 582 1600 sic
616 1546 959 1600 scribendum
1000 1553 1078 1601 est
1115 1545 1254 1618 apud
1290 1546 1479 1600 Herod.
1519 1546 1607 1600 IV.
1645 1551 1766 1600 157.
1803 1563 1870 1601 ne
1902 1547 2081 1601 lonica
2120 1547 2328 1601 Doricis

345 1633 593 1689 indecore
634 1635 983 1690 misceantur.
1049 1635 1106 1689 ln
1146 1634 1380 1688 Platonis
1414 1634 1528 1689 loco
1565 1635 1768 1706 priores
1807 1635 2133 1706 Interpretes
2174 1634 2326 1689 intel·

344 1721 585 1776 lexerant
635 1723 822 1794 utique
863 1723 1054 1778 ἰδιώτου
1090 1723 1344 1790 ἀνθρώπου
1392 1721 1600 1793 fuitque
1640 1723 1733 1793 qui
1769 1723 1893 1787 ἐμοῦ
1934 1722 2070 1784 ὄντος
2125 1722 2188 1776 de
2230 1738 2326 1776 suo

345 1809 582 1864 adderet.
682 1811 812 1864 Rem
851 1811 1022 1882 ipsam
1083 1811 1295 1865 tenebat
1348 1809 1439 1864 sed
1493 1827 1640 1864 more
1699 1810 1933 1864 Platonis
1986 1810 2165 1864 dicere
2223 1827 2327 1864 non

347 1899 536 1969 potuit.
617 1898 767 1952 Alius
799 1899 853 1951 in
891 1898 974 1952 his
1013 1899 1186 1953 verbis
1219 1898 1568 1969 deprehendit
1608 1909 1846 1970 »gyratam
1887 1898 2131 1952 orationis
2163 1898 2327 1970 neyli-

351 1986 660 2057 »yentiam”
705 2003 936 2057 namque
970 1988 1260 2058 »qenitivus
1286 1988 1477 2041 ἰδιώτου
1507 1987 1762 2054 ανθρώπου
1792 1987 1979 2057 pendet
2007 2005 2038 2039 a
2064 2006 2162 2051 μου
2193 1986 2329 2057 quod

351 2074 653 2144 »scripsisse
681 2093 734 2128 se
758 2075 974 2144 putabat
995 2084 1196 2139 auctor,
1222 2076 1312 2128 sed
1336 2093 1433 2145 pro
1464 2093 1562 2146 quo
1591 2092 1770 2129 revera
1799 2074 2078 2144 scripserat
2101 2075 2128 2138 ἢ
2159 2073 2325 2138 ἑγώ”.

347 2161 553 2228 Quibus
588 2162 719 2216 haec
754 2161 1036 2233 placebunt
1072 2170 1164 2216 aut
1200 2162 1530 2217 satisfacient
1565 2162 1632 2216 iis
1671 2161 1983 2234 perdifficile
2016 2162 2120 2215 erit
2153 2161 2329 2232 inqra-

347 2257 428 2303 tae
473 2249 829 2320 negligentiae
878 2249 1182 2321 exemplum
1235 2250 1404 2304 ullum
1456 2251 1690 2321 reperire
1738 2257 1791 2304 et
1840 2258 2032 2321 putare
2076 2247 2328 2302 videntur

334 2354 452 2409 >quo
490 2338 620 2409 quid
654 2337 1014 2409 negligentius
1054 2337 1260 2392 dictum
1297 2339 1367 2392 sit
1402 2355 1463 2392 eo
1503 2338 1616 2392 fieri
1657 2339 1884 2408 gratius,
1967 2336 2068 2391 Sed
2104 2335 2327 2390 verbum

348 2443 452 2480 non
490 2425 648 2480 addo:
703 2425 801 2479 hoc
842 2426 984 2479 enim
1038 2442 1293 2497 apparere
1335 2426 1463 2497 puto
1502 2425 1628 2480 olim
1670 2425 1896 2480 sciolum
1946 2425 2125 2479 nescio
2165 2440 2326 2495 quem

348 2530 515 2584 quum
562 2514 616 2567 in
654 2513 752 2568 hoo
785 2513 899 2568 loco
941 2512 1182 2568 haereret
1224 2520 1284 2567 ut.
1323 2531 1380 2568 se
1415 2513 1689 2585 expediret
1730 2514 1758 2576 ἢ
1799 2514 1901 2577 ἐγώ
1940 2512 2324 2583 adscripsisse,

347 2601 507 2672 idque
547 2600 751 2655 dudum
794 2602 1074 2672 irrepsisse
1107 2602 1160 2655 in
1208 2601 1400 2665 libroS‚
1442 2618 1610 2672 quum
1649 2600 1813 2655 codex
1851 2600 2169 2654 Bodleianus
2210 2616 2326 2654 cae-

344 2690 554 2760 terique
595 2690 783 2761 optimi
823 2695 1192 2744 exararentur.
1273 2690 1333 2743 In
1374 2689 1515 2743 diem
1557 2690 1729 2761 magis
1769 2695 1988 2760 apparet
2020 2686 2326 2759 philologiS,

344 2766 934 2848 quantopereinsipida
975 2777 1259 2831 sciolorum
1301 2777 1666 2832 additamenta
1699 2783 1793 2831 aut
1826 2777 2211 2848 magistrorum
2246 2776 2323 2829 in-

344 2871 764 2936 terpretamenta
797 2865 1030 2919 nitidum
1061 2873 1112 2920 et
1149 2883 1339 2920 sanum
1370 2865 1639 2920 scribendi
1678 2882 1848 2936 genus
1882 2871 2124 2919 veterum
2159 2864 2324 2935 impe·

344 2952 493 3006 diant
528 2960 580 3006 et
622 2952 924 3007 obscurent.
1001 2954 1154 3008 Notis
1188 2954 1445 3026 exemplis
1478 2971 1543 3008 ex
1578 2954 1831 3008 Cicerone
1866 2959 1920 3007 et
1958 2952 2105 3006 Livio
2151 2950 2325 3005 obiter

342 3056 514 3112 pauca
555 3039 822 3094 adiiciam.
902 3042 1085 3096 Cicero
1136 3058 1231 3112 pro
1268 3042 1510 3096 Cluentio
1553 3044 1640 3095 27.
1687 3039 1726 3114 §
1755 3045 1822 3095 75
1875 3040 2117 3095 Manarat
2156 3056 2323 3094 sermo

336 3130 397 3182 'in
446 3129 655 3182 consil-io
701 3130 948 3199 pecuniae
1001 3131 1280 3201 quamdam
1334 3131 1643 3184 mentionem
1703 3129 1868 3201 [inter
1920 3129 2147 3201 iudices]
2213 3145 2323 3181 esse

339 3223 616 3270 versatam.
699 3215 905 3286 Inepte:
945 3217 1000 3269 in
1027 3218 1238 3271 consilio
1260 3218 1529 3289 significat
1552 3218 1685 3271 inter
1710 3216 1930 3280 iudices,
1964 3217 2117 3287 isque
2146 3230 2323 3269 sermo

336 3321 447 3357 -non
479 3304 620 3358 inter
654 3306 851 3374 paucos
887 3304 1092 3359 iudices
1133 3305 1308 3360 suerat
1345 3306 1610 3376 agitatuS,
1651 3304 1742 3359 sed
1775 3311 2013 3358 manarat
2051 3302 2105 3356 id
2141 3309 2223 3356 est
2255 3302 2324 3356 ad

340 3391 625 3445 midtorum
656 3392 890 3445 notitiam
909 3402 1233 3462 pervenerat.
1314 3394 1372 3446 In
1409 3392 1592 3447 eadem
1619 3392 1860 3445 oratione
1889 3394 1976 3445 25.
2013 3389 2052 3463 S
2075 3393 2162 3443 67.
2205 3388 2319 3443 Non

335 3480 626 3550 iquoratis,
675 3479 897 3543 iudiceS,
947 3488 1002 3533 ut
1043 3481 1198 3533 etiam
1240 3481 1428 3535 bestiae
1466 3484 1610 3552 same
1648 3479 1870 3533 monitae
1905 3479 2213 3550 plerumque
2251 3477 2320 3530 ad

340 3584 457 3621 eum
480 3567 646 3621 locum
667 3567 952 3638 ubipastae
987 3568 1265 3639 aliquando
1285 3570 1411 3632 sint,
1451 3574 1793 3621 reverta-ntur.
1875 3565 2112 3620 Staienus
2132 3564 2318 3619 itto—

339 3656 593 3710 seoecentis
622 3655 855 3710 millibus
891 3673 1158 3709 nummum
1190 3674 1243 3709 se
1278 3655 1526 3713 iudicium
1560 3661 1921 3726 corrupturum
1962 3672 2070 3708 esso
2096 3653 2317 3706 dixerat.
