2436 4068
1324 234 1430 283 286

379 396 468 438 το,
512 378 710 448 optime
745 377 984 431 Dindorl'.
1027 381 1283 442 μαχοῖντο
1319 377 1602 429 revocavit.
1696 376 1771 429 Ne
1799 378 1920 446 quis
1954 376 2200 431 dubitare
2228 394 2347 448 pos-

380 464 450 518 sit
493 464 682 519 addam
740 482 876 536 quae
932 465 1185 518 continuo
1241 469 1579 533 sequuntur:
1642 464 1683 517 εἶ
1724 464 1775 517 δὲ
1812 466 1886 529 μὴ
1927 462 2024 528 ἕξοι
2060 466 2083 518 ὁ
2124 466 2279 530 δῆμος
2326 467 2350 519 ὃ

384 553 629 618 Θηβαίων
668 554 978 616 τοὶπιτήδεια
1025 548 1144 624 [ὅτι]
1190 551 1488 605 κινδυνεύσοι
1533 551 1620 604 καὶ
1659 554 1687 614 ἦ
1727 551 1877 611 πόλις
1925 554 2092 607 αὐτῶν
2144 553 2352 607 ἐναντία

378 642 646 707 γενέσθαι,
701 641 791 695 ubi
832 656 1076 711 expunge
1115 636 1190 693 ὅτι
1233 638 1374 711 quod
1414 637 1647 693 fulcrum
1683 639 1943 693 orationis
1997 642 2091 712 qui
2144 640 2350 696 addidit

375 727 751 799 ludimagister
792 745 896 782 non
937 726 1194 782 intellexit
1224 744 1281 782 se
1313 728 1731 781 concinnitatem
1773 726 1874 781 loci
1906 727 2146 798 perdere.
2205 728 2351 783 Tolle

375 816 518 871 idem
562 810 818 871 mendum
859 816 947 871 VI.
990 833 1043 872 V.
1087 820 1170 870 15.
1224 816 1432 881 γνόντες
1484 818 1527 870 οἱ
1581 822 1860 876 Μαντινεῖς
1901 817 1965 875 ὡς
2010 817 2052 869 εἰ
2091 818 2165 882 μὴ
2218 819 2349 871 oin-o-

373 905 666 971 κρούσονται
706 905 891 965 αὐτοὺς
939 903 1059 977 [ἔτι]
1108 905 1288 958 πολλοὶ
1330 892 1486 973 σφῶνβ
1511 904 2094 967 κατακοντισθήσονται,
2135 912 2187 958 et
2227 921 2349 975 gra-

374 992 494 1046 vius
548 993 710 1047 etiam
751 991 839 1045 IV.
884 1009 990 1046 vm.
1033 995 1084 1046 2.
1141 994 1164 1047 ὃ
1217 992 1382 1046 Κόνων
1435 993 1523 1047 τὸν
1578 991 1914 1060 Φαρνάβαζον
1969 993 2229 1046 ἐδίδασκεν
2283 995 2348 1053 ὡς

373 1078 499 1134 οὕτω
551 1080 646 1146 μὲν
696 1085 917 1134 ποιοῦντι
958 1084 1127 1135 πᾶσαι
1182 1083 1322 1148 αὐτῷ
1374 1082 1429 1134 αἱ
1485 1079 1662 1140 πόλεις
1702 1081 1877 1147 φίλιαι
1926 1078 2150 1145 ἔσοιντο,
2205 1082 2247 1134 εἶ
2294 1082 2348 1135 δὲ

371 1169 667 1223 δουλοῦσθαι
703 1169 1013 1235 βουλόμενος
1050 1169 1268 1238 φανερὸς
1304 1168 1464 1222 ἔσοιτο
1511 1167 1715 1240 [ἔλεγεν
1753 1168 1841 1240 ὡς]
1887 1168 1986 1232 μία
2026 1168 2184 1231 ἑκάς-η
2223 1182 2347 1224 πολ·-

370 1256 446 1310 λοὶ
503 1256 807 1325 πράγματα
864 1259 1013 1320 ἱκανὴ
1063 1257 1138 1319 εἴη
1198 1256 1483 1324 παρέχειν,
1543 1255 1635 1308 ubi
1698 1254 2043 1310 manifestum
2101 1264 2347 1311 tenemus

371 1343 634 1400 emblema
667 1345 850 1411 ἔλεγεν
885 1349 968 1407 ὡς.
1047 1344 1162 1399 Alia
1202 1343 1440 1414 exempla
1487 1351 1615 1398 sunt
1656 1344 1948 1414 insigniora
1987 1344 2049 1398 V.
2091 1362 2126 1398 1.
2172 1350 2258 1399 54.
2301 1347 2342 1399 εἰ

368 1432 447 1498 μη
487 1433 801 1502 ἐκπέμψοιεν
831 1467 939 1498 -—-,
982 1432 1042 1487 V.
1085 1451 1139 1487 11.
1187 1438 1273 1487 15.
1327 1434 1369 1486 εἰ
1409 1434 1482 1498 μη
1521 1432 1900 1500 παρεσοίμεθα,
1943 1432 2003 1486 V.
2046 1450 2114 1486 iv,
2158 1437 2246 1487 56.
2299 1435 2343 1487 εἰ

366 1522 442 1586 μή
488 1542 567 1582 τις
620 1523 1109 1590 προκαταλήψοιτο,
1152 1519 1238 1574 VI.
1280 1537 1335 1573 11.
1378 1524 1464 1574 34.
1525 1521 1568 1574 εἶ
1623 1520 1676 1574 δέ
1734 1541 1811 1582 τις
1863 1522 1936 1586 μὴ
1991 1522 2340 1585 ἀκολουθήσοι.

368 1606 457 1661 VI.
498 1624 573 1662 111.
620 1612 672 1664 9.
727 1610 771 1663 εἶ
823 1611 898 1675 μὴ
958 1609 1149 1663 ἐάσοιεν
1191 1607 1280 1662 VI.
1318 1625 1385 1662 lv.
1430 1610 1520 1665 56.
1579 1609 1622 1662 εἶ
1680 1609 1754 1673 μη
1813 1609 1902 1672 ἤδη
1963 1607 2235 1676 πράξοιεν,
2288 1617 2345 1665 et

363 1695 564 1766 passim
605 1697 661 1750 in
703 1699 928 1751 caeteris
967 1696 1120 1750 libris
1160 1702 1214 1751 et
1258 1696 1482 1767 reliquis
1533 1695 1896 1767 Xenophontis
1940 1703 1994 1750 et
2035 1698 2340 1752 Atticorum

362 1785 598 1856 scriptis,
674 1784 1132 1853 Quemadmodum
1172 1785 1315 1839 enim
1356 1785 1412 1837 in
1446 1791 1592 1838 recta
1632 1785 1870 1839 oratione
1902 1786 1945 1839 εἰ
1986 1791 2037 1839 et
2069 1786 2112 1839 εἰ
2145 1787 2245 1851 μή,
2295 1787 2341 1841 si

363 1873 419 1927 in
459 1872 674 1945 apodosi
718 1873 964 1928 futurum
1005 1880 1114 1938 est,
1163 1879 1218 1927 et
1254 1873 1368 1944 ipsa
1409 1873 1708 1927 necessario
1747 1871 1994 1927 futurum
2028 1873 2337 1945 postulant,

360 1968 423 2015 ut
463 1961 520 2017 in
556 1962 766 2016 verbis:

658 2052 700 2104 εἰ
739 2051 844 2118 γὰρ
883 2051 1146 2111 τεκνώσεις
1187 2050 1336 2104 παῖδ’
1377 2051 1655 2103 ἀποκτενεῖ
1689 2051 1738 2102 σ’
1778 2051 1801 2102 ὁ
1841 2051 1964 2119 φύς.

357 2145 411 2192 et
450 2137 644 2193 millies
701 2139 866 2202 alibi,
918 2140 995 2192 sic
1037 2139 1091 2191 in
1133 2138 1371 2191 oratione
1410 2135 1622 2206 obliqua
1662 2139 1704 2191 εἰ
1747 2143 1800 2191 et
1838 2139 1879 2191 εἰ
1928 2139 2002 2203 μή
2043 2138 2099 2191 in
2142 2137 2336 2193 talibus

354 2226 579 2298 optativi
618 2226 862 2281 futurum
918 2226 1220 2298 requirunt.
1303 2222 1442 2295 Quid
1501 2224 1671 2294 igitur
1730 2225 1947 2295 scripsit
2005 2225 2333 2295 Xenophon?

356 2321 547 2385 r‘iempe
593 2315 894 2379 διοικιοῖντο,
943 2331 1080 2386 quae
1136 2313 1306 2367 forma
1357 2311 1632 2366 Graeculis
1692 2311 1933 2365 inaudita
1979 2312 2230 2383 perfacile
2277 2315 2332 2368 in

353 2401 608 2457 διοικοῖντο
650 2400 927 2472 depravari
976 2403 1178 2474 potuit,
1220 2408 1280 2454 ut
1333 2400 1641 2454 διοικιεῖσθαι
1683 2401 1737 2452 in
1775 2400 2062 2456 διοικεῖσθαι
2101 2409 2155 2455 et
2186 2403 2334 2455 simi-

351 2489 442 2543 lia.
523 2488 689 2561 Saepe
729 2490 839 2543 vidi
879 2491 934 2544 in
975 2489 1134 2544 Godd.
1187 2487 1442 2543 confundi
1492 2489 1728 2542 δειπνιεῖν
1765 2520 1836 2530 --
1869 2489 2117 2554 δειπνεῖν,
2176 2503 2331 2544 πλου-

351 2583 480 2632 τιεῖν
511 2606 588 2618 --
619 2585 894 2640 πλουτεῖν,
935 2583 1225 2646 σωφρονιεῖν
1258 2607 1334 2619 ——-
1363 2581 1636 2644 σωφρονεῖν
1659 2616 1673 2639 ,
1714 2575 1847 2640 alia,
1889 2594 2211 2648 quamquam
2254 2579 2331 2632 sic

351 2667 407 2721 in
452 2664 681 2735 singulis
735 2665 865 2720 locis
918 2666 1182 2720 sententia
1237 2672 1291 2719 et
1338 2666 1391 2719 in
1447 2665 1621 2736 poetis
1660 2672 1895 2718 metrum
1938 2682 2148 2736 quoque
2202 2667 2330 2721 ruit.

353 2752 513 2826 Apud
551 2753 823 2825 Diphilum
865 2754 1059 2810 Athen.
1101 2771 1151 2824 p.
1190 2757 1297 2807 258
1339 2753 1397 2807 F.
1442 2753 1496 2806 in
1535 2752 1725 2806 Codice
1763 2760 1875 2807 est:

729 2843 757 2905 ἢ
799 2844 1016 2898 δειπνεῖν
1054 2841 1320 2907 μέλλοντα
1360 2841 1581 2902 κωλύσηι
1624 2839 1771 2904 τινα,

351 2930 550 3000 optime
568 2938 873 2985 correctum
910 2939 991 2986 est
1023 2931 1051 2994 ἢ
1092 2931 1326 2984 δειπνιεῖν
1363 2929 1655 2995 μέλλοντα,
1691 2935 1744 2982 et
1780 2929 1857 2982 sic
1894 2927 2013 2981 aliis
2045 2927 2175 2983 locis
2206 2948 2327 3001 pec-

350 3023 581 3079 carunt,
642 3020 767 3091 quia
820 3017 1022 3072 formae
1076 3019 1128 3070 in
1175 3022 1266 3071 -ιῶ
1308 3018 1363 3070 in
1416 3015 1822 3071 desuetudinem
1876 3015 2137 3070 abierant.
2218 3018 2321 3073 Sed

350 3104 480 3176 quid
529 3105 632 3160 alia
671 3107 910 3177 exempla
951 3105 1147 3168 affer0‚
1204 3122 1370 3176 quum
1421 3106 1473 3158 in
1522 3106 1637 3176 ipso
1685 3103 1868 3157 futuro
1919 3105 2132 3158 διοικιεῖν
2182 3105 2322 3159 idem

347 3193 551 3248 sactum
591 3193 661 3247 sit
701 3194 841 3264 apud
875 3193 1149 3249 Demosth.
1191 3193 1303 3261 περὶ
1344 3201 1436 3256 τῆς
1479 3194 1669 3259 εἰρήνης
1712 3209 1763 3262 p.
1797 3195 1897 3253 59,
1942 3195 1993 3244 5.
2049 3193 2322 3259 ὑπισχνου-

344 3281 507 3347 μένων
555 3285 698 3335 τινῶν
752 3283 869 3342 τοὺς
918 3283 1011 3347 μὲν
1055 3281 1262 3342 Φωκέας
1312 3281 1397 3334 τὸν
1440 3282 1695 3334 Φίλιππον
1736 3280 1911 3332 σώσειν
1934 3320 1956 3340 ,.
1988 3281 2079 3341 την
2122 3282 2173 3333 δὲ
2215 3291 2320 3344 Θη-

343 3370 509 3435 βαίων
548 3368 697 3423 πόλιν
741 3370 1041 3433 διοικεῖν,
1082 3386 1262 3423 verani
1302 3369 1624 3439 scripturam
1670 3367 1903 3420 servavit
1937 3366 2319 3437 Harpocration

343 3474 398 3513 v.
441 3466 782 3512 Διοικιεῖν;
842 3458 956 3511 οὲντὶ
999 3463 1085 3512 τοῦ
1127 3459 1395 3525 διαιρήσειν
1441 3453 1538 3512 ὥςε
1581 3457 1654 3520 μὴ
1699 3456 1749 3508 ἐν
1788 3455 1959 3521 ταυτῷ
2003 3454 2209 3516 πάντας
2250 3458 2318 3510 οἱ·

341 3552 446 3600 κεῖν
480 3547 628 3601 οὶλλοὶ
663 3546 818 3614 χωρὶς
863 3546 948 3599 καὶ
985 3546 1126 3599 κατα
1172 3546 1337 3613 μέρος.
1404 3544 1728 3608 Δημοσθένης
1770 3545 1819 3596 ἐν
1860 3544 2086 3611 πέμπτῳ
2135 3553 2314 3598 Φιλιπ-

340 3638 529 3699 πικῶν,
572 3635 713 3691 hunc
751 3635 927 3707 ipsum
970 3634 1141 3688 locum
1186 3636 1543 3704 interpretans
1570 3673 1585 3697 ,
1627 3631 1715 3686 uhi
1766 3630 1870 3685 duo
1911 3632 2127 3687 Codices
2165 3633 2219 3687 B.
2255 3633 2308 3686 C·
