2436 4068
996 181 1099 231 773

138 332 197 385 In
240 331 303 382 V.
353 333 410 382 1:
452 328 621 394 σαφὲς
663 327 802 380 δοκεῖ
833 322 993 390 εἶναι,
1032 329 1096 386 ὡς
1136 356 1210 365 -—
1257 324 1377 398 [ὅτι]
1401 365 1416 388 ,
1457 341 1636 380 reseca
1667 326 1911 382 inutilem
1952 347 2034 383 vo·

2 459 3 462 ¹
63 418 240 475 culam
280 434 312 471 a
346 415 507 470 sciolo
560 418 851 468 insertam:
893 411 1085 467 deinde
1119 412 1294 483 cogita
1335 429 1439 484 quo
1480 430 1640 468 sensu
1692 414 1938 470 dicatur:
1993 421 2035 471 εἱ

65 508 314 574 μέλλουσι
368 507 537 558 πεῖσαι
590 505 647 555 αἱ
696 500 922 568 πρόσοδοι
972 502 1037 555 ἐκ
1085 501 1344 562 πόλεως
1389 502 1679 569 προσιέναι,
1731 504 1922 570 εἰρήνην
1962 506 2042 559 δεῖ

64 595 336 661 ὑπάρχειν.
416 590 746 659 Intelligisne
798 588 926 659 quid
966 589 1036 643 sit
1074 590 1131 642 ἐκ
1183 588 1419 649 πόλεωςῖ
1499 589 1610 644 Non
1653 591 1872 660 opinor:
1914 608 2039 645 nam

65 682 317 755 pleraque
357 678 572 733 aliunde
607 677 869 732 redibant.
912 675 1176 730 Emenda:
1220 679 1263 730 εἰ
1300 678 1549 741 μέλλουσι
1586 681 1755 733 πᾶσαι
1793 682 1848 733 αἱ
1887 681 2037 747 πρόσ-

64 771 159 824 οδοι
215 768 461 835 ἔκπλεῳ
514 765 786 833 προσιέναι.
867 764 1327 835 Frequenlissime
1377 765 1667 837 Xenophon
1719 768 1896 821 utitur
1946 767 2036 821 ad-

65 858 259 912 iectivo
297 854 562 917 ἔκπλεως,
619 854 672 906 in
711 869 815 923 quo
857 852 1029 924 copiae
1065 858 1118 906 et
1154 851 1499 906 abundantiae
1539 854 1683 908 notio
1723 856 1898 918 inest,
1955 872 2040 910 ve-

67 944 169 999 luti
229 943 541 1006 τάπιτήδεια
597 942 774 996 πάντα
832 940 1071 994 ἔκπλεω
1134 939 1309 1007 ἔχειν,
1365 947 1418 994 et
1472 941 1591 995 sim.
1686 942 1824 1009 Quid
1878 943 2042 998 lateat

65 1033 128 1087 V.
170 1036 221 1086 2.
265 1034 319 1085 in
356 1031 560 1085 verbis:
601 1033 664 1090 ὡς
706 1031 804 1098 ἐμῇ
845 1027 962 1096 δόξῃ
994 1033 1603 1096 παραγγεμωσκοποῦσιν
1638 1028 1840 1084 frustra
1881 1049 2040 1102 quae·

66 1120 184 1175 sivi.
275 1118 457 1190 Neque
510 1118 684 1188 magis
735 1117 1040 1187 excogitare
1094 1115 1241 1186 potui
1301 1114 1431 1186 quid
1480 1116 1696 1171 tandem
1748 1118 2038 1191 Xenophon

67 1208 382 1279 cogitaverit
422 1214 475 1261 et
510 1206 707 1261 dixerit
746 1222 843 1278 pro
882 1205 983 1265 iis,
1027 1219 1162 1274 quae
1199 1219 1342 1257 nunc
1376 1203 1437 1257 V.
1482 1208 1535 1260 5.
1577 1204 1862 1276 leguntur:
1904 1210 1947 1261 οἱ
1988 1210 2039 1262 δὲ

63 1299 244 1365 γνώμῃ
301 1296 411 1350 καὶ
468 1295 758 1362 ἀργυρίῳ
816 1291 1081 1357 δυνάμενοι
1139 1291 1573 1359 χρηματίζεσθαι.
1665 1293 1860 1348 Contra
1906 1295 2042 1349 nihil

66 1392 149 1439 est
186 1382 397 1438 facilius
436 1399 597 1454 quam
637 1383 870 1437 eximere
912 1380 1210 1451 scripturae
1250 1380 1442 1434 vitium
1485 1397 1547 1435 ex
1585 1381 1648 1436 V.
1695 1386 1788 1436 ll:
1829 1389 1935 1444 πῶς
1977 1384 2040 1438 ἂν

23 1490 26 1493 ’
64 1472 270 1538 ἄμεινον
302 1475 479 1525 ταῦτα
520 1471 699 1538 κριθείη
743 1473 771 1533 ἢ
811 1468 859 1523 εἴ
895 1489 973 1529 τις
1013 1469 1085 1522 τά
1133 1470 1561 1534 προγεγενημένα
1614 1470 1711 1524 ἔτι
1765 1474 2040 1526 άνασκο-

66 1561 211 1622 ποίη
268 1568 332 1628 τῇ
381 1559 529 1612 πόλει
588 1563 692 1618 πῶς
732 1557 1097 1623 άποβέβηκεν;
1151 1556 1273 1627 quis
1326 1558 1469 1611 enim
1511 1559 1695 1612 statim
1737 1558 2043 1615 admonitus

67 1664 171 1703 nou
232 1646 485 1701 concedet
536 1646 917 1707 ε’πανασκοποίη
973 1662 1070 1716 pro
1123 1643 1196 1698 ἔτι
1248 1647 1562 1708 άνασκοποιή
1611 1663 1727 1702 esse
1783 1665 2041 1720 reponen-

67 1734 236 1790 dum?
318 1734 454 1789 Tum
497 1736 551 1788 in
608 1736 637 1805 §
674 1737 761 1788 12.
814 1733 1022 1804 corrige
1057 1734 1368 1794 έκλιπούσας
1410 1751 1506 1806 pro
1544 1735 1931 1798 έκλειπούσας.’
1982 1738 2043 1792 In

70 1826 103 1894 S
146 1827 231 1878 13.
288 1821 438 1877 foeda
487 1821 791 1893 corruptela
842 1822 1162 1876 sententiam
1206 1820 1486 1875 verborum
1534 1840 1752 1894 prorsus
1792 1824 2044 1879 obscura-

67 1912 163 1966 vit.
243 1911 303 1965 ln
345 1910 496 1964 libris
534 1917 646 1965 est:
700 1912 833 1964 πολὺ
875 1912 1058 1964 θάττον
1098 1909 1162 1963 ἂν
1206 1910 1548 1977 τιμωροίμεθα
1587 1912 1808 1977 αὐτούς,
1863 1915 1906 1967 εἰ
1946 1935 2043 1979 μη-

67 1999 187 2055 δένα
238 1999 671 2067 παρέχοιμεν
722 1999 1126 2062 άδικοῦντα,
1182 1997 1358 2052 οὐδένα
1406 1999 1510 2067 γαρ
1565 1998 1627 2053 ἂν
1685 1999 1852 2068 ἔχοιεν
1908 2004 2041 2068 σύμ-

67 2108 262 2156 μαχον.
342 2087 481 2141 Luce
510 2086 705 2141 clarior
732 2086 880 2141 locus
909 2086 1013 2141 erit
1054 2087 1132 2140 sic
1164 2086 1507 2142 emendatus:
1549 2090 1591 2141 εἰ
1625 2090 1821 2153 μηδένα
1859 2091 2040 2159 ὑπάρ-

67 2197 297 2243 χοιμεν
349 2177 730 2236 ἀδικοῦντες.
812 2174 979 2246 Saepe
1027 2174 1136 2228 vidi
1179 2174 1398 2243 ὑπάρχω
1446 2181 1498 2229 et
1544 2178 1757 2244 παρέχω
1806 2179 1948 2233 inter
1989 2197 2045 2234 se

67 2262 340 2318 confundi.
421 2264 705 2335 Postquam
761 2264 1084 2332 ὑπάρχοιμεν
1126 2264 1178 2317 in
1226 2265 1544 2332 παρέχοιμεν
1593 2264 1725 2320 abiit
1772 2283 1924 2322 error
1964 2286 2042 2323 er-

967 2351 994 2374 ‘l'

68 2403 244 2443 rorem
288 2388 492 2459 peperit
546 2395 599 2443 et
647 2394 739 2442 aut
788 2389 991 2442 άδικοῦν
1033 2386 1170 2441 male
1210 2387 1478 2459 expletum
1522 2396 1636 2454 est,
1677 2395 1770 2443 aut
1811 2392 2040 2446 ἀδικοῦν-

70 2496 157 2536 τες
196 2493 227 2530 a
282 2474 383 2530 levi
434 2476 841 2531 correctore'ad
894 2475 1114 2531 verbum
1170 2475 1493 2547 praecedens
1546 2485 1626 2531 est
1678 2480 2042 2534 accommoda-

68 2571 202 2617 tum.
283 2562 451 2631 Quam
509 2566 767 2618 usitatum
819 2565 890 2618 sit
928 2565 1003 2618 ita
1049 2563 1228 2618 dicere
1281 2563 1498 2631 ὑπάρχω
1545 2566 1764 2628 άδικῶν,
1821 2567 2039 2635 ὑπάρχω

68 2650 223 2707 ἄδικα
257 2657 406 2706 ποιῶν
443 2659 497 2706 et
537 2652 658 2707 sim.
704 2652 758 2705 in
795 2652 974 2723 priore
1016 2659 1165 2723 parte
1214 2652 1344 2705 satis
1380 2654 1900 2709 demonstravimus:
1945 2657 2040 2711 ita-

69 2755 172 2811 que
214 2756 356 2794 nunc
399 2739 617 2794 verbum
659 2756 760 2793 non
797 2739 1028 2811 amplius
1070 2738 1221 2794 addo,

146 2827 275 2882 Utar
313 2834 521 2881 tantum
562 2844 667 2881 uno
700 2827 861 2882 buius
899 2827 1060 2882 libelli
1102 2827 1215 2882 loco
1248 2827 1314 2883 ad
1348 2829 1678 2885 emendanda
1718 2832 1878 2888 verba
1920 2835 2039 2890 Plu-

67 2914 242 2970 tarchi
298 2917 351 2969 in
402 2914 602 2970 Pericle
650 2932 767 2987 cap.
812 2919 908 2970 15:
963 2917 985 2970 ὖ
1025 2918 1076 2971 δὲ
1126 2917 1328 2978 Φειδίας
1369 2917 1635 2986 εἰργάζετο
1688 2929 1780 2984 τῆς
1822 2924 1930 2977 θεοῦ
1983 2926 2040 2978 τὸ

66 3009 288 3071 χρυσοῦν
326 3002 431 3064 ἕδος
467 3003 553 3058 καὶ
595 3004 774 3058 τούτου
814 3005 1114 3071 δημιουργὸς
1156 3006 1206 3059 ἐν
1255 3014 1319 3075 τῇ
1360 3008 1492 3075 ςήλῃ
1536 3003 1695 3062 εἶναι
1739 3010 2041 3079 γέγραπ-

66 3111 204 3147 ταιε
264 3092 391 3164 quid
448 3094 518 3146 sit
574 3091 855 3163 legendum
897 3110 992 3164 pro
1043 3089 1169 3148 εἶναι
1214 3093 1519 3161 γέγραπται
1575 3097 1855 3152 ostendent
1911 3098 2040 3155 haec

70 3178 435 3252 Xenophontis
470 3181 559 3235 ΙΙΙ.
611 3186 711 3235 11;
765 3182 807 3234 εἰ
856 3182 1096 3246 μέλλοιεν
1135 3184 1719 3253 άναγραφήσεσθαι
1772 3189 2038 3253 εὐεργέται

69 3268 140 3330 εἷς
181 3270 266 3323 τὸν
307 3267 523 3323 ἅπαντα
576 3269 790 3337 χρόνον,
845 3285 1033 3341 nempe
1080 3270 1377 3338 δημιουργὸς
1420 3273 1470 3324 ἐν
1523 3280 1586 3338 τῇ
1626 3275 1758 3340 ςήλῃ
1805 3276 2036 3340 άναγέ-

70 3374 397 3422 γραπται,
437 3356 575 3428 quod
612 3358 666 3410 in
710 3357 800 3411 tali
840 3374 899 3412 re
938 3364 1145 3412 certum
1189 3367 1240 3413 et
1283 3358 1641 3413 necessarium
1683 3360 1900 3416 verbum
1942 3371 2038 3418 est.

71 3438 349 3497 Contrario
388 3461 569 3499 errore
608 3444 866 3500 scribitur
906 3445 1032 3500 ibid.
1077 3463 1193 3519 cap.
1230 3451 1326 3501 34:
1369 3448 1484 3507 τοὺς
1514 3450 1736 3510 πολλοὺς
1771 3451 2038 3516 διανομαῖς

69 3532 355 3596 χρημάτων
417 3532 758 3599 ἀνελάμβανε
822 3534 909 3588 καὶ
966 3537 1278 3603 κληρουχίας
1336 3533 1752 3604 άνέγραφεν,
1816 3539 2036 3593 emenda

72 3615 316 3686 ἔγραφεν.
