2436 4068
1287 258 1355 307 66

347 399 490 457 alibi.
572 400 727 473 Apud
769 400 1093 455 Herodotum
1136 399 1382 453 Graeculi
1434 400 1653 470 impune
1692 399 1865 456 adhuc
1907 400 2134 470 grassati
2176 407 2336 464 sunt,

348 490 435 542 cui
496 488 850 544 assricueruut
890 488 981 541 111.
1019 492 1108 542 74.
1168 487 1394 555 φάμενοι
1449 487 1650 553 Πέρσας
1693 486 1900 548 πάντας
1955 488 2338 553 συγκαλέσειν,

349 577 438 631 ubi
471 577 783 642 συγκαλέειν
826 577 989 629 etiam
1028 575 1212 628 invitis
1249 574 1400 628 libris
1439 581 1578 628 esset
1618 573 2058 639 rescribendum,
2098 592 2242 629 nunc
2285 576 2338 629 id

345 666 522 736 ipsum
554 664 752 734 legitur
784 664 837 716 in
870 662 1022 716 libris
1051 662 1300 716 omnihus
1333 668 1709 733 praeterquam
1741 663 1794 716 in
1834 678 1937 715 uno
1967 661 2164 718 Archia
2208 662 2303 735 (S.)
2325 703 2338 726 ‚

344 770 504 824 quem
544 753 759 805 incaute
799 749 1046 804 Editores
1102 757 1420 820 sequuntur.
1502 751 1678 804 Etiam
1722 750 1874 821 peius
1914 756 1994 804 est
2035 748 2174 820 quod
2211 749 2338 820 legi·

342 849 434 894 tur
486 839 573 893 IV.
621 842 743 892 125.
801 837 1216 904 διαμαχέσονται
1273 845 1326 893 et
1371 841 1492 892 127.
1551 837 1904 906 μαχεσόμεθα
1953 844 2006 891 et
2053 836 2164 890 VII.
2213 840 2335 891 10⁶2.

343 926 672 993 μαχέσονται
714 931 767 979 et
813 929 938 979 209.
989 926 1319 993 μαχέσονται
1362 933 1415 980 et
1455 926 1845 992 μαχεσόμενοι,
1900 925 2150 996 quoniam
2205 924 2336 978 nulli

344 1031 603 1085 umquam
643 1013 831 1068 Graeci
872 1013 1184 1082 μαχέσομαι
1232 1013 1516 1069 dixerunt:
1571 1014 1723 1067 Iones
1761 1013 1904 1069 enim
1946 1011 2193 1067 dicebant
2233 1033 2336 1077 μα-

342 1103 568 1170 χέομαι,
612 1101 777 1155 Attici
805 1106 1121 1168 μαχοῦμαι,
1163 1102 1435 1171 sequiores
1466 1103 1817 1168 μαχήσομαι,
1858 1099 2204 1170 quamobrem
2240 1100 2337 1155 He·

343 1190 528 1244 rodoto
567 1189 728 1244 redde
757 1190 1172 1257 διαμαχέονται,
1213 1189 1530 1256 μαχεόμεθα
1562 1195 1664 1243 etc.
1715 1187 1902 1242 Eidem
1931 1187 2044 1241 VII.
2090 1192 2210 1242 103.
2255 1204 2334 1242 re·

341 1280 508 1333 stitue
547 1276 792 1331 futurum
833 1278 1131 1344 μαχέεσθαι
1165 1294 1259 1348 pro
1298 1277 1643 1345 μαχέσασθαι
1679 1283 1732 1332 et
1769 1292 1864 1346 pro
1905 1273 2075 1330 forma
2118 1292 2335 1346 prorsus

339 1366 570 1420 barbara
631 1366 929 1436 praesentis
987 1364 1308 1432 μαχεόμενοι
1364 1364 1477 1419 VII.
1537 1369 1661 1419 104.
1723 1363 1958 1418 rescribe
2016 1363 2331 1431 μαχόμενοι.

338 1452 594 1508 Eiusdem
645 1451 850 1507 farinae
902 1459 983 1506 est
1037 1451 1283 1507 futurum
1343 1452 1563 1519 κορέσω,
1633 1452 1774 1524 quod
1824 1452 1905 1506 his
1946 1450 2146 1522 legitur
2194 1449 2335 1522 apud

341 1541 533 1596 Herod.
571 1542 613 1595 I.
659 1544 764 1595 202
807 1547 860 1595 et
902 1543 1043 1603 214,
1086 1541 1242 1595 cuius
1280 1541 1514 1611 genuina
1548 1539 1722 1595 forma
1755 1539 1895 1611 apud
1928 1540 2219 1594 Homerum
2250 1555 2332 1598 ae-

341 1636 508 1685 tatem
541 1628 666 1684 tulit
694 1628 845 1683 Iliad.
885 1637 948 1682 Θ.
987 1631 1114 1682 879.

645 1715 675 1780 ἦ
713 1736 792 1777 τις
833 1717 920 1770 καὶ
962 1718 1144 1782 Τρώων
1184 1718 1338 1785 κορέει
1380 1718 1536 1778 κύνας
1579 1717 1652 1779 ἠδ’
1693 1717 1906 1778 οἰωνούς.

340 1814 393 1861 et
431 1806 494 1862 Ν.
531 1809 657 1860 851.
699 1804 837 1871 οξταρ
872 1805 1053 1871 Τρώων
1091 1805 1275 1871 κορέεις
1309 1805 1468 1866 κύνας
1506 1806 1580 1867 ἠδ’
1621 1805 1846 1868 οἰωνούς,
1890 1803 1979 1859 uhi
2018 1821 2120 1856 non
2154 1801 2330 1856 desue-

340 1900 471 1948 runt
511 1893 603 1965 qui
653 1892 871 1959 κορέσεις
925 1908 1088 1962 prave
1127 1892 1457 1947 scriberent:
1502 1893 1626 1948 hinc
1662 1892 1928 1948 Herodoto
1980 1892 2127 1958 κορέω
2170 1906 2329 1946 suum

338 1982 520 2037 redde.
599 1981 868 2035 Futurum
916 1979 1209 2043 καλέοντα,
1251 1980 1392 2050 quod
1440 1981 1581 2052 apud
1619 1979 1811 2035 Herod.
1836 1978 1948 2033 VII.
1997 1984 2079 2033 15.
2134 1978 2333 2048 legitur

340 2071 396 2124 in
437 2069 552 2124 his:
597 2066 778 2135 Ξέρξης
818 2066 922 2121 άνά
963 2088 1021 2121 τε
1062 2067 1250 2135 ἔδραμε
1285 2070 1342 2122 ἐκ
1381 2077 1474 2132 τῆς
1515 2070 1684 2131 κοίτης
1727 2068 1813 2122 καὶ
1855 2068 2054 2133 πέμπει
2091 2065 2329 2132 ἄγγελον

338 2159 423 2212 ἐπὶ
462 2156 790 2224 Ἀρτάβανον
831 2156 1155 2210 καλέοντα
1190 2155 1414 2211 sormam
1457 2156 1675 2227 quidem
1716 2155 1875 2210 hahet
1914 2154 2196 2218 Graecam,
2235 2153 2330 2213 sed

337 2246 633 2300 orationem
674 2243 935 2297 soloecam
977 2251 1031 2297 et
1064 2243 1376 2314 impeditam
1413 2242 1557 2298 facit.
1602 2244 1921 2298 Rectissime
1954 2242 2156 2296 dicitur
2195 2243 2329 2307 πέμ-

338 2355 422 2388 πει
463 2332 702 2399 ἄγγελον
736 2332 819 2386 ἐπὶ
855 2331 1210 2398 Ἀρτάβανονε
1254 2333 1386 2386 satis
1420 2338 1566 2385 recte
1606 2330 1714 2386 dici
1747 2337 1954 2402 poterat
1986 2330 2184 2395 πέμπει
2225 2328 2327 2394 ἄγ-

336 2435 493 2487 γελον
539 2419 865 2486 Ἀρτάβανον
915 2419 1208 2483 καλέοντα,
1257 2419 1350 2473 sed
1391 2425 1684 2490 utrumque
1730 2420 1815 2474 ἐπὶ
1858 2418 2184 2486 Ἀρτάβανον
2236 2438 2328 2472 κα-

336 2512 524 2565 λέοντα
564 2508 672 2562 dici
711 2524 817 2561 non
858 2513 1032 2578 polest
1071 2508 1175 2562 nisi
1217 2507 1283 2561 ah
1321 2523 1415 2570 6ο,
1457 2507 1550 2577 qui
1593 2506 1723 2578 quid
1762 2508 1834 2561 sit
1872 2507 1956 2562 ἐπὶ
1999 2504 2326 2574 Ἀρτάβανον

337 2615 443 2652 non
497 2595 777 2665 intelligat.
857 2594 1196 2650 Correctores
1235 2596 1445 2666 antiqui
1493 2595 1548 2649 in
1590 2594 1704 2649 cod.
1749 2594 1801 2650 S.
1844 2600 1898 2649 et
1943 2593 2062 2648 aliis
2112 2594 2200 2648 ἐπί
2239 2609 2326 2648 ex-

335 2690 678 2758 punxerunt:
720 2683 994 2754 aliquanto
1028 2683 1222 2738 melius
1258 2683 1518 2738 καλέοντα
1548 2683 1894 2743 delevissent,
1938 2680 2079 2753 quod
2115 2698 2326 2739 mecum

334 2775 567 2845 quisque
604 2770 798 2825 delebit
834 2773 928 2843 qui
968 2772 1110 2826 inter
1148 2771 1434 2842 legendum
1483 2770 1928 2827 animadverterit
1967 2786 2129 2841 quam
2169 2786 2326 2841 saepe

330 2860 487 2916 scioli
524 2866 576 2914 et
600 2865 929 2914 correctores
964 2860 1311 2931 participium*
1333 2858 1505 2914 futuri
1541 2859 1606 2914 de
1638 2875 1736 2914 suo
1775 2858 2190 2930 adscripserint,
2231 2857 2324 2914 ubi

328 2950 425 3005 ,ἐπί
462 2970 513 3004 τι
567 2949 730 3011 ἱέναι,
783 2948 1011 3013 πέμπειν
1055 2949 1175 3002 sim.
1218 2947 1475 3018 leguntur
1526 2963 1587 3001 eo
1627 2963 1812 3011 senSU,
1852 2963 1957 3019 quo
1990 2945 2134 3012 μετά
2183 2944 2325 3017 apud

336 3044 543 3093 veteres
582 3036 735 3089 Iones
773 3035 1070 3105 ponebatur
1104 3037 1159 3090 in
1197 3036 1324 3091 ἰέναι
1364 3036 1507 3101 μετα
1542 3034 1722 3099 ξύλον,
1761 3035 1876 3100 μεθ’
1912 3032 2071 3101 ὕδωρ,
2110 3036 2182 3095 εἷς
2223 3042 2323 3091 Τε-

336 3127 500 3194 μέσην
534 3124 677 3190 μετά
708 3122 945 3190 χαλκόν,
982 3125 1126 3189 μετα
1172 3129 1307 3184 κῶας
1348 3130 1401 3177 et
1442 3123 1594 3186 sim.,
1635 3123 1776 3194 quod
1814 3123 2086 3178 retinuere
2124 3122 2324 3177 caeteri

334 3213 526 3270 Graeci
558 3213 614 3265 in
641 3211 1092 3276 μεταπέμπομαι,
1130 3212 1392 3277 μετιέναι,
1431 3211 1694 3276 μεθήκειν,
1736 3211 2191 3278 μεταπορεύομαι,
2230 3231 2323 3276 με·

333 3304 547 3364 ταθεῖν,
587 3300 934 3366 μετατρέχειν
988 3301 1107 3353 sim.
1188 3298 1321 3353 Male
1361 3298 1490 3352 latet
1531 3298 1868 3370 interpolatio
1907 3295 2216 3351 huiusmodi
2265 3297 2321 3352 in

335 3391 578 3445 oratione
626 3388 770 3446 κατα
820 3386 1048 3453 Νεαίρας
1093 3386 1251 3461 (quae
1302 3403 1626 3459 quamquam
1681 3385 1746 3440 ab
1799 3386 1913 3457 ipso
1966 3383 2323 3440 Demosthene

335 3479 542 3549 scripta
581 3492 686 3530 non
724 3480 839 3538 est,
897 3480 1076 3529 tamen
1116 3475 1315 3545 optime
1363 3474 1561 3530 Graece
1601 3480 1655 3528 et
1695 3473 2073 3528 venustissime
2119 3473 2320 3544 scripta

336 3565 438 3637 est)
480 3582 529 3636 p.
569 3567 743 3627 1548,
784 3566 835 3616 6.
896 3562 1179 3631 Ἀφίδναζέ
1215 3582 1342 3617 ποτε
1380 3560 1695 3632 ἀφικόμενος
1737 3562 1822 3615 ἐπὶ
1861 3560 2118 3628 δραπέτην
2158 3563 2316 3616 αὐτοῦ

334 3656 495 3725 ,ζητῶν
519 3696 533 3715 ,
579 3652 668 3707 ubi
710 3653 868 3720 ζητῶν
907 3651 1164 3721 magistro
1213 3650 1541 3708 reddendum
1589 3656 1701 3715 est,
1755 3650 1847 3721 qui
1887 3648 2015 3720 quid
2056 3656 2193 3704 esset
2232 3647 2316 3703 ἐπὶ
