2436 4068
1069 174 1173 224 527

134 319 325 375 τούτων
362 334 458 389 pro
489 316 641 382 δόξαν
675 318 727 373 δὲ
765 316 852 372 καὶ
888 321 1055 371 τοῦτο.
1133 318 1404 372 Intactum
1440 316 1611 371 evasit
1652 317 1716 371 11.
1749 335 1823 371 111.
1868 323 1957 372 51.
1999 339 2110 374 συν-

133 409 303 462 δοκοῦν
344 403 541 460 ἇέπασιν
579 408 732 472 ὑμῖν,
776 412 830 460 et
864 404 925 459 V.
968 422 1003 460 1.
1051 410 1099 461 1.
1154 404 1400 468 συνδόξαν
1423 446 1437 469 ,
1475 411 1528 459 et
1574 403 1799 468 δόξαντα
1839 407 1891 460 δὲ
1933 411 2110 462 ταῦτα

133 494 222 549 καὶ
268 493 582 561 περανθέντα
621 494 713 548 111.
756 511 812 548 11.
857 497 945 547 19.
1006 492 1097 546 ubi
1146 493 1253 546 vid.
1296 491 1606 547 Schneider.
1648 498 1703 548 et
1756 492 2111 548 Dindortium.

131 579 455 636 Ambustum
498 588 580 636 est
630 581 921 649 προς-αχθέν
962 580 1028 634 11.
1070 598 1143 634 111.
1189 585 1276 635 55.
1334 582 1461 635 αλλ’
1505 582 1678 636 ἐκεῖνοι
1716 579 1928 651 ἔφασαν
1980 601 2111 649 προ·

130 667 380 736 ςαχθέν
431 690 532 735 μοι
582 671 674 739 ὑφ’
728 669 923 724 ἑαυτῶν
962 670 1049 722 οὐκ
1096 667 1368 721 ἀνελέσθαι
1408 668 1526 729 τοὺς
1567 669 1923 740 δυςυχοῦντας
1963 670 2014 724 ἐν
2046 677 2112 739 τῇ

131 755 244 824 περὶ
284 755 491 822 Λέσβον
542 758 855 827 ναυμαχία,
895 755 1137 829 plerique
1179 754 1303 808 libri
1343 757 1709 825 προς-αχθέντα
1746 778 1816 825 με
1857 755 2115 813 exhibent

131 860 197 899 ex
229 844 639 916 interpolatione
673 844 983 909 manifesta,
1023 843 1271 898 meliores
1306 845 1596 912 προς-αχθέν
1636 866 1721 912 μοι
1769 847 1970 919 optime
2004 861 2114 900 ser·

130 938 342 986 varunt.
422 932 481 986 In
522 933 564 987 I.
605 951 678 988 ιιι.
740 937 830 989 20.
891 948 987 1004 pro
1039 932 1325 997 εἰσήγαγον
1382 934 1443 987 τὸ
1505 931 1778 1000 ςροέτευμα
1836 933 2113 989 Graecitas

129 1018 360 1092 postulat
398 1020 743 1087 εἷσηγοέγοντο
775 1023 835 1075 τὸ
871 1019 1163 1088 ςροὶτευμα.
1243 1018 1303 1073 In
1346 1019 1387 1075 I.
1431 1037 1497 1073 vl.
1543 1025 1632 1074 57.
1687 1020 1796 1075 ἔθυε
1833 1023 1906 1076 τα
1947 1023 2112 1086 εὐαγ-

127 1107 286 1173 γέλια
327 1108 514 1163 vitiose
553 1108 791 1164 abundat
829 1107 1127 1171 articuluS,
1181 1123 1411 1178 namque
1458 1108 1759 1174 εὐαγγέλια
1803 1110 1935 1163 θύειν
1989 1125 2112 1162 con-

127 1202 335 1251 stanter
372 1213 558 1251 omnes
598 1196 848 1252 dicebant
897 1213 1000 1249 non
1054 1196 1126 1250 τὰ
1176 1196 1492 1260 εὐαγγέλια.
1576 1196 1749 1252 Unum
1807 1195 2111 1268 exemplum

132 1282 394 1356 proferam
437 1290 499 1339 ut
536 1283 730 1339 mendo
768 1283 1007 1339 liberem.
1086 1283 1359 1355 Aristoph.
1400 1284 1607 1356 Equitt.
1646 1289 1790 1340 654:

959 1371 1166 1440 ἄνδρες,
1207 1372 1297 1435 ἤδη
1338 1392 1424 1438 μοι
1465 1373 1606 1428 δοκεῖ

430 1461 516 1515 ἐπὶ
557 1465 852 1529 συμφοραῖς
890 1461 1175 1525 ἀγαθαῖσιν
1214 1461 1657 1527 εἰσηγγελμέναις

429 1548 730 1615 εὐαγγέλια
769 1549 899 1604 θύειν
941 1549 1122 1603 ἑκατὸν
1160 1550 1288 1615 βοῦς
1328 1558 1393 1618 τῇ
1436 1551 1545 1618 θεῷ.

126 1636 504 1708 corrigendum
543 1637 789 1701 videtur,
834 1637 960 1708 quia
1014 1638 1387 1704 εἰσαγγέλλειν
1429 1638 1485 1692 in
1527 1636 1619 1692 tali
1662 1654 1721 1692 re
1767 1636 1942 1705 iocum
2002 1653 2108 1691 non

125 1724 323 1788 habet,
376 1727 631 1791 οὶγαθαῖσι
668 1733 789 1786 ταῖς
836 1726 1194 1791 ἦγγελμέναις
1230 1733 1283 1780 et
1329 1725 1471 1798 apud
1518 1725 1955 1798 Xenophontem:
1999 1724 2107 1780 ἔθυέ

125 1834 184 1868 τε
224 1813 524 1879 εὐαγγέλια
558 1813 644 1868 καὶ
686 1821 792 1875 τοῖς
834 1817 1140 1882 ςρατιώταις
1180 1815 1511 1881 παρήγγειλε
1551 1815 1992 1870 δειπνοποιεῖσθαι.

202 1900 369 1956 Nemo
407 1902 710 1956 Atticorum
742 1900 954 1956 dicebat
986 1903 1454 1971 πενταδραχμίαν,
1495 1901 1636 1974 quod
1676 1902 1742 1957 Π.
1787 1920 1853 1957 vi.
1896 1904 1981 1956 12.
2023 1918 2106 1956 oc-

125 1990 330 2054 currit,
370 1988 462 2043 sed
500 1990 925 2058 πεντεδραχμίαν
965 2007 1181 2045 omnes:
1223 1989 1476 2062 frequens
1516 1990 1807 2046 admodum
1847 1989 1947 2045 hoc
1988 1990 2107 2045 vitii

125 2093 298 2148 genus
346 2084 463 2142 est,
518 2076 857 2148 frequentius
902 2078 1066 2132 etiam
1124 2078 1287 2143 illud,
1343 2086 1404 2133 ut
1456 2079 1782 2143 πενταέτης,
1821 2077 2107 2142 δεκαέτης,

123 2166 521 2233 τριακονταέτης
568 2165 840 2220 scribatur
879 2182 1036 2238 saepe
1091 2166 1233 2237 apud
1290 2166 1664 2240 Thucydidem
1723 2173 1776 2222 et
1826 2166 1959 2221 alios
2012 2183 2109 2239 pro

122 2254 413 2318 πεντέτης,
461 2254 706 2319 δεκέτης,
746 2255 1172 2322 τριακοντούτης,
1213 2255 1335 2310 sim.
1416 2255 1476 2309 In
1518 2255 1662 2310 dicto
1716 2254 1995 2330 Polyeucti
2034 2258 2106 2317 εἷς

121 2342 516 2405 ἑποπληκτικόν
555 2363 673 2398 τινα
712 2343 1053 2399 Σπεύσιππον
1093 2343 1236 2416 apud
1277 2344 1498 2399 Aristot.
1556 2343 1711 2399 Rhet.
1751 2343 1843 2398 ΙΙΙ.
1890 2349 1977 2399 10.
2032 2347 2106 2410 μὴ

120 2430 362 2487 δύνασθαι
425 2431 651 2500 ἡσυχίαν
710 2429 862 2497 ἄγειν
918 2433 1014 2486 ὑπὸ
1054 2439 1147 2495 τῆς
1185 2433 1357 2501 τύχης
1414 2434 1465 2487 ἐν
1524 2433 1926 2502 πεντασυρίγγῳ
1980 2432 2106 2502 νόσῳ

121 2519 383 2586 δεδεμένον
441 2518 787 2575 scribendum
846 2537 963 2576 esse
1021 2522 1409 2589 πεντεσυρίγγῳ
1468 2522 1631 2575 etiam
1691 2521 1820 2577 hinc
1882 2528 2108 2594 apparet

124 2605 266 2680 quod
319 2608 374 2662 iu
417 2608 599 2663 animo
648 2607 876 2664 habebat
928 2610 986 2664 τὸ
1027 2609 1254 2664 δεδέσθαι
1291 2611 1342 2663 ἐν
1382 2610 1772 2678 πεντεσυρίγγῳ
1823 2608 1979 2679 ξύλῳ.
2034 2609 2101 2665 cs.

121 2694 393 2768 Aristoph.
437 2690 618 2768 Equit.
662 2701 823 2753 1049.

197 2782 505 2856 Numquam
546 2782 803 2840 dixerunt
842 2785 1196 2841 Athenienses
1247 2784 1580 2853 κρινέσθωσαν
1633 2785 1776 2859 quod
1828 2784 2028 2859 legitur
2062 2787 2103 2842 Ι.
2198 2842 2209 2858 κ

122 2888 215 2929 vu.
259 2874 354 2927 255
410 2870 504 2927 sed
544 2873 803 2940 κρινέσθων
843 2890 1044 2929 omnes.
1124 2873 1297 2929 Nimis
1331 2890 1488 2946 saepe
1522 2873 1696 2930 forma
1734 2873 2105 2931 Macedonicae

122 2960 314 3015 aetatis
373 2961 428 3014 in
478 2960 728 3015 ·έσθωσαν
768 2968 822 3017 et
861 2963 1120 3018 -οὶσθωσαν
1166 2963 1220 3016 in
1272 2962 1436 3018 libros
1487 2963 1792 3019 Atticorum
1847 2963 2103 3036 irrepsit,

122 3048 285 3103 sicuti
333 3055 387 3104 et
436 3048 655 3103 -έτωσαν
713 3067 810 3121 pro
848 3052 1022 3107 ·όντων
1075 3058 1128 3106 et
1166 3050 1398 3106 -οἱτωσαν
1442 3069 1538 3124 pro
1589 3050 1800 3107 -οὶντων,
1878 3050 1942 3106 In
2000 3052 2103 3106 Me-

125 3135 330 3191 nandro
369 3137 586 3192 demum
627 3144 680 3192 ct
720 3138 1032 3210 aequalibus
1074 3140 1175 3195 ista
1211 3140 1340 3195 ferri
1378 3147 1638 3211 possunt,
1689 3140 1745 3194 in
1786 3138 2102 3214 Thucydide

122 3231 177 3279 et
217 3224 564 3297 Xenophonte
604 3242 707 3279 non
743 3234 982 3298 possunt.
1065 3228 1353 3302 Postquam
1413 3229 1636 3300 antiqua
1699 3226 1871 3282 forma
1924 3228 2102 3282 Attica

124 3309 279 3383 plane
314 3315 367 3367 in
409 3312 818 3369 desuetudinem
860 3314 1111 3382 abiisset,
1162 3325 1223 3371 ut
1255 3332 1411 3371 nemo
1459 3323 1674 3388 praeter
1721 3315 1959 3371 eruditos
2000 3315 2099 3369 iin-

125 3414 262 3470 guae
315 3399 523 3456 Veteris
577 3403 877 3458 imitatores
931 3403 1118 3460 formis
1173 3406 1227 3459 in
1276 3405 1487 3469 -όντων,
1542 3404 1730 3459 ·οέντων
1780 3409 1834 3458 et
1883 3403 2095 3466 ·έσθων,

123 3486 311 3541 ·άσθων
354 3495 627 3555 uteretur,
680 3499 886 3547 veteres
926 3493 1228 3565 scripturae
1268 3495 1324 3547 in
1374 3509 1570 3565 magno
1620 3491 1935 3547 discrimine
1985 3507 2098 3547 ver-

124 3577 231 3630 sari
271 3583 577 3647 coeperunt.
657 3579 1001 3637 Aristarchus
1046 3582 1099 3636 in
1139 3582 1353 3638 Homeri
1387 3579 1720 3637 carminibus
1763 3577 1948 3635 sedulo
1979 3578 2100 3636 illas
