2436 4068
1319 182 1425 231 760

865 332 912 380 4.
992 326 1361 392 Καλλίμαχος.
1771 327 1891 396 543.

644 416 818 470 CVIII.
867 424 889 467 1
902 457 912 467 .
994 415 1263 481 Θεόφιλος.
1771 415 1874 488 54ξ

861 507 909 554 2.
993 508 1333 567 Θεμιςοκλῆς.
1392 541 1402 552 .
1485 539 1496 551 .
1579 539 1591 552 .
1676 540 1686 552 .
1770 503 1874 569 54}

863 594 911 642 5.
991 591 1212 657 Ἀρχίας
1219 626 1689 642 ......
1773 589 1894 659 54ξ.

487 681 594 732 Iam
649 695 772 732 vero
831 684 1038 731 constat
1097 681 1237 730 inter
1308 692 1490 729 omnes
1561 675 1753 729 bellum
1824 690 2036 727 sacrum
2099 673 2363 730 Phocense
2434 679 2436 735 ἑ

394 775 698 836 susceptum
757 774 970 836 propter
1027 766 1282 836 templum
1335 781 1363 817 a
1421 763 1781 816 Phocensihus
1841 769 2158 832 occupatum
2218 755 2436 831 varium}

392 857 558 908 Marte
628 863 835 924 gestum
894 872 1015 908 cum
1076 853 1427 907 Phocensium
1487 852 1646 904 exitio
1707 850 2007 903 confectum
2064 867 2178 904 esse
2232 869 2366 905 anno
2430 847 2436 913 ζ

395 944 589 995 decimo
642 943 725 994 ἐπ’
767 943 1016 1009 Ἀρχίου,
1080 958 1217 995 anno
1259 941 1415 994 tertio
1456 938 1784 1012 Olympiadis
1822 938 1960 992 Vlll.
2039 938 2202 992 Multa
2241 946 2368 994 sunt
2388 952 2436 1022 3ss

394 1037 445 1084 et
500 1031 696 1083 diserta
757 1031 808 1082 in
879 1030 1012 1083 lianc
1066 1046 1178 1083 rem
1241 1029 1546 1081 testimonia
1601 1027 1853 1081 Veterum
1897 1026 2115 1080 collecta
2157 1043 2186 1080 a
2227 1025 2365 1080 Clin-
2430 1036 2432 1038 ’

394 1127 519 1171 tono
561 1119 615 1170 in
670 1118 727 1171 F.
766 1118 826 1170 H.
887 1125 937 1171 et
981 1118 1269 1186 Krueg'em.
1353 1114 1603 1169 Omnium
1659 1116 1831 1168 instar
1868 1122 1947 1169 est
1990 1114 2402 1170 Demosthenes

398 1207 508 1273 περὶ
561 1207 987 1273 παραπρεσβείας
1047 1207 1075 1274 §
1123 1210 1210 1258 57.
1253 1220 1369 1274 sqq.
1434 1202 1574 1256 unde
1633 1204 1792 1256 etiam
1848 1221 1946 1274 quo
2005 1204 2088 1256 die
2140 1195 2407 1264 Phoceu-7⁹

398 1312 482 1348 ses
534 1295 791 1365 perierint
841 1300 1173 1363 compertum
1215 1298 1331 1355 est,
1372 1307 1561 1361 nempe
1599 1297 1980 1358 Σκιροφοριῶνος
2025 1292 2180 1357 μηνὸς
2221 1290 2405 1362 ὀγδόῃ

395 1384 670 1450 φθμνοντος
771 1382 863 1435 Illo
923 1382 1066 1434 enim
1127 1379 1211 1433 die
1270 1378 1565 1433 Phocenses
1625 1395 1680 1432 se
1737 1396 1939 1450 suaque
2004 1381 2182 1432 omnia
2251 1379 2374 1432 Phi·

397 1471 538 1540 lippo
598 1469 944 1533 dediderunt,
1004 1484 1033 1520 a
1075 1483 1179 1538 quo
1228 1465 1418 1520 deinde
1471 1474 1682 1538 praeter
1741 1484 1887 1538 spem
1943 1467 2205 1521 Thebanis
2246 1473 2390 1520 sunt

397 1558 602 1613 traditi.
684 1557 819 1610 Tum
880 1561 1134 1625 occupata
1178 1554 1366 1608 Phocis
1414 1562 1495 1608 est
1536 1556 1976 1626 munimentaque
2026 1555 2240 1610 urbium
2286 1555 2407 1610 de-

403 1647 539 1700 iecta
596 1653 648 1699 et
705 1644 864 1698 urbes
924 1643 1033 1696 solo
1076 1651 1332 1712 aequatae
1383 1648 1437 1696 et
1479 1644 1556 1696 sic
1595 1650 1800 1696 vastata
1856 1650 1965 1697 tota
2017 1643 2245 1697 Phocide
2284 1643 2409 1699 καὶ

401 1737 498 1789 τῶν
540 1734 744 1788 Φωκέων
787 1754 928 1787 κατα
969 1732 1144 1795 κώμας
1186 1731 1519 1798 διῳκισμένων
1572 1731 1762 1803 Pythia
1804 1748 1834 1784 a
1876 1732 2078 1785 victore
2128 1731 2402 1804 Phiiippo

403 1823 667 1877 celebrata
717 1829 884 1883 sunt,
943 1827 995 1873 et
1049 1819 1101 1871 in
1158 1819 1241 1871 his
1295 1819 1602 1881 ‘tozmvc'ſtrctae
1660 1826 1796 1874 teste
1848 1819 2202 1874 Demosthene
2259 1841 2391 1888 περι

403 1911 734 1979 παραπρεσβ.
800 1911 827 1978 §
874 1912 995 1961 128.
1054 1907 1243 1979 Pythia
1303 1913 1480 1960 autem
1527 1905 1856 1980 Olympiadis
1915 1909 2175 1979 cuiusque
2234 1922 2406 1962 anno

405 2001 550 2054 tertio
592 1997 854 2051 celebiata
896 1996 1060 2049 fuisse
1101 2011 1283 2048 omnes
1324 1995 1667 2048 consentiunt
1765 1995 2052 2049 Auclumno
2106 1994 2403 2050 celebrata

405 2088 568 2141 fuisse
628 2093 734 2138 tam
797 2084 1096 2138 luculenter
1154 2083 1539 2137 demonstravit
1592 2082 1904 2147 Clintonus,
1965 2091 2025 2138 ut
2076 2084 2376 2139 Boeckhius
2411 2088 2436 2149 ,ἶ

407 2171 816 2228 contradicendo
873 2172 1003 2225 nihil
1057 2172 1198 2225 aliud
1255 2171 1490 2226 effecerit
1543 2172 1648 2224 nisi
1708 2178 1768 2224 ut
1823 2171 2052 2225 Clintoni
2110 2173 2436 2234 sententia

407 2264 566 2316 etiam
609 2260 1033 2314 confirmaretur.
1115 2259 1316 2313 Bellum
1371 2275 1509 2311 anno
1563 2259 1758 2312 decimo
1811 2258 2109 2313 consectum
2167 2276 2282 2315 esse
2322 2267 2376 2315 et
2407 2251 2436 2368 ἐξ

407 2351 631 2405 aliorum
669 2348 884 2402 disertis
926 2348 1247 2401 testimoniis
1289 2354 1494 2401 constat
1536 2354 1587 2400 et
1629 2346 1885 2400 Athenaei
1937 2363 1986 2416 p.
2033 2351 2158 2402 560.
2201 2349 2256 2402 Β.
2298 2349 2375 2402 ita
2407 2326 2436 2416 ς’

408 2439 725 2515 scribentis·
769 2437 790 2489 ὂ
831 2436 955 2501 ἱερὸς
993 2437 1304 2500 καλούμενος
1343 2435 1569 2499 πόλεμος
1609 2465 1683 2474 ——
1720 2435 1964 2495 δεκαετὴς
1999 2434 2268 2500 γενόμενος
2303 2437 2371 2504 τῷ

407 2526 604 2594 δεκατῳ
653 2524 752 2578 ἔτει
809 2525 1067 2578 Φιλίππου
1119 2527 1571 2591 συμμαχήσαντος
1613 2523 1770 2589 πέρας
1818 2522 1989 2590 ἔσχεν.
2070 2514 2418 2578 Athenaeus
2407 2557 2431 2627 ἐπ

409 2615 474 2669 de
527 2613 663 2667 hello
726 2612 979 2666 Phocensi
1034 2612 1234 2681 legerat
1288 2619 1340 2665 et
1389 2610 1726 2665 Callisthenis
1765 2611 1927 2664 libros
1967 2631 2078 2678 περι
2119 2616 2205 2665 τοῦ
2247 2615 2417 2723 iepoia'gi,
2431 2670 2433 2674 Α

408 2703 633 2768 πολέμου
678 2701 889 2774 (Athen
942 2717 991 2771 p.
1018 2704 1142 2754 560.
1184 2698 1260 2771 C.)
1304 2707 1354 2754 et
1390 2717 1478 2754 eos
1513 2717 1644 2770 quos
1681 2698 1769 2752 alii
1805 2698 2046 2768 EphorO,
2087 2698 2174 2752 alii
2206 2680 2415 2826 Ερίῑο-ἷὲ

407 2792 456 2844 ri
500 2791 604 2843 lilio
645 2788 954 2859 Demopliilo
1008 2788 1328 2841 tribuebant.
1410 2788 1670 2842 Diodorus
1722 2786 1936 2841 Siculus
1970 2787 2104 2841 XVI.
2154 2793 2247 2842 14:
2300 2789 2372 2847 ἐν·
2433 2784 2436 2786 ’

407 2880 580 2933 τεῦθεν
621 2878 796 2945 ἦρκται
839 2877 1142 2943 Δημόφιλος
1194 2878 1215 2929 ὁ
1258 2876 1473 2944 Ἐφόρου
1527 2879 1613 2931 τὸν
1659 2877 1782 2942 ἱερὸν
1821 2876 2047 2940 πόλεμον
2090 2897 2375 2942 συντεταγ-

409 2968 573 3043 μένος.
654 2966 958 3019 Athenaeus
1001 2982 1115 3035 pag.
1161 2969 1286 3019 252.
1334 2966 1407 3019 E:
1443 2970 1663 3033 Ἔφορος
1706 2966 1756 3018 δὲ
1797 2965 1824 3027 ἢ
1864 2964 2167 3032 Δημόφιλος
2210 2967 2232 3018 ὃ
2274 2950 2413 3028 υἱὸς-,ξ

409 3060 566 3111 αὑτοῦ
610 3055 719 3122 περὶ
762 3059 848 3108 τοῦ
892 3055 938 3106 ἐν
982 3060 1212 3120 Δελφοῖς
1252 3056 1379 3121 ἱεροῦ
1421 3055 1588 3118 λέγων
1628 3055 1735 3106 κτέ.
1815 3052 2170 3123 Consequitur
2210 3028 2411 3122 igitur}

410 3163 473 3199 ex
508 3145 592 3197 his
638 3143 830 3196 bellum
874 3141 1179 3194 inchoatum
1224 3159 1336 3195 esse
1375 3143 1456 3195 ἐπὶ
1498 3140 1895 3208 Καλλιςροέτου,
1952 3141 2042 3210 qui
2083 3139 2147 3193 ab
2182 3140 2376 3194 Archia
2400 3130 2410 3170 ²*

410 3233 651 3286 decimus
693 3239 809 3294 est,
864 3246 1000 3282 anno
1042 3229 1273 3282 secundo
1315 3229 1644 3301 Olympiadis
1681 3228 1806 3281 CVI.
1888 3227 2071 3297 ltaque
2114 3228 2373 3298 templum

407 3338 436 3374 a
480 3318 838 3374 Phocensibus
879 3325 1196 3388 occupatum
1239 3326 1317 3371 est
1358 3326 1408 3370 et
1461 3317 1585 3369 hinc
1627 3314 1820 3368 bellum
1872 3317 2050 3386 erupit
2090 3333 2221 3368 anno
2260 3324 2374 3387 post

409 3425 567 3478 quam
627 3405 1026 3475 Xenophontem
1085 3405 1194 3471 περὶ
1253 3403 1411 3470 πόρων
1467 3404 1744 3473 scripsisse
1797 3402 2218 3457 demonstratum
2277 3409 2371 3457 est.

408 3497 674 3550 Disertum
719 3502 798 3547 est
840 3492 1054 3546 Diodori
1093 3491 1260 3546 Siculi
1297 3493 1662 3546 testimonium
1699 3491 1834 3544 XVI.
1879 3495 1976 3545 25:
2020 3492 2102 3544 ἐπ’
2129 3490 2373 3557 ἄρχοντος

406 3585 641 3646 Ἀθήνησι
684 3580 1044 3647 Καλλιςροὶτου
1084 3582 1106 3634 ὂ
1146 3581 1345 3643 κληθεὶς
1383 3582 1506 3649 ἱερὸς
1541 3579 1766 3645 πόλεμος
1794 3580 1973 3641 συνέςκ
2013 3579 2098 3634 καὶ
2134 3579 2373 3644 διέμεινεν

2391 1063 2436 1291 l

2396 1271 2436 1398 l

2419 1400 2436 1563 l

2400 1568 2436 1790 l

2392 1746 2409 1932 :wm-
2388 1599 2436 1739 ψῗρ-
2350 1361 2411 1597 'wa-'-
2381 1179 2410 1358 msa-
