2436 4068
1280 183 1386 232 852

380 326 503 384 θεῖος
545 355 612 364 -
657 333 787 385 σεῑος
827 357 901 365 —-
938 325 1036 385 δῖος
1081 327 1167 378 27.

380 412 690 480 θεοισεχθρία
731 412 1015 466 formatum
1058 429 1119 466 ex
1159 415 1281 475 θεοῖς
1323 416 1494 483 ἐχθρός
1535 424 1587 472 et
1627 419 1744 472 sim.
1787 423 1912 474 594.

378 502 501 561 θεοῖς
540 503 671 554 πᾶσι
711 501 796 554 καὶ
838 499 1032 562 πάσαις
1075 505 1160 554 27.

375 595 498 656 θεός.
536 576 670 656 δὲ,
712 580 841 658 aff,
886 580 1022 658 δᾶ,
1065 579 1179 650 ὦτ’.
1228 600 1313 651 10.

604 672 696 741 (ἶῆ
737 686 935 741 excidit
974 694 1092 759 post
1134 697 1225 742 OT
1271 693 1355 744 10.

601 776 706 835 θεὸς
744 774 872 831 οὖσα
911 808 985 817 —-
1028 777 1205 831 θέουσα
1248 780 1372 830 579.

601 854 703 924 Θ-Ν”
739 876 791 923 et
831 870 880 921 ἐν
920 866 1138 922 confusa
1178 872 1304 922 547.

376 960 480 1021 θεός
525 957 595 1032 (ἡ)
621 1001 634 1021 ,
678 974 781 1012 non
823 960 850 1019 ἦ
892 956 981 1010 θεά
1024 959 1111 1010 26.

373 1048 614 1113 θεύσομαι
653 1078 728 1085 —
765 1046 1015 1111 λεύσομαι
1061 1048 1182 1099 144.

375 1139 461 1192 θεώ
507 1136 616 1211 (τὼ)
658 1168 731 1177 -
768 1136 839 1190 τά
879 1134 969 1189 θεά
1010 1138 1098 1188 27.

372 1228 621 1295 θηρατής,
661 1224 917 1294 θηράτωρ,
956 1224 1163 1292 θηρητήρ
1205 1229 1254 1278 et
1296 1223 1416 1278 sim.
1458 1226 1582 1279 588.

372 1315 486 1380 θίξω
528 1331 623 1386 pro
662 1314 862 1379 θίξομαι
903 1311 1189 1367 barbarum
1231 1316 1356 1368 248.

371 1407 559 1468 θνήσκω
586 1445 599 1468 ,
639 1403 933 1465 κατθνήσκω
975 1401 1168 1471 tragici
1210 1419 1303 1471 pro
1340 1403 1633 1467 ἀποθνήσκω
1664 1406 1766 1457 29.

369 1492 572 1560 θράττει
613 1524 687 1531 -
725 1489 748 1546 ὃ
786 1489 1033 1559 ταράττει
1075 1493 1199 1546 654.

373 1584 613 1652 Θρᾴττης
654 1578 701 1634 εἷ
738 1612 812 1621 —-
851 1578 1052 1646 θράττει
1093 1599 1150 1631 σε
1193 1581 1317 1633 654.

370 1670 564 1738 θράττω
604 1670 782 1741 priore
820 1668 974 1737 longa
1015 1671 1140 1721 654.

369 1758 673 1826 θρεμμάτων
711 1790 785 1797 —-
822 1756 1141 1823 μαθημάτων
1189 1759 1307 1809 154.

370 1849 656 1915 θριπήδεςος
696 1879 770 1886 -
809 1845 1163 1913 θριπηδέςατος
1205 1849 1330 1900 405.

369 1939 504 2003 θροῦς
544 1969 619 1976 -
657 1935 859 2002 θόρυβος
901 1938 1026 1988 571.

370 2025 498 2079 θύειν
537 2023 832 2089 εὐαγγέλια
873 2027 996 2077 527.

332 2183 333 2188 ¹
372 2121 587 2166 ΘΊῈΙΝ
626 2145 701 2153 --
741 2119 960 2166 οΤΣΙΝ
1002 2114 1127 2164 227.

369 2202 568 2256 θύεσθαι
611 2203 690 2254 ἐπ’
732 2199 880 2269 ἐξόδῳ
920 2207 971 2254 et
1012 2201 1130 2253 sim.
1175 2203 1299 2254 478.

367 2289 684 2359 θυμοφθόρων
724 2321 799 2330 —-
837 2290 1126 2354 θανασίμων
1173 2291 1292 2342 196.

365 2378 535 2447 θύραζ’
571 2409 645 2418 -
683 2378 830 2446 θύρας
877 2382 997 2432 151.

366 2716 388 2760 I
428 2729 498 2759 z:
537 2705 660 2759 δέκα
702 2705 898 2760 excidit
939 2709 1082 2770 251,
1126 2709 1250 2759 795.

364 2804 387 2847 Ι
427 2793 756 2864 adscriptum
798 2794 1071 2848 intercidit
1112 2797 1238 2848 650.

364 2891 386 2935 l·
427 2889 480 2937 et
519 2891 554 2934 P
597 2881 816 2936 confusa
856 2885 981 2936 281.

363 2969 390 3024 ἵ
422 2971 779 3024 nominativus
821 2971 1147 3040 pronominis
1185 2969 1277 3034 οὗ,
1318 2967 1397 3031 οἶ,
1435 2969 1478 3024 ἕ.
1527 2975 1648 3024 115.

362 3059 418 3113 ιά
461 3058 544 3132 (οἱ)
588 3079 645 3108 z
687 3059 728 3112 οἱ
769 3055 946 3112 ἕνδεκα
987 3067 1037 3111 et
1077 3061 1118 3113 οἱ
1158 3059 1429 3122 Ἀθηναίων
1469 3058 1687 3114 confusa
1728 3062 1854 3113 250.

360 3148 440 3200 -ία
485 3147 719 3220 (nomina
762 3145 835 3218 in)
878 3163 974 3217 pro
1013 3178 1071 3185 —
1125 3168 1205 3201 εια
1229 3190 1243 3212 ,
1283 3148 1513 3214 άμελία,
1553 3148 1804 3214 εὐσεβία,
1844 3145 2055 3200 εὐτελία
2102 3148 2221 3199 190.

360 3234 605 3289 ἰάσασθαι
644 3267 720 3274 —
757 3235 928 3289 ἰᾶσθαι
970 3239 1099 3291 418.

361 3332 424 3376 ΙΓ
467 3330 518 3378 et
559 3331 604 3376 H
644 3322 862 3376 confusa
902 3324 954 3376 in
996 3323 1306 3391 άνδρόφητες
1347 3341 1442 3395 pro
1479 3325 1858 3394 άνδρόσφιγγες
1901 3326 2026 3377 282.

361 3412 517 3472 -ιδεύς
560 3411 795 3485 (nomina
829 3412 905 3484 in)
948 3420 1006 3466 ut
1044 3414 1274 3475 λυκιδεύς
1321 3418 1440 3468 151.

362 3501 463 3570 ἰδία
502 3531 576 3539 -—-
614 3499 717 3554 ἴδια
759 3504 863 3554 565
889 3542 901 3563 ,
944 3506 1069 3558 744.

364 3589 466 3642 ἰδία
507 3620 580 3628 --
619 3588 749 3642 ἰδίαν
791 3592 912 3642 566.
