2436 4068
1069 184 1175 236 857

133 332 292 383 Πυθοῖ
318 360 394 369 -
427 329 477 381 ἐν
512 329 670 382 Πυθοῖ
709 331 834 382 521.

128 415 445 482 πυνθάνομαι
486 412 614 469 εἶναι
655 422 708 469 et
743 417 898 478 οὔσας
942 419 1070 470 796.

130 504 459 571 πνρρότριχες
492 535 568 543 -
602 505 915 573 πυρροτρίχω
960 506 1084 558 776.

129 613 208 646 πω
240 623 316 632 -—
354 591 457 655 ἐγώ
500 594 630 645 277.

131 686 322 734 πωλεῖν
357 678 539 732 venale
578 677 767 732 habere
811 683 953 742 159,
993 681 1120 733 648.
1729 731 1761 766 9

54 775 61 793 '
129 774 321 821 πωλεῖν
358 766 481 834 πρός
520 786 570 819 τι
608 772 661 819 et
696 767 817 820 sim.
861 768 993 843 569,

128 861 326 921 πῶμα,
366 871 471 908 non
511 853 690 918 πόμα,
731 852 980 908 dicebant
1018 851 1236 907 Veteres
1276 855 1417 917 455,
1460 856 1598 919 494,
1641 859 1764 910 791.

129 948 236 1003 πῶς
273 958 380 996 non
420 940 770 1012 intelligentis
808 940 937 1012 quid
977 939 1190 995 dicatur
1231 943 1321 997 15.

130 1036 236 1093 πῶς
275 1033 366 1086 οὐκ
399 1028 638 1094 ἄνᾶγκη;
680 1031 809 1083 565.

22 1167 29 1180 .
130 1139 239 1180 πως
274 1150 350 1159 —
384 1118 503 1179 ἴσως
544 1120 675 1171 651.

130 1211 237 1267 πῶς
270 1238 347 1246 -
376 1208 442 1266 ὥς
485 1207 612 1259 772.

129 1299 236 1354 πῶς
276 1287 342 1348 ἄν
374 1325 451 1334 -
482 1296 548 1354 ὦς
588 1293 649 1355 δή
695 1296 815 1347 154.

129 1388 236 1443 πῶς
273 1381 415 1451 ἔχεις
455 1383 576 1449 πρὸς
618 1384 796 1439 τοῦτ-ος
836 1381 956 1448 πρὸς
995 1382 1054 1435 τὸ
1092 1380 1251 1435 πίνειν
1290 1386 1344 1436 et
1385 1381 1529 1438 sim..
1556 1386 1678 1437 108.

129 1477 237 1531 πῶς
272 1468 439 1534 εἷδοςς
480 1500 556 1510 —
593 1467 822 1546 πόσειδρς
867 1473 954 1523 15.

128 1564 236 1621 πῶς
275 1557 360 1614 οὖν
395 1591 471 1600 —
507 1555 663 1617 οὕτως
700 1555 782 1611 οὖν
822 1547 949 1612 565.

130 1835 167 1879 Ρ
210 1832 263 1879 et
302 1834 325 1879 1
366 1821 585 1878 confusa
630 1827 756 1878 281.

126 1918 243 1984 ῥᾷον
278 1945 354 1954 —
385 1912 537 1979 βαιόν
578 1914 704 1966 275.

125 2007 243 2074 ῥᾷον
275 2033 352 2043 -
382 2003 547 2072 ῥᾴδιον
590 2005 715 2056 748.

126 2094 291 2159 ῥεῖνας
335 2090 514 2164 (ῥῖνας)
554 2122 630 2130 -
666 2096 850 2158 χεῖρας
892 2093 1019 2144 552.

126 2178 374 2248 ῥερπιδοὶω
413 2195 510 2251 pro
547 2179 748 2247 ῥειπίδα
787 2178 1001 2252 (ῥιὴίδα)
1042 2175 1079 2247 ᾧ
1120 2183 1245 2235 281.

123 2268 283 2337 ῥεύσω
322 2265 548 2321 barbara
588 2268 898 2339 sequiorum
938 2266 1109 2323 forma
1151 2285 1246 2339 pro
1283 2269 1531 2337 ῥυήσομωι
1575 2271 1699 2324 249.

125 2360 302 2426 ῥιγῶν,
344 2359 575 2425 ῥιγῶσα,
614 2357 903 2425 ριγώντων,
940 2357 1072 2426 ῥιγῷ.
1104 2357 1282 2413 Attice
1322 2374 1417 2429 pro
1455 2362 1625 2427 ῥιγοῦν
1663 2364 1768 2414 cet.
1811 2364 1936 2416 540.

127 2449 324 2513 ῥιπτεῖν
355 2475 432 2485 —
461 2445 655 2513 ῥίπτειν
697 2448 824 2520 459.

125 2534 253 2602 ῥοπή
283 2563 359 2573 -
390 2535 548 2600 τροπή
591 2536 720 2588 262.

125 2622 415 2692 ῥοφήσομαι
457 2619 707 2690 dicebant
746 2621 948 2686 Attici,
990 2638 1094 2676 non
1134 2623 1334 2692 ῥοφήσω
1378 2626 1503 2679 252.

1085 2770 1146 2814 Σ.

129 2885 308 2954 σαθρός
342 2918 415 2926 -
448 2884 642 2952 σαπρός
685 2889 774 2939 57.

130 2995 257 3036 ·σως
298 2981 351 3029 et
391 2975 449 3028 σθ
490 2972 711 3029 confusa
758 2977 879 3028 117.

128 3063 299 3132 σαφές
332 3094 406 3103 -
437 3060 576 3131 ἄφες
618 3065 709 3117 25.

127 3151 416 3221 camis-ava
450 3182 525 3191 —
560 3150 694 3221 σάφ’
734 3150 829 3205 ἴσθι
873 3154 999 3206 555.

129 3242 245 3294 cela
287 3239 363 3314 (id
402 3245 487 3295 est
519 3238 650 3313 θεία)
693 3246 746 3294 et
786 3239 876 3294 σιώ
915 3237 1137 3294 confusa
1178 3242 1265 3295 27.

127 3335 438 3396 σεμνολογεῖ
464 3358 540 3369 —-
573 3337 862 3398 σεμνολογῇ
884 3370 898 3393 ,
939 3335 1272 3395 σεμνολογεῖς
1314 3333 1445 3384 640.

126 3418 346 3472 cbo-corat
382 3416 571 3472 vitiose
609 3433 704 3489 pro
742 3417 963 3475 σέσωςοιι
1005 3425 1059 3473 et
1101 3418 1220 3473 sim.
1266 3421 1394 3472 447.

126 3505 213 3577 on)
256 3525 323 3559 =
361 3506 644 3571 σημείωσοιι
686 3509 811 3561 547.

128 3601 336 3660 σημεῖον
373 3594 446 3650 δέ.
488 3626 562 3635 -
600 3592 706 3662 γάρ
746 3602 798 3650 et
838 3595 957 3649 sim.
1002 3597 1145 3659 419,
1190 3598 1313 3648 781.

1603 3687 1647 3719 04
