2436 4068
1307 222 1411 272 294

669 369 848 437 γνώμῃ
886 367 990 435 γὰρ
1031 367 1202 433 ἀνδρὸς
1244 363 1299 419 εὖ
1340 366 1435 430 μὲν
1473 365 1721 419 οἰκοῦνται
1763 366 1937 428 πόλεις

667 457 722 513 εὖ
764 460 807 511 δ’
848 453 994 515 οἶκος.

367 552 420 599 et
461 546 511 599 in
554 545 766 600 Electra
806 560 883 598 νε.
925 546 1051 596 586.

665 635 708 686 οἱ
748 633 853 698 γὰρ
891 634 1102 684 τοιοῦτοι
1143 629 1242 690 τὰς
1283 628 1458 690 πόλεις
1499 630 1713 683 οἰκοῦσιν
1755 626 1809 684 εὖ

665 721 751 773 καὶ
793 720 1010 785 δώμαθ’,
1052 719 1107 771 αἱ
1148 718 1199 771 δὲ
1241 716 1424 784 σάρκες
1466 721 1521 773 αἱ
1562 717 1702 772 κεναὶ
1741 722 1934 786 φρενῶν

667 807 953 872 ἀγάλματ’
992 807 1190 873 ἀγορᾶς
1231 807 1372 860 εἰσιν.

367 896 458 950 ubi
511 893 680 948 multo
753 894 947 948 melius
1001 893 1238 964 legetur:
1299 893 1385 947 καὶ
1438 891 1615 954 πόλεις
1673 895 1886 948 οἰκοῦσιν
1940 891 2015 948 εὖ.
2106 894 2339 950 Praeivit

366 983 663 1056 Aeschylus
713 981 856 1053 Sept.
899 999 944 1036 c.
989 982 1084 1036 Th.
1132 984 1253 1035 190.

668 1070 888 1125 δείσασα
926 1070 969 1124 δ’
1010 1071 1122 1139 οἴκῳ
1163 1069 1250 1124 καὶ
1291 1069 1439 1123 πόλει
1481 1069 1635 1123 πλέον
1675 1070 1861 1133 κακόν,

366 1159 594 1232 populus
647 1158 831 1213 eodem
889 1175 1051 1213 sensu
1099 1158 1204 1227 ἰδία
1243 1156 1329 1211 καὶ
1391 1158 1611 1227 δημοσία
1650 1156 1850 1211 solebat
1902 1156 2114 1213 dicere:
2168 1175 2341 1230 neque

364 1248 607 1316 ἀνανδρία
640 1264 738 1320 pro
772 1248 1006 1313 ἀτολμία
1054 1245 1272 1301 dubiam
1309 1246 1576 1317 optionem
1611 1244 1766 1300 facit:
1809 1245 1941 1300 illud
1987 1263 2196 1318 semper
2251 1264 2340 1301 no·

365 1343 450 1391 cet
485 1343 538 1390 et
578 1334 923 1406 opprobrium
971 1341 1088 1398 est,
1130 1333 1228 1387 hoc
1273 1350 1379 1387 non
1419 1333 1566 1387 item.
1647 1332 1795 1388 Unde
1834 1335 2002 1404 igitur
2049 1337 2183 1390 istae
2222 1353 2342 1407 per-

364 1441 550 1479 versae
585 1424 886 1495 scripturae
922 1424 977 1476 in
1010 1439 1117 1476 uno
1138 1421 1428 1492 eodemque
1451 1420 1597 1475 loco?
1641 1438 1764 1475 nam
1789 1423 2034 1477 Archelai
2062 1431 2115 1478 et
2137 1424 2341 1478 Erech·

366 1514 473 1566 thei
519 1511 880 1582 fragmentum
934 1509 1075 1564 idem
1119 1527 1183 1564 ex
1237 1509 1419 1564 eadem
1474 1508 1650 1564 fabula
1701 1528 1816 1565 esse
1872 1518 2050 1582 patet,
2110 1519 2162 1567 et
2222 1513 2342 1584 quis

367 1600 579 1654 Stohaei
622 1598 877 1653 lemmata
916 1614 1077 1668 quam
1129 1597 1335 1651 lubrica
1383 1597 1484 1651 fide
1538 1599 1647 1651 sint
1698 1599 1909 1653 nescit?
1989 1600 2188 1672 Nempe
2229 1618 2342 1655 cor-

365 1695 602 1743 rectores
640 1686 779 1758 quod
820 1687 1078 1740 amissum
1130 1693 1245 1740 erat
1292 1703 1390 1739 suo
1433 1686 1600 1740 Marte
1646 1687 1848 1741 sarcire
1900 1690 2137 1758 aggressi
2181 1695 2340 1744 sunt:

363 1776 507 1847 quod
551 1791 710 1846 quam
745 1790 900 1845 saepe
941 1780 993 1827 et
1033 1790 1194 1844 quam
1235 1774 1405 1845 perite
1451 1774 1505 1827 in
1551 1773 1774 1829 Stobaeo
1811 1774 2035 1829 fecerint
2087 1777 2249 1832 semel
2290 1783 2343 1832 et

362 1866 566 1919 iterum
606 1862 986 1917 demonstravi.
1068 1861 1180 1916 Non
1223 1861 1553 1933 reprehendo
1593 1863 1638 1916 si
1679 1863 1800 1933 quis
1839 1863 1966 1918 huic
2005 1865 2082 1919 rei
2122 1864 2344 1920 idoneus

363 1969 427 2006 ea
466 1968 601 2023 quae
645 1951 814 2004 oculis
851 1967 954 2003 non
994 1950 1226 2020 amplius
1269 1957 1569 2003 cernuntur
1611 1950 1775 2005 veluti
1816 1968 1880 2005 ex
1921 1950 2056 2007 Orco
2092 1960 2345 2008 revocat:

366 2039 459 2094 sed
494 2041 624 2094 istos
659 2038 945 2093 Graeculos
976 2054 1196 2108 prorsus
1227 2038 1275 2091 ei
1316 2038 1528 2107 negotio
1569 2039 1799 2109 impares
1833 2040 2103 2111 quodlibet
2140 2048 2341 2099 temere

363 2128 605 2199 arripere
654 2134 708 2180 et
747 2133 1095 2180 monumenta
1138 2126 1422 2179 vetustatis
1463 2125 1753 2196 depravare
1801 2127 1854 2180 id
1895 2145 2019 2182 vero
2060 2128 2338 2184 serendum

367 2233 473 2270 non
513 2222 609 2269 est.
688 2215 922 2268 Istorum
967 2215 1108 2267 enim
1155 2213 1369 2267 inscitia
1412 2213 1776 2284 impudentiae
1822 2232 1919 2287 par
1961 2223 2072 2280 est,
2112 2218 2204 2288 qui
2247 2234 2341 2272 ne-

369 2321 471 2376 que
518 2304 650 2357 satis
699 2302 897 2356 Graece
945 2302 1204 2364 scienteS,
1252 2317 1423 2371 neque
1475 2301 1832 2373 intelligentes
1875 2319 1935 2357 ea
1990 2321 2124 2374 quae
2159 2322 2341 2359 recon-

367 2391 657 2446 cinnabant
699 2389 938 2454 scilicet,
996 2388 1368 2460 quodcumque
1421 2390 1656 2460 primum
1711 2391 1858 2444 venit
1900 2393 1953 2444 in
2004 2399 2237 2447 mentem
2286 2393 2341 2447 id

364 2485 651 2553 reponunt.
734 2477 1021 2548 Supererat

596 2573 1165 2621 OTTOIKONOTTE
1210 2565 1235 2591 *
1279 2565 1304 2590 *
1343 2574 1990 2622 ΑΝΟΡΘΩΣΕΙΕΝΑΝ.

445 2658 710 2711 Porsonus
733 2660 940 2726 poterat
972 2670 1155 2707 verum
1179 2655 1435 2724 reperire:
1478 2671 1540 2708 ex
1580 2655 1819 2726 reliquiis
1849 2657 2149 2727 scripturae
2178 2658 2338 2713 certis

367 2745 608 2814 vestigiis
648 2750 855 2814 poterat
895 2742 1043 2796 πόλιν
1079 2742 1320 2812 explere,
1364 2742 1501 2812 quod
1541 2743 1760 2797 unicum
1811 2751 1893 2798 est
1932 2745 1986 2797 in
2027 2752 2138 2799 tota
2178 2746 2342 2802 Grae-

363 2835 530 2888 ffcilate
564 2831 878 2885 vocabulum
920 2838 974 2884 et
1000 2831 1080 2884 rei
1115 2837 1168 2884 et
1207 2829 1422 2901 linguae
1463 2837 1516 2885 et
1548 2838 1718 2886 metro
1752 2833 1949 2904 optime
1990 2836 2339 2901 convenienS,

362 2929 423 2976 ssat
474 2922 697 2974 istorum
746 2918 938 2989 aliquis
983 2918 1099 2972 οὔτε
1145 2926 1309 2984 γαῖαν
1345 2920 1605 2974 coniecit:
1660 2920 1899 2992 ineptum
1959 2938 2075 2975 esse
2115 2923 2340 2977 vocabu-

364 3011 479 3064 lum
534 3026 600 3062 ne
642 3007 840 3077 cogitat
896 3006 1129 3077 quidem.
1209 3006 1360 3060 Alius
1405 3009 1460 3060 in
1509 3009 1751 3078 graviore
1792 3008 1930 3062 malo
1985 3026 2150 3080 quum
2205 3010 2338 3064 nihil

364 3103 578 3170 praeter
618 3102 1186 3149 ΟΤΤΟΙΚΟΝΟΤΤΕ
1228 3102 1455 3149 restaret
1494 3096 1613 3167 plus
1642 3113 1800 3167 quam
1842 3096 2116 3151 dimidiam
2143 3100 2340 3154 senarii

275 3247 281 3251 ⁷
367 3191 573 3258 partem
627 3182 692 3236 de
745 3199 840 3236 suo
898 3183 1122 3236 resarcit
1181 3182 1376 3236 additis
1423 3184 1595 3249 βίοτον
1648 3186 1784 3239 οὐδὲν
1839 3188 2059 3253 ὠφελεῖ,
2106 3203 2336 3256 quorum

361 3275 537 3340 βίοτον
583 3270 873 3325 absurdum
915 3277 1031 3334 est,
1080 3271 1215 3325 οὐδὲν
1260 3273 1457 3339 ὠφελεῖ
1494 3273 1655 3325 nimis
1701 3271 2014 3342 languidum
2060 3280 2113 3327 et
2157 3275 2339 3346 insipi-

367 3362 527 3416 dum:
569 3359 690 3430 quis
748 3359 888 3412 enim
947 3357 1084 3412 ferat
1135 3359 1210 3412 ita
1255 3358 1523 3413 dicentem
1578 3360 1635 3413 τὸ
1694 3361 1813 3427 πρὸς
1875 3361 2043 3423 ἡδονὴν
2103 3361 2219 3428 ζῆν,
2279 3365 2336 3418 τὸ

362 3448 618 3504 δουλεύειν
664 3452 781 3507 ταῖς
837 3448 1035 3508 ἡδοναῖς
1082 3447 1217 3500 οὐδὲν
1261 3450 1483 3515 ὠφελεῖ,
1538 3453 1696 3518 atque
1731 3447 1861 3502 haec
1901 3449 2213 3520 Euripidem
2260 3452 2336 3505 sic

365 3538 565 3591 dixisse
601 3533 918 3589 credemus?
971 3533 1232 3588 Adiiciam
1274 3534 1418 3588 aliud
1455 3535 1756 3606 exemplum
1795 3553 1961 3607 paene
2005 3538 2198 3594 simile.
2260 3539 2337 3593 Ex

369 3623 642 3696 Euripidis
683 3621 938 3677 Archelao
981 3621 1240 3678 Stohaeus
1281 3623 1411 3678 haec
1459 3621 1609 3677 affert
1648 3623 1828 3678 Floril.
1870 3624 2052 3678 XXIX.
2100 3629 2182 3679 14.
