2436 4068
1295 214 1401 263 566

349 377 464 415 esse
522 364 823 415 ἀποκτενεῖν
881 358 1053 430 palam
1104 364 1200 410 cst.
1282 357 1533 410 Grassata
1586 363 1668 409 cst
1709 374 1769 410 ea
1829 357 1973 413 labes
2013 362 2329 431 gravissime

348 448 402 501 in
446 449 596 503 libris
649 446 1012 519 Thucydideis
1061 451 1114 498 et
1162 445 1378 515 scriptis
1419 451 1472 497 et
1513 443 1672 497 editis
1712 461 1838 499 cum
1892 465 2084 518 magno
2127 450 2325 502 incom-

349 537 504 590 modo
538 554 720 590 eorum
766 535 857 605 qui
899 534 1060 587 etiam
1099 533 1154 585 in
1199 533 1393 586 talibus
1446 531 1822 585 auctoritatem
1879 534 2136 589 librorum
2180 552 2324 589 reve-

347 631 552 677 rentur.
633 623 832 693 Nempe
874 639 977 675 non
1021 628 1229 674 tantum
1273 622 1341 673 iis
1376 618 1702 673 credendum
1750 628 1831 673 est
1880 623 2107 692 perbene
2149 623 2254 676 dici
2297 625 2325 686 ἢ

345 710 512 777 ζῶντα
567 710 707 774 ἄξειν
762 711 790 774 ἢ
841 710 1159 764 ἀποκτείνειν
1200 708 1278 762 vel
1320 711 1654 769 ἀποκτεῖναι,
1713 707 1804 761 sed
1859 710 2020 763 etiam
2068 712 2155 765 IV.
2203 714 2326 766 120.

336 801 635 866 τρέψασθαι
677 806 730 853 et
769 799 1034 853 διασώσειν
1077 796 1352 851 commode
1382 795 1647 865 *coniungi
1687 803 1740 848 et
1779 797 2165 865 τρέψασθαι
2208 800 2328 866 πρὸς
2382 868 2386 872 ¹

342 887 399 938 τὸ
454 886 674 940 ἔλασσον
717 903 811 957 pro
865 886 1149 953 τραπέσθαι
1204 884 1339 938 nihil
1382 882 1810 954 reprehensionis
1865 885 2075 939 habere.
2155 886 2325 940 Iidem

345 983 688 1044 concoquunt
723 974 810 1028 VI.
858 977 945 1026 24.
989 977 1016 1037 ἢ
1058 973 1370 1040 ἀποτρέψειν
1406 1004 1477 1014 —-
1511 971 1539 1034 ἢ
1581 973 1905 1037 ἐκπλεῦσαι,
1947 974 2173 1044 quinon
2218 981 2325 1027 tam

347 1061 483 1115 duro
526 1061 802 1116 stomacho
849 1068 977 1115 sunt
1031 1068 1290 1132 reponant
1341 1058 1529 1124 μάλις’
1588 1059 1694 1132 (ἂν)
1737 1058 1892 1120 οὕτως
1937 1062 2196 1129 ἀσφαλῶς
2252 1063 2330 1115 ε’κ-

345 1155 591 1205 πλεῦσαι.
673 1150 816 1205 Nihil
852 1167 940 1204 605
984 1148 1203 1203 offendit
1241 1147 1332 1201 ΙΙΙ.
1377 1151 1463 1200 46.
1507 1148 2007 1214 παρασκευάσασθαι
2047 1179 2119 1188 --
2160 1170 2328 1217 παρα-

343 1241 595 1293 τενεῖσθαι
654 1256 749 1310 pro
806 1237 1296 1306 παρασκευάσεσθαι
1346 1251 1626 1306 perperam
1654 1237 1922 1306 positum.
2003 1237 2209 1291 Faciles
2252 1238 2329 1292 se-

345 1333 476 1379 runt
520 1329 580 1383 V.
627 1331 716 1381 22.
767 1329 856 1381 οὐκ
909 1325 1118 1395 ἔφασαν
1164 1322 1445 1386 δέξασθαι,
1501 1331 1552 1377 et
1589 1323 1648 1375 V.
1694 1329 1782 1377 50.
1844 1324 2126 1389 μέλλοντες
2179 1328 2331 1381 σπεί-

343 1416 567 1476 σασθαι,
614 1422 662 1469 et
703 1415 790 1468 IV.
828 1418 917 1468 52.
971 1412 1312 1467 κακώσειν-
1333 1413 1678 1478 χειρώσασθαι
1703 1454 1716 1476 ,
1756 1420 1808 1466 6ῑ
1844 1413 1930 1466 IV.
1974 1418 2063 1468 80.
2118 1415 2328 1483 ἤλπιζον

341 1503 638 1571 ἀποςρέψαι
663 1545 676 1567 ,
718 1503 858 1573 quod
900 1500 1102 1571 duplici
1151 1500 1282 1552 vitio
1332 1499 1536 1552 laborat
1578 1516 1808 1570 namque
1851 1518 2035 1555 verum
2078 1510 2160 1556 est
2198 1505 2329 1557 ἀπο-

346 1591 583 1659 τρέψειν,
627 1599 680 1645 et
720 1590 834 1644 VII.
878 1593 966 1642 21.
1023 1587 1251 1654 ἐλπίζειν
1306 1586 1769 1654 κατεργάσασθαι,
1818 1596 1871 1642 et
1913 1588 1995 1642 VI.
2038 1593 2126 1644 24.
2180 1590 2331 1645 οἴσειν

345 1678 433 1732 καὶ
483 1679 936 1745 προσκτήσασθαι,
995 1683 1048 1730 et
1089 1676 1178 1729 Vl.
1225 1679 1313 1728 42.
1368 1677 1650 1741 ὁρμιεῖσθαί
1701 1697 1758 1730 τε
1813 1678 1899 1730 καὶ
1960 1681 2328 1743 ςρατοπεδεύε-

343 1769 494 1830 σθαι,
534 1774 586 1821 et
630 1767 769 1820 VIII.
816 1771 902 1819 75.
961 1761 990 1825 ἧ
1026 1765 1126 1829 μὴν
1167 1764 1646 1830 δημοκρατήσεσθαί
1680 1785 1739 1816 τε
1775 1765 1862 1817 καὶ
1912 1765 2198 1829 ὁμονοήσειν
2237 1769 2324 1822 καὶ

343 1857 429 1910 τὸν
451 1889 525 1896 --
547 1856 772 1920 πόλεμον
803 1853 1064 1921 προθύμως
1103 1853 1300 1905 διοίσειν
1331 1851 1418 1904 καὶ
1466 1863 1570 1911 τοῖς
1618 1853 1963 1918 τετρακοσίοις
2002 1855 2239 1920 πολέμιοί
2268 1878 2326 1911 τε

343 1943 550 1997 ἔσεσθαι
602 1944 689 1998 καὶ
735 1943 871 1997 οὐδὲν
925 1940 1548 2008 ἐπικηρυκεύεσθαι,
1604 1939 1796 2009 ecquid
1848 1958 1963 1994 esse
2002 1948 2176 2012 potest
2218 1961 2327 1998 cer-

343 2034 452 2084 iius
514 2049 672 2102 quam
733 2029 1216 2096 ἐπικηρυκεύσεσθαι
1274 2029 1568 2098 genuinum
1626 2027 1783 2081 esse?
1866 2029 2033 2084 Habet
2090 2030 2325 2102 aliquam

337 2122 554 2174 >veniam
609 2119 911 2174 scribarum
952 2134 1103 2170 error
1142 2116 1231 2171 IV.
1281 2120 1402 2169 127.
1459 2116 1760 2180 νομίσαντες
1801 2118 2021 2185 φεύγειν
2059 2139 2117 2172 τε
2170 2121 2327 2174 αὐτὸν

341 2210 427 2263 καὶ
481 2207 883 2273 καταλαβόντες
926 2206 1261 2274 διαφθείρειν,
1314 2203 1405 2258 sed
1449 2203 1792 2257 manifestum
1853 2213 2028 2260 lamen
2086 2215 2167 2261 est
2220 2209 2325 2262 δια-

337 2299 543 2367 φθερεῖν
570 2314 597 2350 a
635 2294 948 2368 Thucydide
980 2311 1093 2347 esse
1129 2294 1411 2363 scripturn.
1465 2292 1552 2344 Bis
1582 2290 1762 2345 eadem
1805 2292 1948 2346 labes
1985 2293 2170 2349 infecit
2206 2313 2323 2367 par-

338 2386 585 2456 ticipium
628 2383 718 2438 IV.
760 2386 831 2436 92
873 2388 926 2435 et
967 2385 1072 2444 95,
1116 2380 1205 2434 ubi
1242 2379 1395 2433 facile
1430 2378 1632 2449 patebit
1672 2397 1857 2434 verum
1893 2398 2008 2435 esse
2040 2384 2160 2449 πρὸς
2203 2385 2320 2443 τοὺς

338 2477 412 2540 μὴ
461 2471 836 2539 ἀμυνουμένους
887 2469 1114 2530 ἐπιόντες
1167 2477 1219 2521 et
1269 2467 1685 2528 ἀντικατέςησαν
1736 2469 1852 2529 τοὺς
1907 2472 2322 2537 ἀμυνουμένους,

336 2579 506 2634 quum
546 2559 831 2629 utrobique
873 2557 1122 2611 mendose
1159 2555 1505 2620 ἀμυνομένους
1549 2554 1774 2625 legatur.
1857 2556 2174 2613 Simiiliinus
2220 2561 2318 2614 Xe·

338 2650 672 2721 nophonteO,
721 2646 786 2700 de
827 2662 932 2717 quo
967 2644 1145 2698 dicere
1191 2645 1565 2707 instituimUS,
1622 2644 1769 2697 loeus
1809 2652 1889 2699 est
1929 2647 1968 2700 I.
2012 2650 2098 2700 26.
2153 2655 2316 2714 προεῖ-

340 2759 432 2791 πον
466 2735 797 2797 -ἀπιέναι,
839 2735 881 2788 εἰ
923 2735 974 2787 δὲ
1014 2733 1088 2799 μὴ
1126 2735 1188 2793 ὡς
1239 2733 1503 2797 πολεμίοις
1546 2734 1879 2800 χρήσασθαι,
1922 2752 2057 2806 quae
2097 2742 2148 2788 et
2207 2736 2319 2805 ipsa

337 2824 668 2896 perabsurda
726 2823 995 2893 scriptura
1043 2828 1123 2875 est
1180 2838 1273 2891 pro
1312 2822 1614 2888 χρήσεσθαι.
1695 2821 1895 2875 Eadem
1943 2822 2182 2876 eiusdem
2241 2840 2320 2876 er·

334 2913 481 2966 troris
522 2911 822 2982 frequentia
857 2917 937 2964 est
975 2916 1027 2963 et
1062 2909 1204 2980 apud
1239 2909 1386 2962 alios.
1468 2911 1528 2962 ln
1570 2909 1802 2962 Platonis
1845 2911 1973 2981 Rep.
2010 2911 2072 2964 X.
2119 2928 2164 2980 p.
2191 2915 2316 2965 604.

341 3003 401 3055 Α.
440 3001 499 3052 in
547 2998 697 3051 libris
735 3006 842 3052 est:
899 2997 1105 3064 πότερον
1141 2999 1348 3062 μᾶλλον
1390 2998 1546 3050 αὐτὸν
1584 2996 1672 3050 οἴει
1719 3006 1783 3065 τῇ
1832 2999 1972 3066 λύπῃ
2022 3000 2318 3065 μαχεῖσθαί

332 3109 398 3142 τε
428 3086 521 3140 καὶ
555 3087 985 3150 ἀντιτείνειν,
1030 3082 1153 3139 ὅταν
1194 3086 1372 3151 όράται
1415 3087 1511 3138 ὑπὸ
1549 3091 1645 3138 τῶν
1679 3086 1858 3150 ὁμοίων
1901 3087 1928 3148 ἢ
1962 3083 2084 3140 ὅταν
2119 3088 2169 3140 ἐν
2204 3088 2317 3154 ε’ρη-

335 3176 440 3246 μία
499 3175 695 3249 [μόνος]
736 3174 892 3234 αὐτὸς
931 3175 1044 3227 καθ’
1080 3174 1235 3226 αὑτὸν
1270 3175 1560 3238 γίγνηταις
1605 3174 1695 3228 ubi
1732 3182 1858 3228 suni.
1894 3174 1984 3243 qui
2020 3177 2316 3229 ἀντιτείνειν

333 3263 543 3319 servari
604 3277 757 3333 posse
794 3268 1000 3331 putant.
1083 3260 1185 3326 Qui
1233 3263 1510 3315 ἀντιτενεῖν
1563 3263 1804 3315 sentiunt
1860 3263 2061 3332 requiri
2112 3262 2316 3316 dabunt

341 3353 475 3406 mih-i
521 3350 668 3416 μόνος
722 3364 837 3402 6556
896 3347 1326 3417 expungendum.
1419 3349 1572 3419 Apud
1642 3349 2042 3420 Xenophontem
2106 3368 2316 3421 quoque

334 3444 639 3495 ἀποκτενεῖν
680 3435 1071 3491 emendandum
1114 3442 1227 3499 est,
1269 3435 1358 3489 sed
1397 3438 1556 3490 etiam
1590 3438 1735 3490 aliud
1777 3437 2027 3490 mendum
2074 3440 2316 3508 suspicor

338 3532 391 3583 in
417 3527 599 3582 eodem
636 3525 750 3578 loco
782 3540 875 3576 nos
912 3521 1196 3576 ludificari.
1235 3523 1432 3595 Nempe
1454 3527 1547 3596 qui
1569 3525 1911 3580 Leontiadam
1937 3535 2314 3597 oppresserant

332 3617 563 3671 caeteris
604 3616 676 3668 ita
727 3618 1079 3684 pepercerunt
1122 3618 1179 3664 ut
1219 3610 1483 3667 dicerent:
1529 3617 1555 3676 ἡ
1597 3615 1689 3679 μὲν
1735 3616 1854 3682 θύρα
1913 3616 2184 3668 κεκλείσθω
2213 3657 2226 3682 ,
2271 3616 2312 3667 εἷ
