2436 4068
1358 167 1460 217 754

426 312 547 367 tulit
596 310 884 376 ἀτιμάσετε
937 309 1092 361 unice
1142 324 1326 360 verum
1370 316 1449 362 est
1490 316 1541 361 et
1583 308 1662 362 vel
1703 310 1884 364 invitis
1922 310 2072 364 libris
2112 313 2177 366 ad
2222 330 2384 368 unum

422 400 667 454 omnibus
708 399 894 451 suisset
951 395 1362 449 restituendum.
1446 397 1593 450 Patet
1634 398 1774 450 enim
1831 396 2104 451 Oratorem
2162 399 2258 452 hoc
2311 401 2384 454 di·

419 506 570 543 cere:
612 489 668 541 τὸ
702 487 786 539 τὸν
827 484 1148 549 Δημοσθένην
1189 486 1382 548 τιμοῖν
1424 485 1562 547 ὑμᾶς
1599 485 1783 544 αὐτοὺς
1825 485 1928 541 ἔςιν
1976 487 2382 554 ἀτιμάζεινε

421 577 475 629 in
519 592 620 646 qua
663 591 718 627 re
772 575 988 637 ἀτιμοῦν
1033 588 1224 642 ponere
1274 579 1551 641 propterea
1597 580 1676 625 est
1719 573 2043 636 ridiculum,
2100 576 2223 644 quia
2266 592 2385 629 nus·

423 680 580 734 quam
621 661 758 732 apud
804 659 1049 714 Oratores
1090 661 1293 713 Atticos
1334 659 1398 713 de
1435 659 1641 713 civibus
1695 662 1807 714 suis
1855 661 2126 731 loquentes
2165 662 2385 728 ἄτιμος,

420 752 610 816 ἀτιμιά
652 757 703 803 et
743 751 960 813 ἀτιμοῦν
1005 748 1228 817 figurate
1282 756 1642 817 usurpantur,
1699 748 1785 801 sed
1843 766 2050 802 summa
2091 752 2387 807 constantia

421 839 485 892 de
535 838 760 910 infamia
815 835 1020 906 legibus
1077 837 1367 888 constituta
1408 841 1460 889 et
1510 836 1690 907 capitis
1729 837 2073 890 deminutione
2126 838 2212 890 ubi
2255 839 2384 908 quid

417 943 617 998 poenae
669 942 830 978 causa
878 924 941 977 de
987 924 1172 995 optimo
1219 926 1332 977 iure
1372 925 1589 978 civitatis
1649 925 1772 997 (ἀπὸ
1820 932 1911 986 τῆς
1953 926 2240 998 ἐπιτιμίας)
2300 926 2384 980 de-

418 1014 670 1068 trahitur.
753 1012 840 1066 Sic
882 1013 1050 1083 igitur
1102 1012 1230 1066 haec
1274 1014 1520 1083 usurpari
1563 1012 1733 1066 solent
1788 1012 1926 1083 apud
1969 1015 2255 1084 scriptores
2296 1015 2382 1069 At..

417 1103 587 1166 ticos,
642 1102 733 1171 qui
789 1117 887 1154 sua
935 1101 1148 1171 propria
1197 1107 1249 1154 et
1296 1102 1471 1154 nativa
1512 1101 1694 1171 lingua
1736 1100 2058 1155 utebantur:
2104 1109 2289 1156 contra
2328 1103 2381 1158 in

418 1189 507 1243 illo
553 1206 796 1243 sermone
851 1188 1148 1253 artificiali,
1202 1205 1306 1260 quo
1362 1189 1574 1259 Tragici
1609 1189 1742 1243 Deos
1783 1195 1834 1244 et
1887 1188 2073 1243 heroes
2124 1190 2386 1245 inducunt

416 1278 723 1349 loquenteS,
777 1276 960 1342 ἄτιμος
1003 1284 1055 1330 et
1112 1278 1341 1341 ἀτιμία,
1403 1293 1537 1347 quae
1597 1277 1920 1331 creberrime
1957 1285 2277 1341 recurrunt,
2332 1287 2411 1342 et,

415 1381 816 1435 nonnumquam
879 1368 1131 1429 ἀτιμοῦν,
1192 1372 1398 1419 mutata
1464 1366 1653 1436 ubique
1719 1365 2055 1436 significandi
2122 1374 2380 1438 potestate

415 1460 783 1525 usurpantur,
829 1459 889 1505 ut
930 1453 984 1505 in
1023 1451 1321 1522 fragmento
1363 1453 1665 1524 Sophoclis:

789 1544 876 1594 οὐκ
918 1540 1020 1597 ἔςιν
1057 1541 1193 1594 οὐδὲν
1234 1547 1367 1605 πῆμ’
1406 1542 1659 1610 ἐλευθέρου
1698 1542 1873 1597 δοὶκνον

788 1631 967 1697 ψυχὴν
1006 1630 1183 1694 ὁμοίως
1224 1631 1434 1697 ἀνδρὸς,
1476 1632 1539 1691 ὥς
1579 1632 1786 1695 ἀτιμία.

487 1723 731 1785 Ἀτιμοῦν
771 1719 826 1771 in
865 1717 1158 1787 Tragoedia
1198 1719 1321 1789 poni
1370 1734 1465 1788 pro
1504 1716 1695 1784 ἀτίζειν
1735 1719 1846 1773 sive
1879 1719 2152 1787 ἀτιμάζειν
2195 1716 2412 1774 docuit*

413 1808 699 1863 Elmsleius
740 1807 772 1859 l.
805 1807 837 1860 l.
882 1805 1108 1860 afferens
1151 1823 1214 1860 ex
1253 1805 1502 1878 Aeschyli
1556 1805 1790 1877 Supplic.
1829 1811 1956 1861 651.
2002 1808 2192 1882 (640):

561 1898 668 1951 οὐδὲ
703 1898 822 1960 μετ’
858 1894 1073 1962 ἀρσένων
1106 1900 1282 1963 ψῆφον
1318 1894 1473 1948 ἔθεντ’
1507 1895 1863 1960 ἀτιμώσαντες
1903 1896 1998 1962 ἔριν
2034 1902 2302 1960 γυναικῶν.

414 1985 507 2040 ubi
542 1983 901 2050 ἀτιμάσαντες
943 1990 1176 2036 metrum
1218 1984 1440 2053 iugulat.
1522 1984 1812 2037 Persuadet
1855 1985 1985 2037 mihi
2026 1985 2125 2039 hoc
2174 2002 2381 2056 quoque

414 2075 697 2129 Elmsleius
739 2076 791 2127 in
833 2071 1108 2143 Euripidis
1146 2071 1382 2142 Iphigen.
1425 2071 1599 2125 Aulid.
1642 2089 1717 2125 vs,
1755 2076 1895 2126 945:

787 2162 1035 2226 θαυμαςα
1077 2162 1118 2214 δ’
1158 2163 1220 2219 ὡς
1261 2158 1429 2222 ἀνάξι’
1471 2161 1906 2225 ἠτιμασμένη,

413 2251 595 2320 reponi
667 2255 908 2319 oportere
967 2248 1257 2312 ἠτιμωμένη
1318 2264 1381 2300 ex
1453 2250 1846 2318 comparatione
1913 2266 1986 2301 vs,
2030 2252 2154 2302 462.
2235 2249 2418 2326 Hele-3}¹

416 2354 540 2391 nae:
2408 2326 2420 2344 '¹

791 2421 824 2476 ὦ
865 2423 1078 2488 δαῖμον,
1120 2425 1184 2483 ὡς
1224 2421 1392 2485 ἀνάξι’
1433 2423 1848 2488 ἠτιμώμεθα.
2410 2474 2418 2482 ,,

489 2511 723 2567 Facilius
759 2510 944 2565 credes
997 2511 1086 2564 ubi
1140 2512 1338 2581 passim
1376 2510 1573 2564 videris
1611 2511 1906 2575 ἀτιμάσαι,
1961 2511 2098 2582 quod
2150 2519 2374 2566 aetatem
2411 2499 2421 2572 ³}

413 2601 644 2666 tulerat,
686 2617 715 2654 a
757 2599 948 2653 scribis
988 2605 1173 2652 contra
1213 2599 1536 2669 scriptorum
1592 2600 1911 2653 sententiam
1966 2601 2221 2654 substitui
2266 2617 2376 2655 ver·
2411 2614 2415 2620 ’

413 2691 510 2754 bo,
554 2697 611 2742 ut
654 2688 890 2751 videtur,
934 2694 1047 2740 tun]
1090 2686 1322 2740 obsoleto
1359 2689 1652 2752 ἀτιμῶσαι,
1694 2689 1847 2741 cuius
1882 2689 1959 2742 rei
1998 2705 2161 2741 unum
2205 2704 2376 2742 exem·

413 2778 557 2849 plum
602 2775 790 2830 addam
847 2792 910 2829 ex
951 2774 1224 2829 Plutarchi
1277 2777 1386 2828 vita
1436 2776 1586 2829 Bruti
1634 2793 1745 2847 cap.
1789 2781 1875 2830 55.
1935 2776 2021 2830 ubi
2069 2784 2214 2831 recte
2267 2777 2374 2831 edi·
2407 2767 2413 2834 Ῐ

411 2875 534 2920 tur:
591 2865 804 2917 Λεύκιον
842 2864 1053 2917 Πέλλαν
1108 2865 1394 2930 Σαρδιανῶν
1435 2866 1847 2931 κατηγορούντων
1888 2865 1971 2918 ἐπὶ
2013 2873 2232 2925 κλοπαῖς
2290 2864 2373 2939 (de

412 2950 742 3023 repetundis)
784 2952 1001 3021 δημοσία
1039 2953 1332 3015 καταγνοὺς·
1385 2953 1758 3017 ἠτίμωσεν,
1812 2954 1865 3006 in
1917 2953 2035 3006 aliis
2073 2960 2152 3006 est
2191 2943 2405 3017 firma?

414 3061 535 3104 σεν,
594 3046 646 3093 et
687 3040 763 3092 sic
803 3039 927 3092 olim
967 3039 1072 3109 legi
1115 3038 1220 3092 illic
1261 3039 1459 3093 solebat
1501 3048 1685 3094 contra
1740 3043 1816 3094 rei
1876 3047 2123 3094 naturam
2165 3048 2215 3094 et
2257 3041 2374 3094 Plu·
2408 3055 2411 3102 ζ

410 3127 585 3183 tarchi
628 3133 877 3180 mentem.

489 3219 635 3285 Quae
675 3216 829 3288 paulo
868 3220 990 3267 ante
1030 3212 1095 3266 de
1137 3231 1235 3267 usu
1272 3215 1416 3268 verbi
1455 3216 1612 3282 ἀτίζω
1655 3216 1793 3285 apud
1837 3216 2089 3285 Tragicos
2129 3233 2222 3286 pro
2261 3219 2370 3270 ἀτι-

412 3306 561 3374 μάζω
606 3305 935 3365 notavimuS‚
976 3309 1028 3355 et
1070 3301 1226 3355 verba
1263 3302 1536 3372 Euripidis
1572 3302 1744 3367 νόμιμ’
1779 3303 2038 3371 ἀτίζοντες
2079 3306 2193 3358 θεῶν
2234 3321 2370 3358 com-

412 3394 567 3449 mode
606 3410 692 3447 me
731 3391 1015 3446 admonent
1051 3387 1300 3442 versiculi
1352 3390 1661 3460 Euripidei,
1715 3390 1805 3443 uhi
1847 3392 1984 3446 idem
2029 3392 2246 3446 verbum
2290 3393 2368 3445 ni-

411 3484 514 3536 mis
562 3481 654 3534 diu
689 3481 744 3532 in
783 3484 1034 3549 corrupta
1082 3478 1348 3547 scriptura
1402 3477 1628 3531 delituit.
1710 3479 1769 3531 In
1821 3479 2095 3551 Iphigenia
2142 3482 2366 3536 Taurica

411 3588 486 3624 νε.
529 3574 648 3624 104.
704 3567 925 3640 Pylades
965 3565 1137 3621 Oresti
1176 3565 1259 3619 his
1300 3565 1472 3620 verbis
1512 3565 1656 3621 addit
1704 3569 1974 3623 animum:

1097 3701 1127 3728 ⁹*
