2436 4068
398 379 536 433 ciam
576 378 629 432 in
685 376 1016 432 emendando
1064 377 1177 430 loco
1216 375 1630 437 Demosthenis,
1678 376 1820 431 unde
1858 377 2167 433 huiusmodi
2209 380 2380 437 forma

398 465 618 537 expulsa
661 473 761 521 est.
844 464 1066 534 Legitur
1107 463 1160 516 in
1202 463 1376 534 prima
1417 462 1716 534 Philippica
1768 474 1817 535 p.
1854 469 1956 529 41,
1999 469 2088 520 22.
2137 469 2264 523 ἀλλ’
2311 467 2379 524 εἴ·

395 554 512 617 δεν,
554 551 588 606 ὦ
629 551 802 619 ἄνδρες
845 552 1138 615 Ἀθηναῖοι,
1190 554 1339 605 τοῦτο
1371 557 1543 613 καλῶς
1578 553 1762 612 ἐκεῖνος
1810 553 1951 615 mg„
1992 552 2084 606 uhi
2123 554 2215 608 alii
2256 555 2378 609 libri

394 636 525 694 οἶδεν
565 637 913 709 praeferunt,
954 637 1046 692 sed
1085 639 1449 693 necessarium
1490 639 1772 708 θεῐῇδειν,
1829 654 2063 708 namque
2097 639 2196 695 hoc
2249 642 2384 697 dicit

393 724 618 781 Orator:
672 724 950 797 Philippus
988 724 1116 780 olim
1155 726 1530 797 magnitudine
1589 743 1750 798 opum
1806 730 2109 780 vestrarum
2152 743 2256 781 non
2302 735 2382 783 est

394 812 750 875 absterrituS,
811 812 1101 883 quominus
1165 813 1441 868 vobiscum
1500 813 1698 868 bellum
1758 812 2086 883 susciperet:
2147 831 2381 886 namque

394 899 494 953 hoc
553 898 715 970 probe
767 899 957 954 sciebat
995 906 1098 955 etc.
1140 898 1197 956 εὖ
1246 907 1299 956 et
1347 907 1519 964 καλῶς
1559 902 1740 956 εἰδέναι
1780 906 1890 955 tam
1942 899 2074 955 bene
2123 900 2382 957 dicuntur

395 992 558 1057 atque
598 983 686 1050 εὖ,
727 992 898 1047 καλῶς
933 987 1055 1041 ἰδεῖν
1093 989 1285 1043 vitiosa
1322 996 1466 1044 sunt.

469 1072 646 1128 Redeo
699 1090 844 1128 nunc
895 1073 962 1128 ad
1014 1075 1367 1146 Tragicorum
1409 1077 1580 1141 locos»,
1638 1075 1729 1129 ubi
1766 1095 1832 1140 γε
1875 1074 2104 1131 absurde
2159 1075 2377 1148 legitur.

395 1162 456 1216 In
496 1160 723 1234 Cyclope
773 1178 846 1214 VS.
884 1165 1007 1216 106.
1050 1162 1295 1237 Ulyssem
1336 1163 1549 1219 Silenus
1585 1168 1774 1234 rogat:

698 1249 845 1304 πόθεν
887 1251 1133 1306 Σικελίαν
1172 1252 1320 1316 τήνδε
1361 1252 1618 1310 νοιυςολῶν
1658 1248 1843 1317 ποέρεις

394 1337 482 1391 cui
518 1336 634 1392 ille:

697 1423 755 1487 ἐξ
791 1426 951 1480 Ἰλίου
981 1447 1047 1492 γε
1087 1428 1226 1482 κοξπὸ
1266 1430 1501 1495 Τρωϊκῶν
1537 1426 1716 1481 πόνων.

396 1513 504 1566 imo
541 1529 664 1566 vero
704 1511 763 1575 ἐξ
800 1514 952 1568 Ἰλίου
988 1514 1100 1580 ’γώ.
1180 1515 1241 1569 In
1280 1514 1577 1570 Heraclidis
1608 1518 1734 1568 856.

697 1601 783 1654 σὸν
825 1602 881 1662 δὴ
920 1601 1132 1666 λέγουσι
1172 1602 1342 1658 παῖδά
1381 1609 1438 1668 γ’
1477 1605 1520 1657 οἱ
1554 1602 1846 1671 σοφώτατοι
1882 1600 1893 1676 Ι
1923 1601 2096 1668 “Ἠβην
2129 1622 2206 1656 τε.
2288 1645 2292 1647 .

397 1703 557 1759 quam
615 1686 907 1742 ridiculum
948 1688 1018 1743 sit
1071 1709 1138 1754 ys
1187 1689 1354 1744 vides,
1436 1690 1913 1761 Transposuerim:
1969 1690 2062 1744 σὸν
2106 1689 2273 1743 παῖδα
2318 1689 2375 1752 δὴ

394 1776 634 1841 λέγουσιν
689 1779 732 1831 οἱ
771 1776 1083 1846 σοφώτατοι.
1163 1776 1223 1831 Iu
1285 1775 1470 1833 eadem
1530 1775 1709 1831 fabula
1767 1793 1843 1831 vs·
1878 1779 2006 1832 999.
2063 1777 2185 1848 quis
2238 1775 2378 1831 ferre

390 1863 587 1936 possit:

403 1940 406 1945 ⁴
1302 1954 1389 2008 καὶ
1428 1953 1534 2022 γὰρ
1575 1955 1751 2022 ἐχθρὸς
1791 1954 1854 2007 ὤν

697 2039 975 2094 ἀκούσεται
1015 2040 1086 2095 vob
1126 2043 1183 2106 γ’
1223 2041 1385 2096 ἐσθλοὶ
1424 2043 1617 2110 χρῆςός
1660 2042 1722 2096 ἰὸν
1762 2042 1905 2108 οένήρ.

394 2145 498 2182 non
539 2127 716 2199 potuit
751 2127 898 2182 enim
937 2127 1052 2182 loco
1093 2129 1267 2200 magis
1320 2129 1492 2183 alieno
1527 2150 1594 2195 γε
1635 2128 1932 2200 interponi,
1983 2126 2175 2181 deinde
2213 2127 2285 2181 τοὶ
2322 2128 2378 2182 in

393 2215 465 2270 τὰ
505 2214 666 2269 ἐσθλοὶ
709 2230 1103 2286 supervacuum
1145 2222 1255 2271 cst:
1298 2217 1461 2271 ἐσθλοὶ
1499 2217 1701 2272 ἀκούειν
1739 2222 1820 2270 cst
1859 2213 1915 2270 εὖ
1954 2215 2155 2271 ἀκούειν
2181 2257 2194 2279 ,
2237 2218 2378 2271 εὐλο-

393 2304 620 2369 γεῖσθαι.
700 2301 1057 2368 Quamobrem
1096 2303 1491 2358 emendandum
1537 2320 1651 2358 esse
1697 2302 1964 2357 arbitror:
2005 2301 2092 2357 καὶ
2133 2302 2240 2370 γὰρ
2280 2303 2378 2371 ἑχ-

391 2392 499 2458 θρὸς
555 2391 618 2444 ὢν
651 2389 660 2463 Ι
696 2386 831 2455 ὅμως
888 2390 1129 2445 duodo-57²
1182 2391 1343 2447 ἐσθλοὶ
1389 2393 1582 2460 χρηςὸς
1632 2392 1695 2446 ὣν
1754 2392 1894 2459 ἀνήρ.
1945 2389 2039 2444 ubi
2095 2390 2377 2445 ἀκούσεται

393 2476 556 2533 ἐσθλοὶ
581 2518 596 2543 ,
638 2478 917 2532 οἶκούσετοιι
954 2477 1028 2532 τοὶ
1067 2478 1263 2544 ἐσθλοὶ,
1314 2479 1599 2534 ἀκούσεται
1642 2477 1715 2533 τοὶ
1753 2481 1809 2543 γ’
1850 2475 2012 2532 ἐσθλοὶ
2057 2475 2220 2531 scribi
2260 2493 2376 2532 coc·

394 2571 548 2637 ptum
586 2571 700 2629 est,
741 2561 876 2630 ὅμως
914 2571 1087 2620 metro
1122 2582 1318 2620 nocens
1354 2573 1434 2621 est
1472 2573 1760 2621 resectum.
1840 2565 1902 2619 In
1947 2563 2121 2619 Rheso
2155 2567 2283 2619 622.

698 2651 990 2718 Διόμηδες,
1032 2653 1060 2716 ἣ
1101 2656 1164 2709 σὺ
1204 2661 1371 2709 κτεῖνε
1414 2656 1624 2723 Θρῄκιον
1662 2655 1825 2718 λεών,

700 2740 727 2801 ἢ
770 2740 871 2805 ’μοὶ
913 2740 1074 2809 ποέρες
1112 2763 1210 2808 γε,
1250 2743 1324 2797 σοὶ
1367 2743 1419 2797 δὲ
1458 2743 1561 2811 χρὴ
1601 2744 1782 2796 πώλων
1821 2741 2018 2807 μέλειν.
2104 2756 2106 2758 ’

396 2845 502 2884 non
555 2827 736 2881 minus
789 2828 1018 2883 otiosum
1065 2836 1118 2884 et
1170 2830 1425 2884 vitiosum
1474 2836 1556 2884 est
1610 2850 1695 2896 γε.
1776 2827 2144 2883 Correxerim:
2216 2826 2379 2892 ἢ’μο“ι

396 2915 712 2985 ποιροὶσχες,
754 2916 828 2969 σοὶ
866 2916 918 2970 δὲ
953 2919 1074 2985 χρή.
1157 2917 1301 2973 Solet
1341 2917 1620 2987 ποοροὶσχες
1661 2918 1716 2971 in
1757 2916 2010 2984 ποέροισχε
2039 2930 2069 2968 a
2103 2913 2379 2969 Graeculis

396 3004 708 3076 depravari,
750 3002 855 3057 vid.
897 3003 1023 3059 Intt.
1066 3004 1133 3059 ad
1171 3006 1360 3078 Eurip.
1402 3005 1675 3061 Hecubam
1714 3008 1853 3069 842,
1895 3002 2087 3058 deinde
2125 3001 2376 3069 ποὲροισχε

397 3108 534 3146 nova
559 3090 691 3145 -labe
737 3097 1052 3163 corruptum
1089 3099 1187 3147 est.

421 3166 424 3170 ’
475 3181 797 3233 Percurram
850 3195 995 3234 nunc
1039 3180 1316 3253 Euripidis
1368 3180 1714 3245 Heraclidas,
1768 3179 1823 3233 in
1874 3194 1979 3250 qua
2018 3176 2195 3231 fabula
2251 3193 2376 3230 non-

397 3265 571 3320 nullos
610 3264 954 3320 librariorum
993 3284 1202 3323 errores
1237 3268 1423 3340 paucis
1457 3267 1718 3322 indicabo.
1799 3265 1859 3319 In
1899 3282 1976 3319 vs.
2017 3269 2066 3318 7.
2108 3263 2218 3327 ἐξὸν
2257 3266 2376 3318 κατ’

390 3356 587 3421 ’Άργος
630 3351 838 3420 ἡσύχως
878 3356 1063 3421 ναίειν,
1117 3362 1394 3428 receptum
1425 3354 1630 3409 dudum
1671 3354 1940 3425 oportuit,
1982 3351 2123 3423 quod
2168 3352 2378 3423 primus

397 3438 673 3497 Blomfield
713 3442 1108 3498 commendavit
1149 3445 1362 3513 ἡσύχῳ,
1422 3459 1589 3514 quum
1640 3440 1877 3513 Elmsley
1923 3440 2115 3507 ἥσυχον
2156 3438 2374 3492 maluis—

398 3534 496 3583 set.
580 3524 926 3582 Simillimum
965 3531 1157 3586 vitium
1203 3532 1257 3586 in
1293 3530 1477 3586 eadem
1519 3528 1696 3583 fabula
1730 3527 1855 3581 olim
1897 3527 2246 3582 commissum
2295 3530 2376 3579 est

397 3633 476 3672 VS.
514 3619 641 3671 550.
694 3617 736 3670 εἶ
789 3617 1039 3682 βούλεσθέ
1093 3640 1177 3686 μοι
1233 3618 1244 3693 Ι
1287 3621 1508 3691 χρῆσθαι
1563 3617 1826 3686 προθύμως
1877 3622 2021 3672 recte
2075 3619 2374 3671 correctum
