2436 4068
1287 184 1391 233 728

369 334 592 398 σώματα
659 334 896 386 ποιοῦσαν
955 328 1144 396 τροφὴν
1204 330 1409 390 μᾶλλον
1470 327 1869 391 συλλαμβάνειν
1931 331 2166 396 ἡγήσατο
2225 335 2336 387 κτὲ.

369 428 517 474 recte
559 419 700 473 enim
743 418 797 468 in
839 432 1057 486 corpore
1098 430 1316 485 procero
1366 419 1418 466 et
1458 413 1647 482 gracili
1688 414 1804 484 plns
1846 414 2048 469 roboris
2089 425 2138 470 et
2195 420 2341 488 agili·

371 509 501 561 tatis
540 507 710 559 inesse
751 504 897 556 dicas
934 520 1093 572 quam
1151 503 1201 554 in
1239 519 1330 565 ec,
1387 500 1523 570 quod
1567 501 1734 553 multo
1776 503 1892 555 cibo
1931 503 2224 558 distentum
2265 514 2344 559 est

373 602 426 650 et
467 594 702 647 obesum.
784 590 905 644 Iure
935 590 1073 660 apud
1116 588 1525 658 Aristophanem
1569 590 1622 640 in
1663 589 1814 642 Pluto
1848 608 1923 644 vs,
1955 595 2078 645 560.
2123 595 2150 656 ἡ
2187 595 2343 649 Πενία

374 700 461 737 eos
503 682 594 751 qui
633 695 813 734 secum
848 679 1088 730 viverent
1130 679 1201 730 ita
1243 676 1448 730 laudat:

450 771 569 836 παρ’
612 769 721 834 ἐμοὶ
765 769 807 820 δ’
842 767 1008 832 ἰσχνοὶ
1045 765 1130 819 καὶ
1170 766 1455 834 σφηκώδεις
1495 765 1580 818 καὶ
1623 772 1730 826 τοῖς
1770 768 1964 835 ἐχθροῖς
2006 769 2215 836 οένιαροί.

374 859 461 910 cui
503 855 643 926 quod
683 853 969 925 respondet
1004 852 1354 926 Chremylus:

448 946 552 998 ἀπὸ
593 947 683 997 τοῦ
724 946 880 1008 λιμοῦ
920 943 1027 1009 γὰρ
1065 939 1184 1000 ἴσως
1215 944 1390 1000 αὐτοῖς
1423 942 1480 994 τὸ
1520 943 1788 1009 σφηκῶδες
1830 942 1894 995 σὺ
1927 942 2175 1010 πορίζεις,

374 1031 429 1085 id
472 1032 647 1102 ipsum
691 1037 772 1084 est
812 1029 954 1102 quod
995 1028 1283 1100 Xenophon
1326 1029 1634 1101 Lycurgum
1675 1029 1806 1083 dicit
1846 1029 2089 1084 voluisse.

454 1119 860 1190 Transpositum
905 1118 1041 1171 male
1080 1124 1160 1171 est
1200 1118 1325 1171 ποτέ
1364 1118 1415 1169 in
1461 1117 1525 1170 II.
1571 1123 1656 1171 10.
1700 1117 1788 1170 ubi
1832 1119 2170 1188 scripserim:
2214 1116 2346 1182 ὅπως

376 1208 428 1262 δὲ
467 1209 587 1272 μηδ’
627 1206 688 1260 εἴ
735 1227 893 1261 ποτε
941 1207 967 1259 ὃ
1014 1205 1315 1269 παιδονόμος
1364 1206 1578 1259 οὶπέλθοι
1619 1205 1787 1272 ἔρημοι
1828 1207 1870 1259 οἱ
1911 1207 2095 1267 παῖδες
2139 1203 2236 1260 εἶεν
2264 1207 2349 1276 ἄρ·
2380 1186 2424 1278 Ξ

375 1315 593 1364 χοντος,
646 1295 699 1347 in
740 1294 893 1348 libris
932 1294 1055 1347 ποτέ
1102 1302 1216 1363 post
1258 1293 1427 1360 ἔρημοι
1464 1292 1777 1346 collocatum
1822 1300 1917 1347 est.
1998 1293 2141 1347 Conf.
2200 1298 2227 1364 §
2266 1301 2350 1350 11.
2384 1278 2403 1365 ξ’.

454 1383 513 1437 In
557 1399 670 1453 cap.
707 1382 799 1436 III.
848 1390 890 1435 1.
945 1381 1068 1435 ὅταν
1105 1402 1170 1445 γε
1212 1384 1312 1447 μην
1350 1383 1406 1435 ἐκ
1456 1382 1648 1435 παίδων
1704 1383 1800 1451 [εἷς
1844 1385 1900 1436 τὸ
1945 1382 2345 1456 μειρακιοῦσθαι]
2380 1370 2405 1459 {-

379 1472 691 1536 ἕκβαίνωσι,
735 1471 914 1524 nescio
955 1470 1076 1540 quis
1125 1469 1189 1522 de
1242 1486 1338 1521 suo
1378 1468 1581 1523 addidit
1637 1469 1794 1524 verba
1835 1472 1905 1531 εἰς
1963 1472 2023 1524 τὸ
2068 1451 2418 1550 μειρακιοῦἒζῖ,

380 1561 532 1622 σθαι,
576 1575 711 1628 quae
742 1564 796 1611 et
838 1556 1183 1627 frigidissime
1218 1556 1492 1610 abundant
1530 1574 1701 1628 neque
1737 1575 1858 1611 cum
1899 1558 2057 1612 verbo
2096 1560 2350 1624 ἐκβαίνειν
2382 1551 2409 1618 st

380 1648 513 1701 satis
548 1654 669 1717 apte
710 1644 1058 1717 copulantur:
1114 1653 1390 1715 praeterea
1439 1649 1820 1712 μειρακιοῦσθαι
1873 1663 1974 1700 non
2029 1654 2107 1702 est
2161 1646 2385 1718 probae

381 1742 435 1790 et
487 1737 739 1806 antiquae
792 1742 948 1788 notae
1001 1733 1336 1787 vocabulum.
1429 1732 1681 1786 Eiusdem
1742 1742 1982 1788 monetae
2035 1734 2351 1789 vocabulum
2416 1729 2421 1778 Ὗ

382 1830 463 1878 est
503 1824 865 1892 ἐμφυσιῶσαι,
907 1822 1047 1894 quod
1100 1820 1300 1891 legitur
1338 1819 1428 1874 111.
1470 1825 1519 1874 4.
1604 1821 1820 1875 Veteres
1859 1823 1912 1875 in
1958 1823 2048 1876 tali
2108 1839 2167 1877 re
2213 1823 2350 1878 dice·

382 1911 512 1966 bant
564 1913 838 1980 ἐμφῦσαι,
896 1909 1036 1982 quod
1077 1926 1106 1963 a
1146 1907 1370 1963 Stobaeo
1411 1915 1681 1963 servatum
1732 1910 1847 1964 sine
1887 1928 2034 1965 mora
2088 1919 2167 1966 est
2220 1913 2351 1967 reci·
2418 1907 2436 1966 ,ἰ

382 1999 658 2072 piendum.
748 1999 807 2052 ln
865 1997 1048 2052 eadem
1111 1999 1139 2067 §
1204 1996 1567 2052 Heindorfium
1633 2014 1825 2069 sequor
1878 1999 2233 2055 scribentem:
2293 2003 2350 2055 τὸ

383 2087 528 2156 ἄρρεν
562 2092 728 2156 φῦλον
768 2118 842 2126 —-
882 2086 1207 2154 ἰσχυρότερον
1245 2087 1320 2143 ἕςι
1362 2094 1453 2148 τῆς
1486 2087 1689 2148 θηλείας
1726 2086 1956 2155 φύσεως,
1997 2105 2092 2160 pro
2130 2096 2228 2143 τῶν
2260 2097 2352 2152 τῆς
2383 2074 2430 2158 it}

387 2178 592 2238 θηλείας
637 2175 739 2249 (vel
779 2180 871 2235 τῆς
905 2181 1001 2227 τῶν
1043 2173 1268 2246 θηλειῶν)
1310 2175 1533 2242 φύσεως.

463 2263 596 2319 Male
650 2262 908 2316 scribitur
944 2264 1032 2317 ΙΙΙ.
1078 2270 1129 2317 5.
1185 2266 1255 2323 εἰς
1307 2264 1364 2317 τὸ
1410 2264 1635 2331 φιλίτιον
1677 2268 1729 2316 et
1772 2261 1833 2315 V.
1874 2265 1922 2316 6.
1979 2265 2028 2316 ἐν
2075 2270 2180 2324 τοῖς
2215 2269 2354 2333 φιλι-
2389 2226 2435 2329 'll

387 2353 510 2412 τίοις
536 2392 550 2415 ,
594 2367 714 2404 nam
746 2352 876 2404 satis
907 2357 1117 2405 constat
1151 2352 1368 2417 φιδίτιον
1403 2358 1453 2403 et
1493 2351 1695 2418 φιδίτια
1731 2349 1988 2404 Laconica
2029 2368 2171 2416 esse,
2215 2353 2355 2408 unde
2391 2315 2414 2426 ἔ

389 2439 530 2511 apud
590 2438 918 2512 Hesychium
972 2439 1264 2507 Ἀφείδιτος
1313 2439 1477 2504 ἡμέρα
1535 2454 1810 2509 perperam
1873 2438 1974 2508 legi
2035 2440 2356 2509 intelligitur
2406 2430 2415 2501 ,l

387 2545 485 2599 pro
523 2528 759 2595 αφίδιτος
803 2527 1002 2594 ἁμέρα,
1044 2535 1095 2580 et
1139 2526 1306 2580 sicubi
1349 2526 1577 2595 φειδίτια
1619 2528 1854 2581 occurrit
1888 2529 2152 2598 scriptura
2193 2529 2353 2582 corri·
2410 2531 2413 2534 ’

389 2615 562 2686 genda
602 2623 698 2669 est.
779 2615 1013 2668 Primam
1058 2616 1254 2685 corripi
1312 2614 1698 2667 demonstravit
1745 2614 2049 2669 Dindorfius
2102 2633 2165 2670 ex
2206 2617 2355 2670 Anti-

387 2703 562 2775 phane
602 2702 859 2757 Athenaei
900 2720 949 2774 p.
992 2706 1114 2757 142.
1161 2705 1218 2756 F.

1391 2793 1441 2844 ἐν
1481 2791 1829 2856 Λακεδαίμονι

695 2879 941 2943 γέγονας
983 2881 1177 2935 ἐκείνων
1217 2885 1313 2933 τῶν
1355 2879 1515 2944 νόμων
1554 2879 1823 2943 μεθεκτέον

696 2967 817 3023 ἐςίν.
859 2968 1033 3035 βάδιζ’
1073 2969 1156 3022 ἐπὶ
1198 2969 1392 3022 δεῖπνον
1433 2968 1502 3028 εἷς
1544 2967 1613 3021 τα
1654 2968 1892 3035 φιδίτια,

394 3054 484 3108 ubi
520 3053 692 3108 Codex
734 3056 925 3108 unicus
972 3057 1202 3124 φειδίτια
1243 3061 1445 3117 servat;
1487 3055 1576 3109 sed
1615 3055 1753 3125 quod
1797 3054 2099 3109 Dindorfius
2135 3057 2356 3123 φιλίτιον

393 3159 498 3197 non
540 3143 756 3211 φιδίτιον
797 3160 979 3196 verum
1020 3161 1134 3197 esse
1175 3151 1329 3215 putat
1364 3143 1582 3197 fallitur.
1664 3142 1935 3212 Originem
1975 3143 2215 3198 vocabuli
2251 3145 2356 3198 sru·
2406 3153 2409 3190 ἵ

395 3239 507 3285 stra
548 3231 1020 3301 quaerimUS,.sed
1062 3232 1230 3284 multo
1279 3233 1449 3286 satius
1490 3238 1571 3284 est
1611 3247 1725 3284 eam
1770 3232 1974 3286 nescire
2016 3249 2175 3303 quam
2223 3232 2356 3286 male

394 3335 550 3372 sanas
590 3317 939 3390 etymologias
973 3326 1023 3372 et
1047 3318 1270 3372 aliorum
1314 3327 1365 3373 et
1391 3318 1661 3372 Plutarchi
1696 3319 1748 3371 in
1767 3319 1889 3391 Lyc.
1922 3323 2002 3373 12.
2047 3320 2208 3374 stulte
2249 3337 2356 3374 am·

391 3406 589 3478 plecti,
630 3422 694 3458 ex
736 3406 928 3476 quibus
966 3413 1143 3460 tamen
1189 3408 1318 3477 ipsis
1358 3408 1623 3477 scriptura
1681 3415 1832 3460 vetus
1885 3408 2013 3461 satis
2065 3407 2352 3463 stabilitur.

393 3495 500 3548 Aut
537 3493 680 3546 enim
717 3492 782 3546 de
818 3494 977 3549 verbo
998 3495 1241 3562 φείδομαι
1283 3503 1376 3549 aut
1412 3496 1566 3563 φειδώ
1596 3496 1893 3559 somniant,
1936 3502 2028 3549 aut
2064 3513 2226 3566 quum
2268 3501 2352 3565 φι-

394 3583 509 3642 λίας
546 3582 831 3647 συναγωγαί
876 3583 1300 3655 interpretantur
1339 3584 1413 3636 ita
1455 3583 1743 3655 appellasse
1783 3584 1932 3638 aiunt
1983 3584 2202 3638 Veteres
2239 3583 2352 3637 ἀντὶ

2402 2505 2417 2753 Ξ

2404 2762 2436 2892 {³

2403 2892 2436 3091 ³3

2405 3095 2436 3150 ³⁴
