2436 4068
1000 195 1106 246 295

435 343 523 395 οὐκ
564 339 667 397 ἔςιν
706 338 811 400 ὄςις
850 339 1002 402 ἡδέως
1042 338 1202 406 ζητῶν
1239 338 1385 403 βιοῦν

437 428 676 483 εὔκλειαν
717 429 1045 491 εἶσεκτήσοιτ’
1084 427 1233 481 ἀλλὰ
1272 427 1375 495 χρὴ
1413 432 1598 481 πονεῖν.

61 518 335 574 Sententia
399 517 679 571 verissima
738 523 857 579 est,
907 515 997 570 sed
1051 516 1247 570 misere
1315 513 1583 570 claudicat
1636 515 1821 570 oratio.
1921 514 2035 570 Non

57 612 187 679 puto
240 604 529 659 absurdius
581 603 805 659 verbum
867 603 1131 658 Graecum
1200 602 1330 673 fingi
1383 610 1479 658 aut
1536 604 1827 675 excogitari
1883 620 2037 675 posse

57 710 217 765 quam
253 694 556 747 εἰσ-κτᾶσθαι
597 699 713 754 est,
757 691 860 744 nisi
902 689 1037 744 forte
1064 690 1348 745 ἕκκτὶὶσθαι
1371 733 1385 755 ,
1426 691 1567 763 quod
1598 692 1753 765 plane
1793 691 2036 748 eiusdem

56 787 136 835 est
178 781 373 852 pretii,
419 780 474 835 id
507 786 589 835 est
628 777 848 832 nullius.
926 777 1042 832 Noli
1071 777 1291 832 credere
1330 779 1643 851 Euripidem
1685 797 1776 836 eas
1807 781 2037 852 ineptias

54 867 295 924 dedisse:
347 877 459 927 ΕΤ,
485 869 507 892 ”
545 871 567 894 ‘
604 868 632 891 ⁴
669 868 694 892 ¹*
733 874 1078 921 ΕΚΤΗΣΑΤ
1119 867 1417 937 genuinum
1458 874 1574 934 est,
1614 869 1755 940 quod
1796 870 1849 923 in
1894 868 2036 924 hunc

53 955 272 1012 modum
313 963 428 1011 erat
465 954 856 1027 supplendum:

352 1042 582 1107 εὐδοξίαν
622 1043 870 1106 ἐκτήσατ’
908 1042 1059 1096 ἀλλὰ
1098 1044 1200 1109 χρὴ
1239 1050 1429 1098 πονεῖν.

57 1131 321 1189 Similiter
355 1133 408 1186 in
450 1131 648 1186 vicinia
682 1138 965 1203 peccatum
1005 1137 1087 1185 est
1127 1129 1310 1186 Floril.
1346 1131 1542 1186 XXIX.
1586 1135 1674 1185 52.

356 1221 515 1281 οὐδεὶς
554 1219 661 1287 γὰρ
696 1220 760 1274 ὢν
798 1220 1017 1289 ῥᾴθυμος
1056 1220 1270 1281 εὐκλεὴς
1310 1221 1435 1287 ἀνήρ

355 1312 483 1363 ἀλλ’
517 1310 565 1363 οἱ
604 1307 743 1362 πόνοι
783 1308 1011 1362 τίκτουσι
1051 1309 1143 1371 τὴν
1183 1308 1468 1376 εὐανδρίαν.

55 1398 277 1452 minime
315 1397 588 1468 gentium:
641 1398 684 1451 οἱ
723 1394 858 1449 πόνοι
895 1394 1040 1449 aliud
1081 1395 1305 1467 quodvis
1351 1397 1529 1467 potius
1578 1412 1770 1468 parere
1811 1405 2036 1470 possunt

23 1500 216 1558 ‘quam
261 1488 354 1548 τὴν
389 1485 682 1553 εὐανδρίανε
736 1482 867 1538 baec
909 1500 1121 1555 quoque
1170 1484 1449 1556 perinepta
1490 1486 1763 1556 scriptura
1810 1486 2036 1542 debetur

56 1572 199 1629 futili
251 1573 577 1636 correctori,
634 1573 690 1626 in
741 1571 898 1626 cuius
937 1571 1112 1626 lacero
1157 1571 1340 1628 codice
1358 1581 1468 1629 ΕΤ
1512 1573 1535 1600 '‘
1580 1574 1606 1599 *
1644 1582 1772 1629 IAN
1820 1592 2035 1648 supere·

57 1670 176 1726 rat,
228 1662 285 1716 in
323 1679 428 1734 quo
479 1659 707 1725 εὐδοξίαν
750 1659 967 1715 latebat.
1044 1660 1121 1716 Ne
1157 1660 1405 1717 dubitare
1452 1663 1622 1734 possis
1674 1663 1880 1735 inspice
1921 1665 2036 1719 Sto-

53 1749 171 1806 baei
224 1749 408 1806 Floril.
444 1749 526 1804 LI.
565 1754 619 1804 4.
705 1749 844 1803 Dum
904 1747 1162 1803 Stobaeus
1212 1756 1293 1804 est
1341 1751 1396 1804 in
1458 1750 1708 1805 manibus
1761 1751 2039 1823 Sophoclis

57 1836 420 1910 fragmentum
459 1838 515 1892 in
550 1836 736 1893 eadem
779 1839 974 1892 vicinia
1005 1844 1278 1892 servatum
1317 1839 1630 1904 restituam,
1672 1841 1724 1894 in
1761 1857 1867 1911 quo
1905 1841 2039 1895 scri·

56 1926 156 1981 bae
193 1927 468 1998 primum,
512 1924 704 1981 deinde
756 1927 935 1981 critici
973 1943 1154 1981 veram
1194 1926 1476 1981 lectionem
1518 1927 1896 1983 obscurarunt.
1974 1929 2038 1984 In

61 2014 243 2071 Floril.
281 2014 478 2071 xxlx.
520 2018 610 2069 25.
670 2015 998 2069 novissimus
1035 2014 1256 2079 Editor,
1304 2015 1640 2079 MeinekiuS,
1684 2016 1815 2071 haec
1857 2017 2037 2073 dedit:

435 2102 759 2172 Σοφοκλέους
798 2103 1070 2158 Μάντεων.

12 2245 16 2251 ,
435 2192 592 2246 Οὔτοι
632 2193 741 2245 ποθ’
781 2188 909 2258 ἅψει
949 2198 1047 2246 τῶν
1084 2190 1249 2258 ἄκρων
1288 2190 1410 2246 ἄνευ
1449 2193 1618 2248 πόνου.

14 2271 20 2348 ξ
54 2277 195 2351 quod
237 2280 289 2333 in
334 2278 487 2334 libris
527 2286 613 2334 est
653 2278 789 2334 οὗτοι
831 2282 940 2334 ποθ’
985 2278 1090 2343 ἥξει
1142 2279 1208 2334 de
1261 2278 1320 2335 Ο.
1358 2280 1672 2336 Schneideri
1725 2283 2037 2339 coniectura

15 2356 133 2422 ²sic
190 2366 439 2422 refinxit:
501 2366 820 2440 infeliciter,
882 2373 941 2422 ut
997 2367 1132 2421 mibi
1197 2368 1414 2439 quidem
1469 2369 1715 2425 videtur:
1776 2369 2035 2427 ἅπτεσθαι

0 2460 26 2528 ἦ,
53 2461 151 2511 τῶν
191 2454 354 2523 ἄκρων
394 2473 489 2527 pro
520 2456 590 2510 ad
623 2473 829 2509 summa
861 2457 1132 2527 pervenire
1169 2473 1270 2510 non
1310 2464 1392 2512 est
1429 2457 1559 2512 bene
1596 2459 1796 2515 Graece
1829 2459 2035 2516 dictum

0 2532 20 2582 st
51 2559 228 2616 neque
266 2544 400 2599 οὔτοι
436 2545 561 2599 ποτέ
604 2560 795 2599 sanum
827 2551 928 2600 est.
1009 2544 1280 2600 Emenda:

0 2608 27 2713 l}
357 2633 587 2692 οὐδέποτ’
627 2631 796 2701 ἐφίξει
837 2637 934 2686 τῶν
976 2630 1139 2700 ἄκρων
1178 2632 1302 2689 ἄνευ
1331 2635 1505 2690 πόνου.

0 2691 161 2804 :lSed
199 2720 359 2776 redeo
398 2720 464 2775 ad
521 2720 638 2775 illos
692 2720 869 2784 locoS,
926 2720 1016 2775 ubi
1072 2739 1175 2776 non
1222 2739 1392 2794 pauca
1433 2722 1694 2794 quaedam
1744 2726 1905 2781 verba
1945 2744 2037 2783 au-

0 2792 241 2878 l‘dacter
271 2816 325 2865 et
362 2809 704 2881 impudenter
734 2824 860 2863 cum
898 2813 1195 2866 sententiae
1231 2818 1325 2865 aut
1362 2811 1682 2867 Graecitatis
1714 2813 2041 2870 detrimento

49 2905 186 2953 sunt
233 2897 550 2969 interpolata
593 2899 646 2951 in
691 2897 906 2952 illorum
948 2897 1155 2963 locum,
1214 2915 1350 2970 quae
1390 2901 1444 2953 in
1492 2903 1720 2956 vetustis
1770 2904 2039 2959 membra·

0 2858 143 3095 uitis
185 2985 419 3058 pei-rosis
462 2993 556 3040 aut
596 2986 867 3058 corruptis
906 3003 1009 3040 non
1058 2986 1290 3060 amplius
1336 2988 1699 3059 apparebant,
1739 2991 1832 3046 sed
1869 2993 2037 3048 otiosa

0 3101 19 3149 [Ι
52 3079 112 3130 et
152 3074 330 3146 inepta
382 3071 747 3129 additamenta
788 3075 972 3129 invitis
1028 3075 1272 3147 Tragicis
1321 3075 1543 3132 obtrusa
1595 3085 1760 3134 sunt:
1818 3081 1871 3135 in
1932 3099 2041 3153 quo

55 3177 250 3233 genere
289 3160 412 3216 felix
450 3161 742 3217 multorum
778 3161 1115 3234 exsplenduit
1155 3166 1453 3235 sagacitaS‚
1495 3167 1586 3237 qui
1621 3169 1819 3239 passim
1858 3171 2037 3225 istius-

58 3248 200 3304 modi
235 3249 553 3305 emblemata
592 3257 741 3305 ccrto
782 3250 983 3306 iudicio
1035 3250 1365 3324 deprehensa
1415 3252 1590 3309 doctis
1639 3258 1824 3328 utique
1864 3266 1916 3311 et
1958 3260 2031 3311 in·

60 3337 292 3407 geniosis
340 3336 630 3392 lectoribus
681 3345 792 3393 tam
844 3339 1145 3396 luculenter
1196 3340 1582 3407 confutarunt,
1640 3351 1700 3399 ut
1739 3352 1883 3399 stare
1923 3345 2036 3400 loco

62 3440 167 3478 non
208 3426 479 3496 potuerint
528 3433 583 3481 et
628 3426 684 3480 in
737 3429 1038 3500 marginem
1097 3429 1371 3485 exulatum
1425 3430 1673 3487 abierint.
1754 3434 1867 3500 Quo
1924 3451 2035 3489 sae-

61 3513 182 3584 pius
229 3518 409 3567 autem
461 3512 608 3571 fraus
650 3521 853 3571 retecta
887 3525 969 3572 est
1008 3534 1069 3573 eo
1118 3516 1332 3572 facilius
1378 3527 1462 3574 cst
1511 3521 1713 3575 similes
1765 3520 2033 3590 fallaciaS‚

60 3598 232 3655 sicubi
269 3597 441 3657 adhuc
482 3600 715 3669 lateant,
771 3605 1083 3677 patefacere.
1166 3608 1516 3663 praemittere
1552 3609 1696 3663 iuvat
1746 3608 2034 3681 depreben-
