2436 4068
1329 196 1437 246 210

692 339 831 402 αἰαῖ,
875 336 1030 392 κακὸν
1066 336 1170 390 τόδ’
1214 333 1367 396 εἶπας
1403 334 1473 398 οἷς
1507 339 1664 391 κακὸν
1704 339 1899 404 λέγεις.

392 433 485 482 aut
527 430 651 481 281.

689 512 875 572 ἀδίκως
916 510 1010 577 μὲν
1049 510 1199 566 οΞλλοὶ
1239 509 1445 566 τᾶδικον
1484 510 1590 566 τόδ’
1631 510 1707 569 ἔτ’
1748 513 1890 578 ἐμόν.

389 609 482 656 aut
522 604 648 656 502.

690 688 899 756 σμικρὸν
936 687 979 741 δ’
1020 687 1043 741 o‘
1078 687 1247 754 καιρὸς
1291 685 1439 755 κάρτ’
1474 685 1803 751 ἀπαλλάξαι
1842 688 1973 754 βίον.

389 783 482 831 aut
525 778 652 830 560.

690 860 725 916 ὦ
766 862 866 918 θεοί
887 864 898 916 1
941 864 1047 925 θεὸς
1088 862 1194 931 γὰρ
1235 862 1324 917 καὶ
1364 865 1424 918 τὸ
1461 863 1772 928 γιγνώσκειν
1813 865 2016 933 φίλους.

386 951 438 1004 in
500 966 635 1021 quae
694 951 896 1022 optime
948 951 1198 1006 convenit
1239 949 1383 1021 quod
1423 949 1669 1005 Bacchus
1727 952 1803 1025 (in
1866 952 2031 1007 Ranis
2075 968 2150 1007 vs.
2197 952 2377 1027 1169.)

387 1038 514 1092 iecit
554 1039 608 1092 in
645 1036 987 1110 Euripidem:

686 1124 742 1182 εὖ
778 1127 833 1188 νὴ
863 1126 951 1181 τὸν
987 1130 1179 1193 Ἑρμῆν
1202 1165 1217 1186 ,
1261 1121 1292 1179 ὅ
1324 1145 1374 1179 τι
1415 1123 1592 1192 λέγεις
1627 1125 1671 1180 δ’
1704 1126 1759 1181 οὐ
1791 1126 2058 1193 μανθάνω,

378 1212 472 1267 sed
512 1212 784 1284 probabile
833 1219 914 1268 est
964 1229 1155 1284 parum
1204 1218 1299 1266 aut
1340 1211 1476 1267 nihil
1528 1213 1726 1269 horum
1767 1216 2020 1286 antiquae
2073 1215 2375 1287 scripturae

386 1301 613 1372 vestigia
654 1301 765 1356 ulla
804 1317 1048 1365 servare,
1089 1299 1544 1372 quemadmodum
1585 1302 1640 1356 in
1682 1319 1757 1357 vs.
1798 1305 1927 1358 467.
2321 1289 2323 1291 ¹
2407 1308 2409 1310 ’

688 1394 785 1445 ποῦ
827 1390 938 1452 δῆτ’
977 1387 1040 1443 ἂν
1080 1387 1184 1452 εἴης
1228 1388 1438 1457 πότερον
1475 1391 1620 1452 ἐκτὸς
1662 1391 1691 1454 ἢ
1734 1393 1776 1444 ’ν
1817 1390 2017 1457 δόμοις;

497 1486 647 1532 ΓΡΑ.
690 1481 780 1532 οὐκ
820 1476 969 1531 ἔνδον.
1045 1476 1302 1538 Ἕλλησιν
1342 1476 1394 1530 δὲ
1435 1478 1846 1544 πολεμιώτατος.
2432 1551 2436 1554 ⁴

382 1563 538 1619 facile
598 1564 921 1635 intelligitur
978 1580 1141 1635 quam
1194 1564 1374 1636 inepte
1412 1563 1628 1620 dicatur
1665 1570 1763 1621 ποῦ
1810 1566 1921 1629 δῆτ’
1960 1563 2026 1620 ἂν
2070 1563 2176 1628 εἴης
2234 1562 2375 1634 quod
2434 1607 2436 1612 .

379 1652 446 1707 ab
484 1669 544 1707 eo
585 1651 691 1706 dici
731 1657 907 1723 potest
946 1652 1041 1722 qui
1075 1651 1170 1706 diu
1205 1651 1439 1723 aliquem
1482 1652 1686 1709 frustra
1726 1652 2088 1725 quaesiverit,
2129 1667 2160 1706 a
2199 1651 2372 1706 Mene·

378 1740 461 1795 lao
521 1757 625 1794 non
682 1745 895 1811 potest,
959 1740 1053 1810 qui
1104 1755 1250 1794 nuno
1304 1741 1542 1811 primum
1593 1740 1658 1795 de
1713 1741 1892 1796 Protei
1945 1740 2056 1795 filio
2106 1738 2373 1794 inaudivit
2429 1758 2436 1806 j

381 1835 644 1900 rogatque
683 1827 893 1895 πότερον
930 1827 1076 1889 ἐκτὸς
1117 1828 1146 1891 ἢ
1184 1829 1226 1881 ’ν
1266 1827 1465 1894 δόμοις;
1505 1827 1598 1884 sed
1633 1829 1789 1900 quiS,
1834 1845 2070 1901 quaeSO,
2113 1843 2370 1899 umquam
2424 1817 2436 1882 ζ

378 1916 577 1987 absque
619 1914 994 1987 Aristophanis
1050 1914 1250 1970 indicio
1289 1916 1345 1970 in
1398 1915 1784 1989 Thesmophor.
1823 1921 1951 1973 881.
1993 1916 2256 1989 potuisset
2290 1930 2371 1970 re·

374 2005 634 2059 stituere:

753 2089 896 2154 οὗτος
940 2091 992 2146 δὲ
1023 2090 1231 2160 πότερον
1270 2089 1403 2146 ἔνδον
1432 2090 1506 2151 ἔς’
1547 2094 1577 2157 ἢ
1615 2092 1847 2157 ’Ecba-1043

546 2188 694 2234 ΓΡΑ.
755 2181 844 2235 οὐκ
884 2178 1035 2234 ἔνδον.

372 2282 540 2338 quare
580 2267 845 2339 optimum
886 2265 1035 2322 factu
1072 2272 1155 2323 est
1199 2266 1256 2321 in
1308 2265 1441 2322 locis
1479 2267 1730 2324 omnibus
1769 2265 2143 2325 huiuscemodi
2183 2271 2366 2322 tenere
2426 2339 2429 2342 ‚

371 2353 426 2408 id
468 2353 608 2425 quod
649 2355 766 2425 ipsa
803 2353 1003 2410 Helena
1049 2359 1232 2408 monet
1271 2370 1349 2408 vs·
1391 2357 1518 2408 811.

753 2442 813 2498 τὸ
852 2444 1058 2508 τολμᾶν
1097 2441 1313 2497 ἀδύνατ’
1351 2441 1528 2509 ἀνδρὸς
1568 2443 1622 2497 οὐ
1664 2448 1846 2513 σοφοῦ.
1894 2428 1904 2437 ’
2433 2507 2436 2519 ἱ

450 2530 685 2584 Transeo
722 2547 868 2585 nunc
907 2529 974 2584 ad
1014 2536 1254 2585 caeteras
1292 2528 1572 2601 Euripidis
1611 2537 1665 2585 et
1705 2531 1936 2586 aliorum
1977 2529 2215 2596 fabulaS,
2261 2546 2378 2606 un·-

372 2617 438 2672 de
478 2634 648 2672 unum
691 2624 744 2672 et
789 2617 1021 2672 alterum
1062 2616 1276 2682 locum,
1329 2617 1468 2672 male
1508 2617 1754 2675 habitum
1813 2635 2156 2691 expromam,
2202 2634 2362 2690 quem
2408 2629 2436 2711 ἐι

371 2706 417 2760 si
459 2711 640 2778 potero
694 2705 1117 2761 emendatiorem
1166 2703 1405 2760 reddam.
1479 2704 1700 2762 Ostendi
1754 2723 1919 2780 supra
1955 2708 2107 2762 novis
2143 2706 2362 2779 quihus·
2405 2712 2421 2761 f

371 2793 495 2848 dam
531 2793 789 2866 exemplis
828 2810 992 2866 quam
1031 2794 1211 2865 inepte
1248 2813 1317 2859 γε
1357 2794 1412 2847 in
1454 2793 1795 2851 Comoediam
1842 2796 2078 2867 irrepat:
2134 2796 2191 2850 in
2233 2795 2359 2850 Tra-

371 2881 560 2952 goedia
623 2898 835 2953 quoque
891 2880 1151 2936 ridiculos
1203 2897 1414 2937 errores
1467 2882 1655 2938 eodem
1713 2883 1873 2939 modo
1926 2890 2082 2939 natos
2132 2890 2186 2939 et
2233 2899 2361 2937 non-

369 2969 498 3023 dum
541 2969 807 3024 abstersos
843 2986 988 3024 nune
1022 2968 1318 3024 ostendam.
1403 2969 1666 3042 Incipiam
1714 2987 1745 3026 a
1795 2971 2100 3026 Trachiniis
2156 2970 2358 3043 Sopho·
2401 2960 2405 2962 Ἴ

371 3055 504 3120 olis,
563 3057 656 3111 ubi
706 3057 964 3114 Hercules
1018 3057 1302 3114 Deianirae
1342 3057 1427 3112 his
1476 3057 1657 3114 verbis
1697 3060 1941 3114 minatur
1998 3060 2223 3116 exitium
2279 3075 2354 3114 νε.

373 3148 514 3200 1107
557 3162 672 3217 sqq.
2431 3131 2436 3207 ἓ

670 3235 797 3288 ἀλλ’
837 3232 894 3290 εὖ
933 3233 1000 3299 γε’
1038 3254 1113 3290 τοι
1153 3233 1273 3290 ταδ’
1314 3233 1426 3299 ἵςε,
1464 3235 1563 3290 κᾶν
1603 3237 1662 3290 τὸ
1701 3236 1860 3302 μηδὲν
1899 3232 1935 3290 ὦ
1957 3277 1973 3300 ,

670 3320 768 3376 κᾶν
807 3321 963 3387 μηδὲν
1002 3320 1165 3390 ἕρπω,
1209 3323 1303 3387 τήν
1341 3343 1408 3388 γε
1449 3321 1714 3390 §potamau
1753 3321 1881 3377 τάδε

667 3410 983 3478 χειρώσομαι
1024 3413 1127 3466 κοξκ
1166 3411 1337 3466 τῶνδε.
1377 3411 1655 3479 προσμόλοι
1695 3409 1869 3477 μόνον.

667 3497 727 3552 ἵν’
769 3497 1044 3568 ε’κδιδαχθῇ
1086 3501 1246 3554 πᾶσιν
1290 3500 1582 3566 ἀγγέλλειν
1622 3497 1698 3553 ὅτι

671 3585 757 3641 καὶ
799 3585 892 3655 ζῶν
933 3585 1119 3651 κακούς
1161 3607 1227 3655 γε
1267 3587 1354 3645 καὶ
1397 3588 1552 3644 θανὼν
1591 3585 1863 3655 ἐτισάμην.
