2436 4068
1040 168 1142 218 747

105 317 184 370 rio
227 329 406 370 errore
445 317 506 375 ὡς
550 313 688 368 male
727 312 943 382 irrepsit
983 311 1035 362 in
1094 313 1123 380 §
1170 313 1266 363 12:
1320 308 1573 374 ὑπολάβοι
1622 307 1674 361 δέ
1721 328 1798 367 τις
1851 307 1914 362 ἂν
1955 309 2067 380 [ὡς]

102 404 260 463 οὐδεὶς
306 401 406 468 ἄρα
458 402 641 462 ἀδίκως
679 401 931 464 ἠτίμωται
978 400 1279 461 Ἀθήνησιν,
1330 397 1423 468 qui
1477 397 1627 450 locus
1685 402 1947 467 expuncto
2004 398 2068 457 ὥς

102 489 510 547 constituendus
549 489 722 543 estin
779 488 922 540 hunc
979 485 1231 540 modum:
1292 484 1547 551 ὑπολάβοι
1601 484 1654 538 δέ
1699 504 1776 545 τις
1831 483 1931 537 ἄν·
1986 487 2072 538 οὐ-

101 580 228 638 δεὶς
289 577 406 644 ἄρα
469 577 699 636 ἀδίκως
761 576 1079 639 ἠτίμωται
1140 575 1524 637 Ἀθήνησινς
1583 589 1718 644 quae
1778 573 1891 643 ipsa
1947 578 2074 626 sunt

101 666 436 736 obloquentis
490 663 676 718 verba:
732 680 944 716 nemone
996 662 1158 733 iyitur
1197 660 1412 714 Athenis
1448 661 1640 715 iniuria
1693 668 1897 715 notatus
1935 661 2073 732 insa-

31 751 35 790 ἓ
103 755 211 808 mia
266 754 389 807 est?
444 754 584 819 ’Ἄρα
645 751 700 804 in
754 749 849 804 tali
904 766 961 804 re
1015 765 1116 802 non
1172 749 1276 802 nisi
1337 749 1391 801 in
1453 755 1598 802 recta
1654 750 1891 803 oratione
1950 749 2075 820 poni

104 848 292 915 potest.
374 841 428 894 Si
465 840 587 910 quis
625 837 752 910 quid
794 837 977 891 obiicit
1017 835 1382 906 interrogandi
1430 835 1600 890 forma
1641 838 1846 892 utitur:
1890 844 1943 892 et
1982 838 2076 908 qui

107 931 348 1002 provisae
384 927 667 982 obiectioni
708 925 1027 998 respondere
1082 932 1271 996 parant
1325 923 1579 978 inducere
1627 924 1797 979 solent
1846 925 2079 996 aliquem

104 1025 253 1073 recta
295 1018 535 1071 oratione
577 1022 812 1069 utentem
836 1056 850 1076 ,
890 1021 952 1068 ut
992 1011 1239 1066 omnibus
1279 1017 1463 1065 notum
1506 1018 1604 1066 est.

178 1107 239 1161 In
281 1105 464 1160 eodem
518 1103 631 1157 loco
671 1102 762 1156 111.
805 1106 856 1156 3.
914 1102 1075 1156 etiam
1120 1100 1347 1154 alterum
1392 1099 1582 1153 vitium
1634 1099 1816 1154 subest
1862 1100 1915 1152 in
1964 1099 2076 1152 his:

109 1196 213 1261 ἐγὼ
262 1196 315 1249 δὲ
370 1193 749 1258 ὅμολογήσαιμῖ
811 1189 876 1244 ἂν
925 1190 1030 1244 απὸ
1090 1187 1377 1256 χρημάτων
1436 1189 1612 1241 πολλοὶ
1674 1186 2078 1253 διαπράττεσθαι

109 1284 347 1347 Ἀθήνησι
389 1280 476 1335 καὶ
519 1279 592 1334 ἔτι
633 1277 696 1333 ἂν
749 1277 912 1332 πλείω
950 1275 1355 1343 διαπράττεσθαι
1409 1277 1451 1329 εἰ
1510 1275 1718 1336 πλείους
1777 1275 2083 1329 ἐπεδίδο·

107 1390 232 1425 σαν
276 1369 547 1436 ἀργύριον,
589 1366 697 1420 noli
737 1367 881 1419 enim
922 1363 1167 1418 dubitare
1209 1364 1337 1434 quin
1385 1363 1658 1417 emendari
1708 1369 1981 1434 oporteat:
2038 1365 2079 1416 εἰ

23 1448 35 1493 ⁷²
110 1458 316 1517 πλείους
356 1456 458 1510 ἔτι
512 1455 820 1509 ἐδίδοσαν
866 1452 1120 1520 ἀργύριον.
1201 1451 1261 1505 In
1302 1467 1359 1506 re
1406 1451 1718 1523 pervulgata
1769 1458 1951 1505 certus
2004 1457 2085 1505 est

30 1573 34 1582 ·
107 1545 391 1600 verborum
433 1559 590 1606 usuS,
641 1547 852 1596 certum
895 1546 948 1595 et
986 1546 1302 1612 perpetuum
1356 1538 1504 1594 verbi
1545 1538 1803 1610 simplicis
1849 1545 1902 1593 et
1943 1555 2084 1593 com-

108 1634 402 1706 positorum
444 1631 733 1685 discrimen
777 1635 875 1683 est.
956 1627 1202 1702 Laryin‘,
1259 1628 1585 1700 laryicionem
1620 1629 1794 1698 facere
1838 1634 2083 1681 constan·

109 1729 195 1776 tel·
231 1719 298 1775 ab
336 1717 585 1773 omnibus
623 1717 825 1772 dicitur
874 1718 1059 1772 διδόναι
1102 1717 1367 1784 ἀργύριον,
1423 1731 1525 1768 non
1573 1715 1875 1780 ἐπιδιδόναι,
1929 1716 2084 1770 cuius

111 1809 259 1865 verbi
311 1809 366 1862 in
420 1807 522 1862 alia
576 1824 633 1861 re
681 1805 929 1860 omnihus
977 1811 1101 1859 nota
1138 1810 1427 1876 perpetuus
1477 1810 1529 1858 et
1580 1805 1914 1859 necessarius
1956 1820 2086 1858 usus

112 1905 227 1962 est,
288 1896 441 1950 ὁπότε
501 1895 748 1956 ἐπιδόσεις
806 1896 856 1948 ἐν
914 1896 984 1962 τῷ
1043 1894 1183 1962 δήμῳ
1239 1894 1479 1958 γένοιντο.
1571 1892 1652 1948 Ex
1705 1909 1808 1963 quo
1864 1892 2087 1947 Athenis

107 1986 285 2041 omnia
333 1991 386 2039 et
439 2001 624 2038 omnes
679 1989 969 2054 coeperunt
1027 1999 1142 2037 esse
1195 1981 1441 2046 venaleS,
1497 1979 1664 2035 nubes
1716 1981 2080 2052 exemplorum

110 2083 192 2130 est
234 2073 323 2128 ubi
371 2072 595 2136 διδόναι,
644 2071 879 2139 ἀργύριον
919 2070 1138 2134 διδόναι,
1191 2069 1368 2124 πολλοὶ
1426 2070 1609 2124 διδόναι
1660 2076 1712 2123 et
1769 2070 1888 2123 sim.
1941 2068 2083 2139 lega-

23 2189 35 2240 ὅ
112 2170 239 2227 tur,
280 2168 335 2216 et
372 2162 607 2228 ἀργύριον
646 2162 703 2223 ἥν
743 2179 820 2219 τις
861 2159 1003 2227 διδῷ,
1044 2165 1096 2212 et

408 2250 432 2303 ὅ
467 2249 623 2303 πόλλ’
663 2249 906 2315 ἁμαρτὼν
943 2246 1154 2311 ὀλίγα
1191 2246 1339 2306 δοὺς
1380 2244 1721 2314 ἐκφεύξεται,

110 2346 165 2396 ct
208 2337 404 2394 similia
458 2338 673 2409 passim.
754 2336 1016 2390 Continuo
1071 2335 1315 2406 sequitur
1355 2334 1494 2405 apud
1547 2336 1721 2406 ipsum
1768 2332 2083 2404 Xenophon·

110 2435 253 2483 tem:
295 2428 395 2482 οὐδ’
436 2427 478 2480 εἰ
528 2426 790 2479 ὁποσονοῦν
830 2425 1037 2492 χρυσίον
1076 2424 1161 2478 καὶ
1208 2423 1441 2491 ἀργύριον
1501 2422 1710 2484 διδοίη
1761 2444 1839 2483 τις
1881 2426 2073 2482 αὐτοῖς.

114 2516 173 2571 ln
211 2515 448 2587 antiquis
483 2513 635 2567 libris
678 2521 799 2568 ETI
846 2520 898 2567 et
937 2521 1032 2567 ΕΠ
1074 2512 1173 2565 nisi
1211 2511 1308 2565 hoc
1349 2527 1477 2581 agas
1520 2511 1607 2564 vix
1642 2509 1810 2564 oculis
1848 2509 2082 2564 discerni

111 2611 351 2677 possunt.
431 2602 616 2672 ltaque
672 2599 1078 2655 confunduntur
1117 2600 1447 2662 sexcentieS,
1497 2598 1652 2652 cuius
1693 2600 1770 2652 rei
1811 2598 1878 2652 ad
1916 2597 2082 2652 alium

113 2685 479 2763 Xenophontis
517 2689 692 2743 locum
732 2705 866 2743 nova
907 2687 1165 2759 quaedam
1203 2686 1443 2758 exempla
1481 2684 1783 2742 afferemus.

189 2780 250 2835 In
294 2782 323 2850 §
363 2783 416 2834 4.
479 2784 560 2831 ter
606 2777 913 2848 scripserim
963 2777 1139 2829 Attico
1177 2792 1324 2830 more
1361 2775 1508 2836 ὁσέτη
1547 2791 1642 2847 pro
1674 2771 1771 2829 ὅσα
1808 2775 1911 2837 ἔτη.
1994 2773 2082 2828 Sic

114 2869 258 2924 enim
300 2865 538 2921 solebant
585 2864 793 2928 dicere,
851 2871 908 2919 ut
947 2863 1188 2931 ὁσημέραι
1241 2871 1294 2918 et
1344 2864 1550 2932 ὂσῶραιε
1594 2862 1684 2917 sed
1725 2862 1938 2918 divisim
1983 2860 2082 2917 ὅσοι

112 2965 287 3024 μῆνες.

188 3042 466 3098 Neminem
522 3041 659 3112 sugit
715 3041 904 3095 vitium
953 3041 1253 3113 scripturae
1308 3040 1361 3094 in
1408 3043 1437 3111 §
1483 3045 1546 3095 6:
1589 3045 1740 3095 ταῦτ’
1781 3044 1868 3095 οὐκ
1923 3040 2080 3095 οἴεσθε

116 3139 301 3201 χρῆναι
361 3130 670 3198 διαδικάζειν
725 3127 980 3193 ἅπαντας
1042 3126 1298 3183 εἰπάτω
1366 3128 1494 3197 γάρ
1556 3150 1657 3191 τις
1716 3126 1790 3183 ὅτι
1850 3131 1903 3182 οὐ
1952 3135 2083 3195 χρῆν

117 3219 326 3276 αὐτόθεν
364 3218 761 3286 διαδικάζεσθαι.
841 3219 901 3272 ΕΞ
944 3220 985 3272 δ’
1028 3214 1094 3272 αὖ
1141 3218 1386 3284 ὁμολογεῖ
1434 3214 1650 3271 ἅπαντα
1696 3224 1882 3285 χρῆναι
1931 3217 2085 3270 διαδι·

115 3309 326 3376 κάζειν,
381 3305 589 3371 ἀνάγκη
641 3308 702 3361 δι’
742 3308 1006 3369 ἐνιαυτοῦ,
1059 3304 1152 3361 sed
1208 3306 1325 3359 iure
1368 3322 1522 3359 nemo
1564 3303 1805 3376 probavit
1859 3303 2082 3358 Schnei-

118 3397 232 3453 deri
282 3396 680 3450 coniecturam:
735 3395 864 3450 εἴποι
905 3396 949 3449 δ’
988 3393 1052 3449 ἂν
1089 3393 1190 3462 ἄρα
1229 3415 1340 3456 τις,
1397 3409 1532 3464 quae
1575 3409 1744 3463 neque
1792 3392 2082 3447 Graecitati

118 3484 377 3541 satisfacit
414 3498 585 3554 neque
630 3483 943 3538 sententiae.
1023 3482 1357 3555 Xenophonti
1406 3497 1467 3535 ea
1509 3497 1594 3535 res
1639 3488 1750 3534 tam
1802 3481 2084 3552 perspicua

116 3590 229 3630 esse
280 3571 493 3626 videtur
539 3575 600 3624 nt
640 3588 787 3626 nemo
825 3589 1014 3643 neyare
1062 3571 1224 3643 possit
1276 3570 1327 3623 id
1386 3570 1496 3623 lieri
1557 3575 1817 3641 oportere.
1899 3569 2082 3641 ltaque

1669 3657 1755 3693 53*
