2436 4068
1263 177 1370 227 872

327 325 551 378 Nomina
591 323 805 394 propria
846 322 898 373 in
938 320 1204 389 corruptis
1242 318 1558 373 lectionibus
1599 319 1820 375 latentia
1861 326 1929 375 45
1954 362 1966 383 ,
2006 325 2112 385 81,
2155 326 2259 377 282
2283 367 2297 389 ,
2390 289 2436 402 ἔξ

402 416 508 467 582
535 453 547 476 ,
591 414 727 473 489,
771 412 911 472 588,
954 410 1078 460 670.
2397 401 2427 424 ””

322 500 546 554 Nomina
590 512 863 551 servorum
901 510 931 547 a
975 494 1150 565 patria
1187 495 1393 560 Λίβυς,
1437 495 1607 563 Φρύξ,
1651 496 1807 563 Σύρος
1850 500 1938 551 25.
2388 546 2436 576 4„

324 587 550 641 Nomina
591 587 646 638 in
681 615 756 624 ——
788 603 869 649 μοι
909 581 1215 654 producunt
1267 582 1620 653 penultimam
1648 627 1660 648 ‚
1715 591 1775 639 ut
1833 587 2030 650 πῶμα,
2093 592 2296 652 κλῖμικ,

397 681 593 740 κρῖμα,
635 676 795 741 φῦμα
835 677 888 725 et
929 671 1047 723 Sim.
1093 674 1214 724 791.

324 761 550 816 Nomina
592 760 806 831 propria
846 757 985 828 apud
1039 757 1244 811 Atticos
1291 767 1506 813 servant
1545 759 1744 813 formas
1795 759 2002 814 Ionicas
2043 766 2095 813 et
2147 759 2299 814 Dori·

400 866 490 902 cas
532 851 658 902 559.
2314 835 2317 838 ⁵

323 936 549 991 Nomina
588 935 804 1007 propria
844 935 1056 994 in--cc
1099 932 1490 995 habent—109
1532 943 1746 998 et—-c,
1789 942 1849 989 ut
1888 940 2122 1002 Σκῆψις,
2163 935 2298 999 Σκή-

403 1030 555 1092 ψιος,
599 1025 773 1091 Σκήψι
814 1029 866 1077 et
908 1023 1026 1075 sim.
1070 1024 1196 1076 558.
2382 1012 2399 1049 s

323 1110 639 1166 Nominibus
681 1110 912 1182 propriis
949 1110 1002 1162 in
1045 1107 1203 1162 Codd.
1246 1108 1436 1163 lineola
1474 1110 1896 1182 superscribitur
1937 1114 2045 1164 550
2086 1127 2165 1181 sq.

324 1199 654 1253 Nominativi
694 1215 819 1252 cum
861 1197 1182 1251 accusativis
1222 1197 1497 1251 coniuncti
1533 1215 1564 1252 a
1598 1197 1835 1253 librariis
1873 1199 2133 1252 vitiantur
2173 1201 2297 1251 257.
2379 1191 2429 1274 ³2.

325 1287 687 1342 Numerorum
741 1292 896 1339 notae
955 1286 1011 1338 in
1067 1284 1224 1339 Codd.
1299 1286 1536 1356 antiquis
1610 1282 1828 1358 pariunt
1887 1302 2094 1341 errores
2153 1288 2296 1349 212,
2378 1285 2423 1330 ἰ’·

402 1380 510 1430 250
537 1417 549 1438 ,
593 1377 739 1436 251,
785 1377 925 1438 241,
967 1376 1110 1437 460,
1154 1377 1278 1427 795.

324 1462 690 1538 Nymphodori
730 1462 962 1532 ineptiae
1004 1463 1127 1515 719.

327 1550 557 1623 Optativi
598 1549 769 1603 forma
814 1549 990 1604 Ionica
1045 1549 1260 1614 νοσέοιμι
1284 1591 1296 1611 ,
1357 1549 1584 1621 Tragica
1623 1558 1852 1617 νοσοῖμι,
1895 1551 2073 1605 Attica
2113 1549 2300 1611 νοσοίην
2374 1559 2387 1606 j
2417 1547 2423 1589 2²

402 1643 546 1704 560,
588 1641 734 1700 562,
780 1641 902 1691 792.
2377 1642 2385 1656 '
2422 1694 2423 1697 ,

327 1727 562 1799 Optativi
602 1725 771 1780 forma
812 1726 868 1778 in
907 1725 1157 1797 perfectis
1195 1728 1472 1794 μεμνῄμην
1529 1736 1728 1797 μεμνῇο
1786 1735 2018 1797 μεμνῇτο
2044 1768 2059 1792 ,
2118 1727 2299 1794 κεκλή·

401 1837 503 1881 μην
543 1823 726 1884 κεκλῇο
767 1823 1015 1883 κεκλῇτο,
1057 1821 1108 1868 et
1149 1815 1271 1871 sim.
1317 1817 1422 1868 225
1466 1832 1579 1886 sqq.
2384 1831 2419 1877 fl

328 1903 562 1976 Optativi
602 1919 733 1956 usus
774 1901 864 1955 uhi
918 1903 1038 1973 quis
1079 1919 1140 1956 ex
1181 1902 1354 1957 aliena
1394 1920 1619 1975 persona
1647 1903 1812 1958 refert
1851 1919 1987 1974 quae
2026 1903 2129 1973 ipsi
2167 1899 2299 1955 falsa
2384 1914 2419 1972 ¹⁴a

399 2009 513 2046 esse
552 1990 803 2044 videntur
844 1994 988 2056 555,
1030 1993 1155 2045 486.

327 2079 561 2151 Optativi
603 2095 734 2132 usus
776 2079 831 2130 in
876 2079 1115 2132 oratione
1165 2078 1427 2132 indirecta
1479 2095 1603 2133 cum
1660 2078 1942 2151 particulis
1995 2077 2134 2146 γάρ,
2174 2075 2254 2132 οὖν
2280 2119 2295 2143 ,

401 2168 454 2221 δέ
495 2172 549 2221 et
588 2167 708 2220 sim.
753 2168 880 2220 556.
2381 2158 2409 2180 ’

326 2254 583 2310 Parodiae
623 2257 686 2317 9,
729 2258 820 2308 28.
2379 2308 2415 2327 ·..

323 2343 614 2413 Participia
669 2340 953 2395 verborum
1011 2343 1449 2414 impersonalium
1509 2343 1695 2407 δόξαν,
1756 2343 2045 2410 προς-οιχθέν
2101 2363 2185 2407 μοι
2245 2347 2300 2396 et

397 2432 519 2486 sim.
563 2433 689 2483 527.
2153 2501 2157 2504 j

327 2519 492 2574 Paulo
532 2523 651 2590 post
690 2515 860 2571 futuri
903 2515 1133 2582 formae,
1176 2518 1359 2589 quales
1400 2520 1679 2588 ᾖρήσομοιι,
1721 2519 2043 2585 ἠτιμώσομοιι
2085 2525 2136 2573 et
2173 2518 2293 2573 sim.

402 2611 530 2663 241.

326 2693 555 2750 Persecti
593 2710 719 2747 usus
754 2693 809 2746 in
849 2692 1104 2748 ἀπόλωλα
1144 2696 1293 2749 τούπὶ
1336 2695 1416 2750 σοι’
1453 2702 1507 2750 et
1547 2696 1669 2750 sim.
1716 2699 1841 2749 558.
2372 2748 2382 2771 ἦ,

327 2782 660 2853 Periphrasis
722 2780 1005 2835 verborum
1072 2782 1244 2852 qualis
1299 2790 1381 2837 est
1439 2785 1686 2838 ποιεῖσθαι
1746 2781 1907 2846 ἔξοδον
1958 2800 2055 2855 pro
2113 2782 2295 2846 ἐξιέναι

401 2874 508 2926 257
550 2886 664 2940 sqq.

327 2958 662 3030 Periphrasis
702 2955 886 3010 eadem
922 2956 1102 3011 Ionica
1144 2975 1237 3029 per
1289 2959 1510 3013 verbum
1550 2961 1808 3024 τίθεσθαι,
1864 2966 1925 3014 ut
1963 2961 2179 3022 σπουδὴν
2218 2960 2294 3014 τί·

401 3048 570 3101 ewam
610 3063 684 3095 -ε
722 3044 939 3105 σπουδὴν
979 3048 1226 3100 ποιεῖσθαι
1267 3065 1362 3118 pro
1402 3048 1704 3115 σπουδάζειν
1745 3051 1873 3104 261.

327 3137 682 3190 Personarum
722 3133 865 3185 vices
905 3132 1249 3203 perturbatae
1294 3139 1358 3188 17
1401 3153 1514 3207 sqq.
1558 3140 1663 3201 95,
1710 3140 1845 3201 121,
1888 3139 2012 3190 594.

322 3221 597 3277 Philoxeni
637 3228 853 3274 Δεῖπνον
899 3223 1019 3273 152.

328 3306 845 3380 Plusquamperl'ecti
899 3308 1118 3378 antiqua
1171 3307 1340 3363 forma
1395 3312 1525 3379 ἤδη,
1580 3313 1804 3380 ᾔδησθα,
1861 3313 1993 3381 ᾔδειν
2060 3318 2113 3366 et
2169 3311 2287 3365 sim.
2389 3291 2436 3370 ’ᾖ

402 3401 509 3451 212
552 3413 697 3466 sqq„
739 3398 865 3450 277.

329 3481 875 3555 Plusquamperl'ectis
934 3482 1140 3540 scribae
1200 3484 1510 3557 imperfecta
1582 3474 1917 3543 substituunt
1986 3491 2124 3553 555,
2186 3489 2292 3541 422

406 3589 554 3643 sqq„
598 3574 735 3632 554,
782 3573 905 3624 582.
2390 3584 2394 3595 ³
2430 3569 2436 3583 ⁴
