2436 4068
1063 245 1165 296 107

120 402 306 442 cemus
345 385 410 440 de
449 402 511 440 eo
546 402 741 458 genere
788 387 1076 460 diligenter
1125 388 1283 444 alias:
1333 387 1425 444 sed
1475 387 1611 442 nihil
1660 387 1852 442 horum
1902 405 2112 444 errores

119 475 186 529 ad
225 473 666 546 Aristophanem,
707 477 802 548 qui
841 476 1143 531 scribarum
1185 478 1317 532 vitio
1365 493 1471 531 non
1518 491 1614 530 suo
1663 493 1808 532 nunc
1854 478 2112 544 βαρβαρί·

120 562 221 631 ζειν
265 561 499 619 videtur.

195 649 344 705 Idem
385 651 580 705 vitium
622 651 676 704 iu
716 650 932 706 Comico
970 650 1200 707 feliciter
1239 650 1513 707 sublatum
1554 652 1610 707 in
1650 651 1887 707 Isocrate
1926 650 2138 706 tollen·v

120 737 251 792 dum
292 755 409 793 esse
447 755 594 793 nunc
630 738 926 793 ostendam.
980 738 1388 795 Anaxandrides
1422 739 1566 814 apud
1598 734 1796 797 Athen.
1821 739 1958 795 XIV.
1984 742 2112 794 642.

123 826 176 880 B.
220 825 541 881 credebatur
573 825 802 881 dixisse:

423 915 488 974 ὥς
522 914 566 967 δ’
607 914 931 982 ἐςεφανῶθην
972 916 1001 978 ἧ
1041 913 1262 983 τράπεζ’
1301 916 1530 981 ε’πήγετο

417 1003 632 1057 τοσαῦτ’
669 1000 867 1069 ἔχουσα
906 1002 1139 1070 βρώμαθ’
1181 1001 1280 1058 ὅσα
1319 1003 1402 1069 μοὶ
1442 1003 1560 1065 τοὺς
1598 1003 1735 1063 θεούς

421 1090 510 1144 καὶ
551 1089 652 1151 τοὶς
691 1090 811 1152 θεας
848 1092 951 1146 οὐδ’
991 1090 1123 1145 ἔνδον
1165 1090 1268 1146 ὄντ’
1306 1092 1438 1160 ᾔδειν
1479 1091 1600 1156 ε’γώ.

118 1178 405 1235 absurdam
457 1178 786 1250 scripturam
834 1179 937 1234 οὐδ’
975 1178 1108 1234 ἔνδον
1148 1178 1251 1233 ὅντ’
1290 1178 1526 1234 evidenti
1575 1176 1950 1234 emendatione
1995 1179 2114 1234 Hir·

119 1266 361 1338 sehigius
410 1267 644 1331 sanavit,
698 1268 791 1338 qui
841 1267 1044 1339 reperit
1088 1283 1301 1322 veram:
1342 1267 1443 1322 οὐδ’
1479 1267 1523 1320 εἰ
1563 1266 1779 1332 γέγονεν
1820 1267 1951 1336 ᾔδειν
1994 1268 2114 1332 ἐγώ.

119 1355 298 1424 Quum
338 1354 395 1408 in
431 1353 630 1409 detrito
668 1354 807 1409 libro
847 1358 951 1409 non
993 1355 1126 1409 satis
1166 1354 1298 1427 quid
1336 1355 1603 1426 scriptum
1650 1360 1794 1409 esset
1834 1362 2119 1426 appareret

117 1443 295 1500 scriba
334 1441 483 1497 dedit
521 1442 662 1514 quod
703 1443 752 1498 ei
792 1444 847 1497 in
891 1449 1126 1498 mentem
1161 1443 1327 1498 venit.
1407 1443 1504 1498 Est
1539 1449 1722 1498 autem
1762 1441 1896 1496 illud
1932 1443 2033 1498 οὐδ’
2072 1445 2116 1498 εἰ

118 1531 331 1597 γέγονεν
362 1527 479 1586 οἶδα
520 1531 713 1585 tritum
748 1530 946 1585 Atticis
985 1530 1050 1586 de
1089 1548 1149 1587 re
1179 1538 1274 1586 aut
1312 1531 1555 1596 homine,
1595 1547 1757 1604 quem
1791 1530 1949 1602 juxta
1989 1547 2148 1586 cum·

121 1618 482 1691 ignarissimis
516 1619 796 1690 ignorent,
838 1624 898 1673 ut
938 1618 1081 1691 apud
1120 1619 1532 1675 Demosthenem
1570 1618 1636 1674 de
1669 1618 1874 1674 Corona
1906 1635 1956 1691 p.
1982 1622 2120 1683 248,

118 1711 171 1764 6.
211 1707 409 1776 Σέρριον
447 1707 500 1763 δὲ
539 1707 628 1762 καὶ
670 1708 913 1775 Δορίσκον
950 1708 1042 1763 καὶ
1075 1709 1170 1784 τὴν
1202 1710 1504 1777 Πεπαρήθου
1541 1707 1777 1777 πόρθησιν
1818 1740 1886 1753 --
1929 1707 2030 1762 οὐδ’
2070 1709 2115 1763 εἰ

115 1797 329 1864 γέγονεν
367 1793 509 1861 οἶδα,
553 1802 609 1850 et
652 1796 708 1850 in
749 1796 983 1852 Midiana
1019 1813 1070 1868 p.
1109 1800 1251 1862 559,
1294 1801 1384 1853 24.
1423 1797 1788 1866 μειρακύλλιον
1828 1795 1892 1850 ὢν
1932 1797 2117 1865 κομιδῇ

116 1885 203 1941 καὶ
255 1889 434 1940 τοῦτον
485 1884 587 1940 οὐδ’
626 1886 669 1940 εἰ
721 1885 935 1951 γέγονεν
983 1885 1122 1946 εἰδὼς
1178 1885 1312 1958 [οὐδὲ
1346 1884 1671 1958 γιγνώσκων]
1730 1886 1794 1945 ὡς
1843 1884 1974 1950 μηδὲ
2028 1887 2114 1939 νῦν

114 1975 339 2042 ὤφελον,
380 1972 472 2027 ubi
509 1973 774 2028 acerrime
812 1972 1018 2028 dictum
1055 1989 1160 2027 non
1193 1972 1296 2028 fert
1330 1972 1648 2044 languidum
1682 1971 2114 2028 additamentum

115 2063 226 2116 οὐδὲ
254 2063 554 2127 γιγνώσκων
592 2077 657 2116 ex
693 2061 1139 2132 interpretatione
1172 2060 1276 2115 sibi
1310 2077 1625 2134 appensum.
1678 2061 1942 2116 Isocrates
1977 2059 2113 2115 dixit

117 2149 170 2203 in
209 2149 456 2220 Euagora
497 2147 537 2222 g
579 2151 632 2203 6.
677 2147 806 2212 ἥδιον
854 2147 919 2203 ἂν
959 2150 1342 2215 εὔλογουμένων
1388 2148 1615 2205 ἀκούοιεν
1669 2146 1751 2210 οὓς
1802 2150 1893 2203 οὐκ
1939 2146 2116 2202 ἴσασιν·

116 2238 159 2291 εἰ
198 2236 479 2302 γεγόνασιν
516 2237 545 2299 ἢ
592 2236 846 2310 [τούτους]
886 2238 978 2306 ὑφ’
1018 2234 1081 2291 ὦν
1115 2233 1172 2292 εὖ
1206 2237 1514 2299 πεπονθότες
1547 2236 1694 2293 αὐτοὶ
1731 2234 2115 2304 τυγχάνουσιν,

13 2327 49 2386 ⁸2,
116 2324 209 2381 ubi
240 2325 515 2380 Bekkerus
553 2323 694 2380 male
730 2325 940 2387 τούτους
978 2330 1154 2380 totum
1198 2325 1431 2398 expulit,
1471 2324 1696 2381 debebat
1736 2331 1947 2396 partem
1986 2325 2114 2380 reti·

12 2429 52 2491 ’.ζ
115 2429 271 2478 nere,
323 2429 447 2467 nam
497 2411 699 2467 Graece
746 2412 1036 2468 dicendum
1083 2420 1167 2469 est
1207 2416 1236 2479 ἢ
1284 2416 1402 2476 τοὺς
1449 2415 1542 2483 ὑφ’
1584 2410 1647 2467 ὧν
1696 2410 1753 2469 εὖ
1803 2413 2111 2475 πεπονθότες

44 2518 52 2546 .-
114 2502 259 2558 αὐτοὶ
294 2499 669 2569 τυγχάνουσιν.
749 2501 949 2557 Eodem
992 2501 1148 2574 plane
1182 2502 1341 2558 modo
1373 2502 1560 2558 Cicero
1591 2501 1780 2556 scribit
1816 2500 1882 2556 ad
1917 2501 2109 2556 Famil.

21 2605 28 2626 ¹
115 2588 206 2645 lx.
251 2595 336 2645 15.
396 2588 530 2643 Nam
570 2587 704 2642 mihi
748 2589 885 2644 scito
924 2590 1032 2645 iam
1072 2607 1102 2646 a
1140 2590 1360 2664 regibus
1398 2589 1608 2646 ultimis
1643 2589 1832 2645 allatas
1871 2605 1988 2644 esse
2027 2590 2112 2645 lit-

113 2683 287 2741 teras,
326 2675 525 2748 quibus
557 2675 693 2730 mibi
733 2678 937 2747 gratias
977 2685 1171 2750 agant,
1209 2678 1351 2751 quod
1391 2695 1450 2734 se
1488 2694 1610 2734 mea
1648 2678 1917 2734 sententia
1957 2694 2112 2750 reges

111 2764 522 2839 appellaverim,
562 2782 697 2837 quos
742 2782 842 2837 ego
882 2783 988 2821 non
1042 2767 1201 2823 modo
1239 2783 1393 2839 reges
1433 2766 1725 2840 appellatos
1765 2765 1858 2821 sed
1904 2767 2112 2823 omnino

111 2861 259 2911 notos
295 2853 602 2909 nesciebam.
681 2853 794 2909 Hoc
844 2854 1023 2927 ipsum
1073 2872 1219 2911 nunc
1269 2855 1494 2911 Isocrati
1546 2853 1881 2910 reddendum
1929 2861 2012 2910 est
2052 2855 2109 2911 in

32 2939 43 3012 ,ἶ
114 2940 510 2998 Panathenaico
547 2940 587 3015 S
626 2946 713 2998 70.
750 2944 872 3008 ήμῖν
905 2944 1003 3009 μὲν
1038 2943 1145 3012 γὰρ
1178 2943 1428 3000 συνέπεσε
1462 2943 1575 3013 περ)
1609 2943 1848 3012 νησύδρια
1887 2947 2111 2999 τοιαῦτα

31 3029 41 3046 ”
75 3103 77 3106 v
114 3031 201 3086 καὶ
239 3034 539 3093 τηλικαῦτα
589 3033 648 3085 τὸ
700 3030 918 3097 μέγεθος
968 3029 1314 3100 ἐξαμαρτεῖν,
1370 3028 1408 3087 ἃ
1459 3031 1644 3088 πολλοὶ
1698 3036 1797 3086 τῶν
1846 3032 2109 3095 Ἑλλήνων

37 3125 43 3204 2
112 3120 214 3175 οὐδ’
245 3119 446 3183 ἴσασιν,
486 3119 662 3175 ἐκεῖνοι
691 3120 743 3174 δὲ
776 3119 875 3182 τὰς
909 3120 1141 3187 μεγίςας
1177 3120 1355 3183 πόλεις
1390 3126 1488 3176 τῶν
1523 3121 1575 3175 ἕν
1614 3120 1981 3189 Πελοποννήσῳ
2018 3118 2106 3174 καὶ

114 3206 213 3269 τὰς
252 3215 510 3277 πανταχῇ
543 3208 870 3277 προεχούσας
902 3210 1003 3263 τῶν
1038 3208 1216 3265 ἄλλων
1249 3207 1544 3272 οὶναςάτους
1577 3209 1841 3272 ἐποίησαν.
1900 3208 1980 3263 lta
2021 3206 2108 3261 dc,

55 3304 70 3316 ·
118 3309 266 3350 11111111
318 3294 449 3350 haec
493 3303 653 3351 erunt
704 3298 1029 3364 ἱσοκρατείως
1082 3297 1227 3354 dicta
1264 3314 1431 3371 quum
1474 3297 1806 3371 suppleveris
1845 3294 1882 3351 ἃ
1925 3295 2105 3350 πολλοὶ

115 3386 211 3437 τῶν
250 3384 508 3446 Ἑλλήνων
546 3385 646 3440 οὐδ’
686 3388 728 3439 εἰ
777 3385 991 3450 γέγονεν
1032 3385 1229 3451 ἴσασιν,
1269 3385 1412 3459 quod
1459 3402 1623 3458 quam
1670 3385 1802 3441 bene
1843 3390 1896 3438 et
1939 3383 2106 3453 signi-e

20 3518 21 3522 ,
63 3528 65 3530 ,
117 3468 339 3525 iicantcr
378 3471 584 3527 dictum
627 3474 696 3527 sit
737 3480 790 3528 ct
830 3475 1028 3529 caeteri
1068 3474 1197 3539 loci,
1237 3491 1371 3547 quos
1411 3474 1783 3547 apposuimus,
1817 3469 2108 3526 ostendunt

22 3575 25 3640 ,j
117 3564 170 3612 et
211 3559 614 3616 Anaxandridea
652 3558 750 3616 ὅσα
788 3564 931 3618 ὀὐδ’
964 3565 1006 3618 εἱ
1048 3564 1260 3629 γέγονεν
1302 3564 1434 3633 ᾔδειν
1475 3564 1594 3629 ἐγώ.

190 3646 508 3719 Antiplianis
543 3648 690 3704 locus
727 3657 804 3705 cst
842 3650 1164 3723 depravatus
1197 3657 1248 3708 ct
1286 3651 1543 3714 11111ῑί1113,
1589 3648 1681 3722 qui
1719 3663 1781 3702 cx
1819 3644 2106 3708 Platonicis
