2436 4068
1312 236 1416 283 150

379 379 522 454 nysii
570 379 767 433 minaci
810 379 923 432 ioco
963 377 1030 433 ad
1069 378 1358 430 Locrenses
1396 377 1642 443 χαμᾶθεν
1692 379 1809 442 ὑμῖν
1853 379 1894 431 οἱ
1934 378 2174 442 τέττιγες
2215 378 2365 446 ᾆσον-

382 488 504 530 ται,
541 484 705 538 quum
734 467 1038 536 significare
1070 464 1222 518 vellet
1262 466 1333 518 τα
1368 466 1541 531 δένδρα
1586 467 1702 529 ὑμῖν
1734 465 2103 526 ἐκκοπήσεται,
2145 472 2197 518 et
2227 466 2368 535 apud

384 555 725 610 Aristotelem
766 555 982 606 Rhetor.
1035 553 1098 606 ΙΙ.
1138 555 1202 605 21
1256 559 1309 606 et
1353 554 1406 605 in
1458 553 1715 606 Demetrii
1760 552 1895 605 libro
1944 554 2055 619 περὶ
2107 555 2371 620 ἑρμηνείας

387 647 450 716 §§
487 646 557 696 99
592 650 644 695 et
686 645 791 694 245
832 642 886 693 in
931 641 1163 708 χαμόθεν
1209 657 1391 693 omnes
1431 640 1754 710 conspirant.
1849 638 1967 693 Alia
2006 641 2246 711 exempla
2286 640 2371 694 de-

387 730 567 783 dimus
608 730 663 781 in
694 730 872 799 priore
914 729 1069 782 Parte
1109 745 1227 798 pag.
1265 732 1366 791 89,
1420 727 1560 781 unde
1595 727 1692 781 hoc
1731 730 1862 781 satis
1897 734 2104 780 certum
2146 745 2260 782 esse
2298 728 2375 780 in-

388 817 656 887 telligitur
693 816 927 882 χαμόθεν
967 815 1250 870 Veteribus
1287 815 1592 868 inauditum
1634 832 1748 870 esse
1789 823 1841 870 et
1882 814 2056 868 sicubi
2096 815 2237 885 apud
2287 831 2376 868 eos

390 904 630 958 occurrit
702 903 1002 957 scribarum
1072 904 1312 957 socordia
1380 904 1678 974 irrepsisse.
1778 904 2060 957 Praeterea
2128 901 2257 972 quid
2323 918 2384 955 eo

392 991 755 1047 Grammatico
793 990 982 1056 facias,
1025 992 1117 1062 qui
1161 994 1300 1046 serio
1342 991 1574 1061 potuerit
1608 992 1662 1043 in
1700 992 1939 1045 animum
1983 990 2239 1045 inducere
2274 1011 2378 1058 χα-

389 1081 552 1146 μᾶθεν
599 1096 694 1150 pro
745 1079 932 1146 χαμαί
970 1096 1225 1149 umquam
1274 1077 1480 1131 dictum
1514 1094 1630 1132 esse
1679 1087 1731 1133 et
1773 1081 2020 1147 χαμᾶθεν
2061 1081 2183 1139 ἑςώς
2226 1079 2381 1132 humo

391 1177 531 1222 stans
574 1166 946 1236 coniungenda
982 1183 1125 1231 esse,
1167 1165 1306 1238 quod
1343 1183 1445 1219 non
1488 1167 1668 1220 minus
1699 1167 1991 1221 absurdum
2026 1174 2108 1220 est
2141 1184 2303 1238 quam
2335 1167 2380 1219 si

393 1256 516 1326 quis
555 1256 804 1322 χαμᾶθεν
845 1256 1039 1309 κεῖσθαι
1091 1254 1246 1308 vellet
1284 1253 1462 1307 dicere
1501 1261 1594 1308 aut
1635 1254 1838 1322 θύραθεν
1891 1271 1988 1326 pro
2041 1255 2243 1322 θύρασιν
2288 1262 2382 1308 aut

394 1343 758 1409 Ὀλυμπίαθεν
789 1359 882 1413 pro
912 1343 1289 1408 Ὀλυμπίασιν.
1371 1342 1528 1395 Misso
1562 1348 1742 1396 autem
1767 1343 2065 1406 Priscian0,
2104 1343 2197 1413 qui
2224 1341 2385 1415 (quod

390 1430 553 1484 multi
595 1430 823 1503 faciunt)
859 1447 962 1484 non
1004 1430 1145 1484 locos
1176 1429 1416 1500 singulos
1455 1429 1521 1482 ad
1562 1430 1728 1484 totius
1766 1429 1982 1500 linguae
2025 1446 2181 1484 usum
2217 1437 2268 1484 et
2301 1446 2382 1483 ra·

395 1519 596 1572 tionem
645 1520 839 1590 exigit,
895 1518 987 1572 sed
1027 1535 1091 1573 ex
1139 1517 1367 1588 singulis
1413 1516 1544 1571 locis
1590 1519 1752 1572 etiam
1806 1517 1945 1572 male
1991 1517 2277 1571 intellectis
2331 1526 2385 1572 et

393 1606 604 1661 vitiosis
634 1606 846 1663 dicendi
883 1623 1039 1660 usum
1076 1606 1150 1659 ita
1187 1606 1467 1659 constituit
1501 1612 1554 1659 et
1589 1605 1821 1676 colligit,
1862 1612 1923 1659 ut
1960 1605 2093 1658 nihil
2133 1607 2263 1660 satis
2298 1605 2383 1659 fir-

393 1710 545 1748 mum
594 1701 647 1748 et
699 1693 888 1748 stabile
930 1693 1203 1756 videatur,
1261 1697 1348 1748 cui
1399 1693 1577 1764 aliqua
1625 1693 1876 1749 Codicum
1933 1695 2199 1765 scriptura
2249 1701 2385 1748 tam-

395 1798 558 1853 quam
601 1782 852 1836 machina
900 1781 1168 1835 obmoveri
1206 1783 1399 1853 possit,
1441 1781 1716 1836 videamus
1753 1798 1820 1835 an
1859 1798 1923 1835 ex
1962 1784 2230 1853 corruptis
2267 1781 2385 1836 reli-

398 1871 540 1940 quiis
577 1870 781 1924 Cratini
817 1886 1036 1924 manum
1065 1871 1331 1940 possimus
1362 1886 1551 1924 eruere
1585 1877 1647 1923 ut
1680 1886 1839 1924 sanae
1874 1870 2069 1923 rationi
2104 1877 2388 1942 certaeque

396 1957 672 2029 analogiae
718 1959 838 2012 usui
882 1959 1187 2013 consultum
1238 1959 1326 2013 sit.
1408 1958 1601 2012 Videor
1648 1957 1783 2022 mihi
1821 1960 2121 2013 octonarios
2161 1959 2387 2014 latentes

398 2047 453 2100 in
497 2045 587 2100 illa
629 2045 858 2117 caligine
900 2045 1324 2118 deprehendere,
1369 2063 1501 2117 quos
1541 2047 1618 2100 sic
1663 2047 2062 2101 constituerim:

1373 2131 1423 2195 ὃς
1464 2135 1563 2196 τας
1610 2137 1762 2195 πίτυς
1803 2134 2072 2200 ἔκαμπτεν

702 2223 821 2282 ἓςὼς
861 2224 1106 2288 χαμᾶθεν
1148 2222 1366 2295 (ῥαδίως)
1410 2222 1573 2291 ἄκρας
1614 2223 1776 2289 κόμης
1812 2223 2103 2286 καθέλκων,

397 2308 569 2381 quod,
611 2309 798 2374 cred0,
841 2309 1014 2363 facere
1050 2309 1328 2364 dicebatur
1362 2310 1506 2364 Sinis
1546 2313 1686 2382 ipse,
1728 2312 1750 2364 ὁ
1788 2310 2226 2375 πιτυοκάμπτης,

698 2398 791 2468 qui
832 2404 1039 2468 poterat
1080 2414 1306 2452 curvare
1346 2398 1522 2453 trabes
1557 2406 1609 2453 et
1649 2398 1838 2470 agebat
1877 2398 1942 2453 ab
1982 2398 2088 2452 alto

699 2485 766 2539 ad
811 2493 1008 2539 terram
1050 2484 1155 2539 late
1191 2502 1472 2556 sparsuras
1508 2504 1729 2558 corpora
1768 2487 1964 2558 pinus,

399 2579 535 2628 teste
559 2572 745 2628 Ovidio
775 2573 1123 2646 Metamorph.
1162 2574 1273 2627 vll.
1300 2578 1426 2628 440.
1505 2574 1906 2646 Comparandus
1934 2574 2209 2646 Euripidis
2243 2574 2389 2629 locus

401 2662 454 2715 in
491 2661 714 2717 Bacchis
757 2665 921 2716 1068:
1927 2660 1941 2673 ⁸

702 2753 765 2811 ὡς
806 2753 954 2804 κλῶν’
991 2750 1137 2818 ὄρειον
1174 2751 1196 2803 ὁ
1238 2749 1373 2814 ξένος
1413 2758 1583 2818 χεροῖν
1622 2750 1769 2816 ἄγων

703 2838 973 2903 ἔκαμπτεν
1014 2841 1084 2898 εἷς
1124 2846 1223 2902 γῆν
1265 2838 1488 2905 ἔργματ’
1527 2838 1644 2906 οὐχὶ
1687 2841 1845 2902 θνητοὶ
1883 2841 2018 2907 δρῶν.

437 2954 441 2959 ·
479 2924 684 2980 Cratini
734 2926 1027 2980 versiculos
1067 2926 1208 2997 apud
1247 2927 1507 2980 Zonaram
1550 2943 1598 2998 p.
1635 2931 1776 2981 1366
1818 2927 1951 2982 hene
1999 2927 2294 2982 Meinekius
2335 2929 2388 2980 in

403 3012 548 3066 hunc
584 3013 800 3067 modum
843 3015 1157 3068 constituit:

710 3103 732 3154 0e
766 3103 992 3168 Φορμίων
1026 3109 1160 3170 τρεῖς
1200 3104 1448 3170 ἀργυροῦς
1489 3104 1659 3167 ςήσειν
1696 3102 1798 3171 ἔφη

710 3190 975 3256 τρίποδας,
1014 3191 1174 3245 ἔπειτ’
1216 3190 1385 3252 ἔθηκεν
1425 3189 1514 3243 ἕνα
1552 3191 1888 3257 μολύβδινον,

407 3277 512 3337 nisi
553 3275 692 3347 quod
732 3276 902 3338 έθηκεν
943 3296 1046 3332 non
1098 3277 1391 3332 satisfacit:
1449 3277 1622 3334 ἱςοέναι
1657 3280 1871 3346 τρίποδα
1923 3279 2120 3350 optime
2161 3278 2388 3340 dicitur,
2434 3332 2436 3334 ,

405 3365 619 3430 τρίποδα
654 3364 839 3419 τιθέναι
878 3383 980 3420 non
1015 3367 1161 3420 item.
1242 3365 1390 3432 Quod
1427 3365 1566 3436 apud
1602 3367 1861 3420 Zonaram
1895 3373 1974 3420 est
2004 3366 2187 3421 ἔπειτα
2221 3366 2390 3428 ἔθηκεν
2423 3383 2436 3428 ³„

405 3467 572 3508 manu
612 3451 761 3507 ducit
797 3452 863 3506 ad

705 3541 974 3609 τρίποδας,
1017 3542 1177 3596 ἔπειτ’
1218 3543 1453 3604 οένέθηκεν
1494 3539 1583 3595 ἕνα
1622 3542 1943 3607 μολύβδινον.

480 3627 540 3684 In
582 3628 916 3684 Pherecratis
946 3631 1323 3685 venustissimo
1361 3631 1660 3702 fragmento
1687 3630 1827 3701 apud
1865 3630 2059 3687 Athen.
2102 3647 2151 3700 p.
2180 3632 2303 3682 564.
2332 3629 2386 3685 B.
