2436 4068
1006 186 1103 237 751

76 355 173 396 τας
211 334 310 388 ἀεὶ
351 331 574 401 ἄρχειν
614 331 673 386 τὸ
713 330 944 393 ἔτος-,
985 333 1111 385 ἀλλ’
1149 329 1314 399 ὥσπερ
1355 332 1398 385 οἱ
1438 329 1665 398 τύραννοι
1691 359 1792 396 -,
1834 332 1890 394 ἦν
1924 353 2039 388 τινα

8 458 9 470 ¹
76 422 415 478 αἰσθάνωνται
469 418 866 487 παρανομοῦντα
904 439 988 481 τι,
1042 426 1374 487 παραχρῆμα
1428 418 1746 485 κολάζουσιν.
1827 421 1886 473 In
1930 438 2044 476 cae-

8 511 9 547 ἶ
74 511 209 565 teris
248 508 557 563 civitatibus
596 508 943 577 Magistratus
979 514 1294 578 potestatem
1328 525 1424 579 per
1477 513 1637 560 totum
1686 525 1880 561 annum
1926 509 2047 562 reti·

6 632 8 634 >
71 606 221 662 nent,
257 613 431 668 neque
467 597 646 668 prius,
686 597 732 649 si
767 595 894 666 quid
933 595 1285 666 deliquerint,
1329 595 1460 650 dant
1499 610 1723 666 poenaS,
1764 612 1923 666 quam
1960 596 2048 651 de-

6 688 9 702 ’
75 685 248 740 suncti
287 685 487 739 honore
526 690 841 756 potestatem
898 682 1256 754 deposuerint.
1335 685 1564 756 Eplioris
1612 690 1797 736 contra
1845 685 1930 738 ius
1967 691 2050 739 est

74 775 457 846 magistratuS,
495 773 541 826 si
563 771 970 844 quid,adversus
990 771 1134 840 leges
1166 773 1566 836 commiserint,
1599 773 2048 838 circumscribere,

72 865 110 918 i.
156 878 203 918 e.
259 867 521 934 potestate
576 875 811 924 exuere,
869 867 922 913 et
974 859 1051 913 sic
1110 861 1286 914 statim
1342 861 1399 913 in
1460 877 1548 914 eos
1603 860 2050 917 animadvertere.

7 973 9 975 ¹
72 951 183 1006 Hoc
239 948 641 1021 Xenophontem
699 947 879 1002 dicere
934 955 1179 1019 apertum
1239 954 1338 1000 est.
1437 947 1504 1001 Ut
1558 964 1620 1001 ea
1672 950 1938 1002 sententia
1994 950 2049 1003 in

75 1039 292 1096 Graecis
345 1038 476 1092 insit
525 1035 902 1107 corrigendum
945 1042 1027 1090 est
1080 1036 1192 1089 ἐῶσι
1241 1035 1359 1095 τοὺς
1408 1035 1698 1102 αἱρεθέντας
1752 1036 2048 1105 διαρχειν

73 1130 133 1184 τὸ
173 1127 302 1188 ἔτος.
381 1123 737 1197 opponuntur
784 1125 926 1178 enim
969 1124 1112 1177 inter
1152 1139 1207 1177 se
1257 1125 1349 1177 εὀἳν
1391 1124 1680 1192 διαρχειν
1722 1131 1771 1178 et
1814 1123 2049 1192 ἄρχονται

73 1213 280 1283 μεταξὺ
322 1214 684 1278 καταπαύειν,
729 1220 788 1266 ut
829 1211 986 1266 modo
1021 1211 1260 1265 dixerat:
1302 1212 1451 1279 κύριοι
1494 1213 1545 1265 δὲ
1581 1211 1668 1266 καὶ
1714 1211 1776 1286 (οἱ
1810 1214 2046 1287 ’Έφοροι)

69 1303 333 1372 ἄρχοντας
369 1301 576 1369 μεταξὺ
628 1306 994 1356 καταπαῦσαι.
1073 1299 1325 1367 Διάρχειν
1366 1317 1427 1354 eo
1468 1317 1629 1354 sensu
1681 1307 1734 1354 et
1773 1299 1863 1353 alii
1905 1301 2047 1356 dixe-

71 1399 205 1447 runt
252 1398 307 1447 et
353 1391 572 1464 LysiaS,
631 1388 773 1444 unde
813 1386 1087 1456 Διῆρξαε
1146 1388 1231 1442 δια
1267 1388 1446 1450 τέλους
1494 1387 1621 1456 ἦρξα
1663 1388 2049 1460 Harpocration

35 1478 290 1542 attulit,
334 1479 429 1550 qui
470 1477 661 1532 melius
698 1478 773 1532 δι’
813 1476 1003 1537 ἔτους
1047 1473 1173 1544 ἦρξα
1214 1478 1535 1549 scripsisset.
1616 1485 1954 1533 ΔΙΛΡΧΕΙΝ
1993 1480 2050 1534 in

71 1576 146 1624 AI
181 1573 236 1622 et
273 1575 395 1622 AEI
432 1565 613 1634 ἄρχειν
647 1563 901 1620 facillime
941 1565 1295 1636 depravatur,
1356 1571 1413 1619 ut
1457 1567 1650 1637 passim
1692 1567 1737 1620 δι
1783 1597 1847 1607 -
1879 1587 1934 1622 αι
1974 1600 2050 1610 -

72 1677 153 1712 αει
194 1655 451 1711 confundi
489 1654 751 1709 videmus.

147 1744 373 1799 Ferrine
413 1759 565 1815 posse
619 1749 777 1814 putas
812 1741 950 1796 VIII.
994 1747 1044 1797 4.
1085 1743 1141 1805 ἤν
1185 1745 1279 1796 τιν’
1321 1741 1661 1797 αἰσθάνωνται
1704 1749 2052 1812 παρανομοῦν-

70 1832 143 1887 τά
200 1853 289 1897 τι,
342 1833 521 1894 εὐθὺς
581 1838 912 1898 παραχρῆμα
949 1830 1294 1899 κολαζουσινῖ
1374 1830 1513 1885 Num
1569 1840 1900 1901 παραχρῆμα
1952 1833 2052 1888 tibi

11 1973 28 1985 ,
67 1919 286 1975 videtur
338 1920 485 1982 εὐθύς
542 1921 620 1974 sic
674 1919 917 1973 additum
981 1918 1257 1973 commode
1309 1918 1631 1975 admittere?
1711 1930 2053 1990 Παραχρῆμα

68 2009 310 2064 Atticum
346 2015 400 2063 et
430 2014 585 2062 vetus
614 2015 726 2072 est,
766 2007 909 2068 εὐθύς
947 2014 999 2061 et
1035 2008 1212 2068 εὐθέως
1248 2016 1623 2062 remanserunt
1660 2010 1711 2062 in
1747 2026 1865 2063 usu.
1947 2011 2053 2065 Ita·

71 2114 177 2169 que
212 2096 386 2152 sicubi
439 2095 571 2150 haec
601 2097 888 2150 coniuncta
940 2113 1054 2150 esse
1101 2095 1289 2159 video,
1332 2098 1566 2167 suspicio
1623 2097 1766 2151 subit
1805 2099 2048 2153 animum

71 2184 329 2240 vocabulo
369 2186 590 2255 antiquo
628 2190 679 2238 et
723 2183 956 2238 obsoleto
995 2184 1325 2254 adscriptum
1364 2201 1478 2238 esse
1515 2185 1689 2239 serius
1738 2185 1904 2251 illud,
1945 2204 2052 2259 quo

70 2290 258 2330 omnes
315 2279 431 2328 tum
488 2271 810 2337 utebantur,
870 2279 931 2326 ut
984 2271 1124 2343 apud
1178 2272 1431 2327 Dinarch.
1476 2274 1513 2327 l.
1561 2277 1648 2328 94.
1713 2274 1910 2336 ταύτην
1958 2277 2051 2339 τὴν

73 2363 423 2429 εἰσαγγελίαν
458 2361 648 2434 [εὐθὺς]
689 2368 1020 2430 παραχρῆμα
1053 2361 1409 2428 ἀναιρούμενος
1430 2403 1443 2425 ,
1485 2370 1537 2416 et
1568 2363 1624 2415 in
1665 2362 1800 2416 Isaei
1836 2361 1983 2418 Orat.
2008 2364 2050 2419 I.

75 2456 160 2506 11.
201 2450 287 2505 καὶ
332 2448 525 2522 [εὐθὺς]
583 2450 860 2516 ἐρωτῶντος
905 2453 994 2503 τοῦ
1050 2449 1246 2503 Δεινίου
1289 2458 1647 2518 παραχρῆμα,
1689 2450 1780 2504 ubi
1831 2468 1860 2506 e
1909 2469 2048 2506 mar-

71 2541 197 2611 gine
246 2539 301 2592 in
352 2537 579 2591 alienam
635 2537 812 2591 sedem
865 2538 1121 2609 irrepsit,
1174 2545 1226 2592 et
1276 2538 1399 2591 ibid.
1445 2539 1535 2592 ΙΙΙ.
1581 2543 1631 2592 7.
1693 2537 1828 2602 ἔδοξε
1883 2561 2050 2608 παρα-

70 2633 259 2697 χρῆμα
305 2626 497 2699 [εὐθὺς]
548 2625 669 2680 τότε
707 2626 778 2679 τα
817 2628 981 2693 ψευδῆ
1021 2634 1375 2694 μαρτυρῆσαι,
1417 2635 1468 2681 et
1521 2630 1549 2697 ᾗ
1590 2631 1677 2680 48.
1720 2637 2050 2697 παραχρῆμα

77 2715 268 2790 [εὐθὺς]
327 2714 447 2769 τότε
501 2714 793 2781 ἔτιμωρήσω
841 2714 905 2769 ἂν
939 2716 1025 2769 τὸν
1078 2716 1371 2770 ἀδικοῦντα.
1450 2714 1646 2769 Eadem
1701 2715 1843 2770 labes
1891 2718 2047 2771 Anti-

73 2803 330 2877 phontem
382 2801 553 2856 inficit
587 2802 629 2871 Ἰ.
674 2806 762 2858 ⁶20.
820 2805 842 2856 ὁ
893 2804 988 2869 μὲν
1029 2801 1110 2858 οὖν
1156 2804 1399 2865 Φιλόνεως
1447 2804 1669 2878 [εὐθέως]
1717 2814 2048 2874 παραχρῆμα

70 2893 396 2956 ἀποθνήσκει.
476 2890 593 2944 Duo
647 2898 773 2944 sunt
827 2890 965 2963 apud
1023 2891 1433 2947 Demosthenem
1490 2894 1587 2948 loci
1646 2893 1827 2949 eodem
1892 2895 2047 2949 modo

72 2978 415 3052 interpolati:
459 2978 511 3032 in
552 2977 695 3033 Orat.
732 2978 839 3033 LII.
884 2983 934 3034 6.
989 2979 1173 3044 ἔδειξεν
1221 2981 1443 3055 [εὐθέως]
1492 2991 1857 3051 παραχρῆμα,
1899 2991 1950 3037 et
1994 2985 2048 3037 in

74 3066 226 3126 Orat.
267 3065 498 3123 XLVIII.
542 3071 630 3123 40.
697 3067 886 3143 [εὐθὺς]
947 3078 1278 3138 παραχρῆμα
1319 3072 1405 3125 ὑπ’
1450 3073 1619 3147 αὐτῶν
1671 3070 2047 3139 ἐξελεγχθήσε-

70 3176 181 3212 ται.
261 3156 337 3211 Ne
378 3163 429 3211 te
468 3154 744 3227 perturbet
785 3173 845 3211 ea
883 3159 1102 3212 testium
1156 3166 1532 3230 corruptorum
1588 3158 1922 3230 frequentia,
1965 3177 2047 3213 co-

76 3245 188 3318 gita
225 3244 350 3299 olim
397 3245 736 3315 antiquatum
792 3244 955 3300 fuisse
994 3262 1147 3300 usum
1202 3247 1441 3302 vocabuli
1498 3255 1829 3316 παραχρῆμα
1869 3255 1920 3302 et
1970 3249 2049 3302 in·

73 3333 511 3405 terpretationem
551 3339 645 3387 aut
694 3332 1020 3389 desiderasse
1059 3342 1152 3389 aut
1189 3335 1452 3391 elicuisse.
1537 3336 1865 3408 Hesychius:
1927 3346 2046 3391 Πα·

73 3427 399 3491 ραχρῆματ
454 3421 783 3490 παραυτίκα,
835 3423 1055 3490 ἀθρόως,
1095 3425 1294 3485 εὐθέως.
1377 3424 1736 3488 Vocabulum,
1777 3423 1915 3495 quod
1956 3442 2046 3479 no·

77 3507 160 3565 bis
198 3517 250 3565 et
305 3525 369 3565 ex
419 3525 476 3563 se
523 3509 636 3580 ipso
687 3518 740 3565 et
789 3510 997 3583 legendi
1051 3529 1149 3566 usu
1208 3519 1312 3566 tam
1364 3514 1704 3585 perspicuum
1755 3522 1807 3567 et
1859 3520 2044 3568 notum

74 3605 188 3661 est,
234 3597 336 3652 illis
390 3596 665 3652 Graeculis
708 3606 817 3652 erat
875 3598 982 3654 sere
1035 3600 1355 3654 inauditum.
1440 3601 1582 3656 Tolle
1638 3602 1807 3656 obiter
1848 3601 2043 3657 ridicu-
