2436 4068
1352 213 1457 262 540

400 361 560 420 κλίθη.
641 359 698 412 ln
745 356 1009 429 plerisque
1050 355 1202 410 libris
1240 363 1318 409 est
1349 354 1654 415 κατεκλίνθη
1679 395 1693 416 ,
1735 361 1858 407 noto
1900 370 2096 408 errore.
2177 355 2378 408 Ἐκλίν·

400 449 456 508 θη
521 446 862 499 Homericum
922 450 1037 506 θεῖ,
1092 441 1444 496 Athenienses
1499 459 1599 494 non
1655 439 1810 494 aliter
1862 458 2020 512 quam
2074 442 2382 502 κατεκλίνην

400 533 649 586 dicebant
706 539 758 586 et
811 531 1084 601 sequiores
1125 529 1295 583 forma
1336 529 1644 590 κατεκλίθην
1688 534 1932 582 utuntur.
2013 530 2149 583 Hinc
2205 529 2381 581 omnis

405 623 455 673 in
483 621 586 673 iltis
626 618 813 672 formis
851 616 1148 671 scribendis
1171 617 1531 688 discrepantia
1561 623 1687 669 nata
1722 623 1820 671 est.
1866 619 2153 679 Κατεκλίνη
2196 616 2380 686 genni-

407 725 534 761 num
587 713 695 770 est,
737 723 899 778 supra
948 705 1206 764 scribitur
1253 706 1275 758 θ
1317 704 1383 758 ad
1426 703 1765 758 indicandam
1809 703 2033 757 sormam
2075 698 2384 759 recentiori-

406 796 507 849 bus
549 796 803 849 usitatam
844 794 1158 857 κατεκλίθη,
1211 793 1300 847 alii
1345 799 1633 863 utramque
1669 791 1991 861 scripturam
2034 794 2386 845 commiscent

409 882 547 936 unde
588 884 894 945 κατεκλίνθη
949 881 1143 952 prodit.
1225 881 1385 935 Plura
1416 879 1479 932 de
1515 896 1574 932 ea
1614 896 1670 933 re
1708 879 1960 932 annotavi
2001 878 2065 932 ad
2101 877 2386 951 Hyperidis

408 971 705 1024 orationem
761 972 882 1038 ὑπὲρ
934 969 1276 1033 Εὐξενίππου.
1360 966 1658 1021 Admodum
1711 965 1998 1020 ridiculum
2057 967 2247 1020 vitium
2305 973 2386 1019 est

354 1069 357 1075 '
407 1058 496 1112 lv.
532 1077 600 1113 1v.
644 1064 731 1113 15.
773 1060 890 1119 τοὺς
929 1058 1126 1126 νεκροὺς
1167 1056 1508 1116 ὑποσπόνδους
1563 1056 1944 1119 ἀπήγοντο,
1990 1072 2206 1125 prorsus
2242 1054 2385 1107 enim

408 1146 702 1200 absurdum
742 1154 822 1201 est
858 1145 1164 1211 ἀπάγεσθαι
1198 1143 1392 1211 νεκρόν,
1435 1143 1752 1213 utquisque
1794 1143 1973 1196 statim
2018 1143 2229 1195 sentiet.
2290 1141 2389 1195 Ve-

410 1242 554 1289 teres
593 1253 698 1289 non
737 1234 894 1290 aliter
928 1233 1174 1288 dicebant
1214 1248 1374 1303 quam
1416 1232 1532 1292 τοὺς
1582 1233 1779 1299 νεκροὺς
1830 1231 2171 1292 ὑποσπόνδους
2213 1231 2393 1285 ἀποδι-

406 1321 547 1376 δόναι
600 1330 652 1377 et
699 1325 815 1384 τοὺς
856 1323 1052 1389 νεκροὺς
1104 1320 1445 1381 ὑποσπόνδους
1496 1318 1901 1385 ἀπολαμβάνειν
1946 1326 1997 1373 et
2037 1320 2388 1385 ἀναιρεῖσθαιε

407 1417 461 1463 θῖ
517 1410 614 1464 hoc
664 1410 880 1480 quidem
938 1409 1091 1479 longe
1152 1415 1232 1463 est
1287 1409 1740 1469 usitatissimum,
1800 1407 1960 1461 sicuti
2016 1414 2068 1461 et
2127 1409 2389 1469 nomenti

412 1503 509 1551 τῶν
558 1499 738 1565 νεκρῶν
788 1497 1080 1565 ἀναίρεσις,
1135 1496 1502 1568 reponendum
1539 1496 1707 1566 igitur
1746 1501 1826 1548 est
1867 1493 2206 1556 ὑποσπόνδους
2255 1497 2393 1564 ἀνη-

413 1589 656 1651 ροῦντο.
736 1585 902 1639 Nemo
955 1584 1167 1639 dicebat
1211 1585 1480 1653 ῥιγούντων
1534 1583 1674 1656 quod
1727 1583 1927 1654 legitur
1965 1583 2053 1637 IV.
2095 1601 2144 1637 v.
2187 1587 2238 1637 4.
2299 1581 2393 1636 sed

414 1674 664 1741 ῥιγώντων
703 1690 924 1738 omnes,
979 1679 1041 1726 ut
1081 1674 1201 1741 ῥιγῷ
1244 1681 1296 1726 θῖ
1335 1677 1529 1742 ῥιγῶσα
1572 1679 1624 1726 θῖ
1663 1676 1812 1741 ῥιγῶν
1859 1689 1954 1742 pro
1990 1675 2178 1740 ῥιγοῦν.
2258 1670 2394 1724 Nota

412 1778 500 1814 res
535 1768 635 1816 est.
689 1761 838 1818 Felix
871 1761 1064 1815 vitium
1101 1761 1188 1814 IV.
1221 1778 1266 1813 v.
1303 1765 1388 1814 10.
1432 1762 1780 1815 commissum
1814 1767 2027 1813 ΚΛΩΝ
2056 1776 2149 1830 pro
2181 1767 2391 1813 ΚΑΩΝ

416 1849 470 1902 in
514 1850 688 1903 verbis
733 1849 936 1904 κόπτων
976 1850 1062 1903 καὶ
1104 1855 1237 1904 κλῶν
1279 1849 1535 1903 intactam
1579 1848 1810 1903 servavit
1855 1847 2082 1900 sormam
2124 1847 2391 1902 sinceram

412 1936 578 1990 κάωνε
621 1937 789 1991 εοΙθηῖ
831 1936 963 1991 alias
1005 1936 1213 1991 scribae
1253 1936 1317 1990 de
1366 1954 1464 1991 suo
1503 1937 1630 1991 dare
1673 1937 1837 2000 καίω,
1879 1936 2037 1988 εἰθιιῖί
2092 1935 2254 1990 κλαίω
2295 1953 2392 2007 pro

412 2024 575 2079 κλάω.
657 2024 857 2079 Deinde
909 2026 1119 2095 corrige
1159 2025 1221 2079 V.
1264 2043 1331 2079 ιν.
1375 2030 1463 2080 49.
1521 2025 1815 2084 καθανύσας
1866 2039 1959 2095 pro
1999 2024 2299 2084 κατανύσας
2339 2031 2393 2078 θῖ

413 2114 609 2166 iterum
663 2113 950 2167 καθανύσαι
1004 2130 1100 2184 pro
1152 2114 1444 2168 κατανύσαι
1486 2113 1599 2167 VII.
1643 2132 1675 2166 1.
1725 2117 1824 2176 15,
1879 2111 1971 2182 qui
2011 2111 2158 2165 locus
2197 2113 2275 2166 sic
2314 2110 2393 2165 (li-

413 2201 703 2254 stinctione
743 2200 1011 2274 iuvandus
1052 2208 1134 2254 est
1174 2208 1233 2254 ut
1275 2201 1520 2272 legatur:
1563 2199 2030 2267 συντεκμηράμενοι
2070 2201 2122 2254 δὲ
2164 2201 2290 2263 ἡνίκ’
2329 2200 2392 2255 ἀν

413 2287 560 2354 ᾤοντο
602 2289 900 2354 ὁρμηθέντες
949 2289 1234 2342 καθανύσαι
1289 2287 1408 2355 ἅμα
1449 2289 1619 2359 κνέφᾳ
1674 2289 1795 2356 πρὸς
1845 2290 1936 2350 την
1990 2294 2086 2341 τῶν
2135 2290 2393 2343 Λακεδαι-

413 2377 593 2440 μονίων
633 2379 908 2443 φυλακην,
950 2378 1256 2444 ἐπορεύοντο.
1336 2378 1545 2445 Κνέφας
1588 2384 1669 2430 θεῖ
1707 2376 2034 2439 diluculum,
2078 2383 2135 2428 ut
2177 2376 2395 2430 Schnei-

413 2463 575 2516 derus
612 2471 756 2517 recte
808 2464 1020 2528 docuit,
1061 2471 1114 2519 et
1156 2481 1558 2535 nonnumquam
1617 2469 1862 2532 κνεφαῖος
1904 2462 2042 2534 apud
2088 2464 2393 2536 Aristopha-

414 2568 537 2612 nem
580 2550 762 2605 eodem
806 2551 962 2606 modo
1004 2558 1334 2623 usurpatur,
1374 2559 1436 2605 ut
1476 2553 1528 2605 in
1568 2552 1757 2622 Vespis
1797 2554 1919 2604 125.

715 2639 906 2708 νύκτωρ
947 2641 1245 2694 κατέκλινεν
1286 2642 1440 2695 αὑτὸν
1482 2643 1550 2702 εἷς
1592 2643 1911 2701 Ἀσκληπιοῦ

714 2728 736 2780 ὂ
776 2729 818 2782 δ’
860 2728 1095 2797 ἀνεφάνη
1138 2734 1382 2798 κνεφαῖος
1423 2728 1507 2782 ἐπὶ
1549 2737 1613 2796 τῇ
1654 2729 1902 2792 κιγκλίδι.

413 2813 552 2885 quod
595 2813 748 2884 plane
789 2815 928 2870 idem
986 2824 1069 2870 est
1109 2824 1269 2888 atque
1309 2817 1502 2884 ὄρθριος.
1585 2816 1829 2870 Restitue
1875 2815 2045 2883 ἴσχειν
2089 2815 2148 2868 V.
2192 2833 2257 2870 lv,
2301 2821 2387 2870 58.

414 2919 508 2972 pro
548 2910 738 2968 σχεῖν,
794 2910 846 2957 et
895 2903 1022 2964 ἔθνος
1081 2903 1203 2973 ὅτῳ
1264 2904 1326 2958 ἄν
1370 2921 1463 2976 pro
1501 2904 1649 2972 ὁποίῳ
1702 2902 1764 2956 ἀν
1801 2903 1887 2956 VI.
1931 2921 1964 2956 1.
2007 2908 2077 2968 9,
2131 2910 2182 2957 et
2227 2904 2390 2972 ἐφῆκέ

414 3011 497 3054 μοι
540 2991 716 3054 λέγειν
758 2991 846 3045 VI.
888 3010 923 3045 1.
973 2997 1055 3045 15.
1114 3009 1209 3064 pro
1263 2996 1457 3061 ἀφῆκε.
1539 2992 1674 3044 Tum
1731 2991 1906 3045 ταῦτα
1960 2990 2136 3045 εἴθικεν
2197 3008 2392 3062 repone

415 3078 504 3130 VI.
548 3095 583 3131 1.
631 3083 719 3132 15.
774 3096 870 3149 pro
928 3084 1142 3141 ταῦτα,
1202 3086 1254 3133 et
1305 3081 1582 3149 ἀνέςρεφον
1641 3079 1732 3132 Vl.
1776 3096 1830 3131 11.
1884 3081 1974 3134 20.
2039 3095 2133 3149 pro
2192 3081 2393 3147 ἀνεςρέ-

413 3171 590 3232 φοντο.
673 3164 926 3235 Suspicor
967 3168 1018 3219 in
1062 3167 1150 3220 VI.
1195 3186 1248 3231 11.
1293 3171 1381 3222 24.
1438 3185 1534 3238 pro
1574 3169 1624 3220 ἑν
1664 3166 1808 3234 πάση
1865 3167 1922 3227 δη
1973 3167 2167 3235 ἀθυμία
2225 3168 2393 3221 Xeno·

415 3252 668 3323 phontem
730 3254 957 3309 ἀττικιςὶ
1009 3255 1292 3325 scripsisse
1350 3255 1534 3308 eodem
1583 3255 1738 3308 modo
1796 3260 1957 3323 atque
2023 3253 2390 3327 Thucydidem

413 3341 525 3393 Vll.
571 3344 657 3394 55.
711 3343 754 3394 οἱ
810 3342 904 3406 μὲν
956 3343 1209 3402 Ἀθηναῖοι
1267 3344 1316 3395 ε’ν
1369 3342 1528 3396 παντὶ
1583 3343 1640 3403 δη
1687 3341 1911 3406 ἀθυμίας
1966 3338 2109 3402 ἦσαν.
2191 3342 2393 3397 Scribis

412 3426 788 3497 imputandum
833 3434 914 3481 est
956 3428 1046 3481 VI.
1089 3446 1145 3480 11.
1191 3433 1280 3482 59.
1337 3430 1558 3494 μεγάλα
1600 3433 1908 3497 φρονοῦντας
1950 3447 2046 3500 pro
2085 3431 2231 3495 μέγα
2271 3438 2390 3498 φρο-

410 3520 653 3577 νοῦντας,
694 3522 746 3568 et
787 3516 875 3568 VI.
918 3534 993 3569 111.
1040 3522 1088 3569 5.
1145 3517 1372 3581 πόλεμον
1413 3519 1725 3584 ἀναιρεῖσθαι
1771 3534 1866 3586 pro
1913 3516 2169 3583 αἴρεσθαι,
2212 3527 2263 3571 θῖ
2300 3520 2388 3572 VI.

421 3620 493 3655 111.
538 3606 587 3655 6.
645 3602 767 3657 ὅταν
809 3604 859 3657 δὲ
898 3603 1111 3668 γένηται
1142 3622 1236 3675 pro
1270 3603 1392 3659 ὅταν
1434 3609 1476 3659 δ’
1517 3606 1827 3671 ἐκγένηται,
1871 3614 1918 3658 θῖ
1964 3605 2050 3658 VI.
2089 3624 2159 3658 11¹.
2205 3611 2255 3661 8.
2299 3611 2388 3661 αὑ-
