2436 4068
1317 286 1419 334 1-12

814 429 900 483 κοιὶ
941 431 1042 494 μὴν
1085 427 1219 490 ἥκεις
1257 423 1362 480 ὅθεν
1403 425 1570 490 ἥκεις,

811 517 1032 584 φαύλως
1073 517 1122 568 τ’
1162 512 1390 580 οέποδροὶς
1431 517 1485 569 οὐ
1522 512 1686 576 λέξεις

810 600 906 656 οἷον
947 602 1141 669 δροέσοις
1182 602 1342 662 διέδυς
1385 600 1558 668 ἔργον,

808 692 967 757 λήψει
1010 691 1061 744 δὲ
1097 688 1272 744 κοικόν.

355 779 421 836 ad
453 795 612 850 quem
644 778 822 831 locum
852 777 952 832 hae
988 783 1204 833 exstant
1236 782 1478 831 veterum
1517 776 1851 831 Scholiorum
1885 775 2136 831 laciniae:
2179 777 2338 852 ἥκεις]

356 869 412 921 ἐκ
447 872 544 920 τῶν
594 865 805 933 ἀνδρῶν,
858 864 1045 934 φησιν,
1093 862 1201 919 ὅθεν
1247 867 1338 920 οὐκ
1386 865 1548 929 ἔξεςιν
1590 872 1643 919 et
1682 866 1846 930 ἥκεις,
1892 864 2077 934 φησιν,
2124 868 2197 927 εἷς
2245 867 2343 928 τὰς

356 960 539 1022 χεῖρας
580 954 721 1018 ἡμῶν
755 949 862 1006 ὅθεν
895 956 950 1008 οὐ
986 953 1172 1023 φεύξῃ.
1231 952 1495 1024 Compone
1529 969 1653 1007 cum
1688 952 1773 1007 his
1813 951 2134 1024 Antiphanis
2166 953 2342 1008 locum

357 1040 495 1113 apud
538 1038 769 1113 Etymol.
805 1041 871 1094 M.
914 1057 964 1113 p.
1008 1043 1148 1105 685,
1192 1043 1280 1095 24.

732 1127 1049 1194 εἷσδυόμενος
1091 1129 1162 1190 εἷς
1202 1127 1382 1195 πόρκον
1422 1127 1528 1183 ὅθεν
1570 1127 1664 1191 ἔξω
1701 1126 1863 1182 πάλιν

733 1218 788 1271 οὐ
827 1216 1006 1285 ῥᾳδίως
1048 1215 1341 1285 ἔξειμι-τὴν
1378 1218 1540 1278 αὐτὴν
1576 1215 1699 1270 ὁδόν.

356 1312 410 1360 et
450 1303 604 1359 facile
641 1302 905 1373 intelliges
946 1304 1087 1375 apud
1139 1303 1549 1375 Aristophanem
1595 1302 1758 1357 scribi
1810 1309 2077 1374 oportere:
2119 1304 2205 1358 καὶ
2242 1308 2343 1371 μὴν

359 1393 494 1457 ἥκεις
535 1394 590 1457 γ’
631 1388 736 1445 ὅθεν
766 1393 855 1445 οὐκ
895 1390 996 1455 ἔξει
1047 1393 1055 1464 Ι
1100 1393 1319 1461 φαύλως
1360 1392 1588 1460 οὲποδροές
1622 1394 1670 1446 τ’
1710 1393 1764 1445 οὐ
1799 1390 1966 1454 λέξεις
2007 1392 2114 1445 κτὲ.

432 1479 640 1533 Vitium
680 1494 783 1531 non
827 1477 1088 1533 dissimile
1120 1477 1494 1549 Aristophanis
1541 1479 1718 1534 locum
1759 1485 1812 1533 et
1848 1477 2047 1550 Diphili
2083 1478 2252 1533 inficit
2293 1486 2346 1534 et

360 1567 543 1623 eadem
593 1582 754 1638 opera
805 1572 1099 1638 utrumque
1138 1567 1318 1621 sanari
1365 1573 1555 1639 potest.
1636 1566 1791 1639 Apud
1841 1566 2115 1638 Diphilum
2167 1566 2347 1622 editur

360 1654 501 1728 apud
541 1653 672 1708 Poll.
711 1654 774 1708 X.
816 1657 940 1708 157.

863 1772 879 1782 -
1403 1744 1461 1816 ⁴o‘
1501 1744 1552 1797 δὲ
1593 1741 1907 1804 κοινδύτοιλις

663 1827 806 1891 οὗτος
846 1831 900 1884 τί
937 1829 1152 1886 δύνοιτοιι
1194 1831 1281 1885 καὶ
1315 1830 1370 1885 τί
1403 1832 1534 1893 ἐςιν;
1573 1841 1628 1885 Β.
1669 1829 1836 1899 ὥσπερ
1871 1833 1913 1885 εἰ

665 1917 822 1979 εἴποις
861 1917 1070 1987 οὲορτοὶς.

365 2008 443 2061 sic
464 2004 760 2061 Meinekius
795 2007 1024 2061 coniecit
1045 2011 1140 2078 p'ro
1159 2004 1326 2074 ὥσπερ
1346 2005 1522 2069 εἴποις.
1576 2007 1639 2061 In
1674 2006 1872 2061 Avibus
1891 2005 2091 2078 legitur
2126 2012 2246 2063 179.
2271 2025 2347 2081 sq.

740 2097 842 2161 οὐχ
881 2092 1024 2156 οὗτος
1063 2091 1144 2149 οὖν
1185 2094 1344 2158 δήπου
1383 2095 1480 2153 'civ
1519 2095 1709 2162 ὀρνίθων
1748 2093 1928 2157 πόλος;

642 2191 699 2235 Β.
740 2181 922 2243 πόλος;
961 2182 1078 2236 τίνοι
1118 2181 1330 2248 τρόπον;
1372 2191 1437 2236 A.
1479 2182 1644 2249 ὥσπερ
1684 2182 1814 2236 εἴποι
1854 2203 1932 2244 τις
1972 2183 2146 2245 τόπος.

366 2287 523 2325 nemo
573 2268 791 2340 negabit
844 2268 1047 2323 soloeca
1096 2286 1212 2323 esse
1251 2268 1417 2338 ὥσπερ
1457 2269 1587 2323 εἴποι
1626 2291 1730 2333 τις,
1771 2287 1867 2340 pro
1911 2270 2106 2341 quibus
2153 2287 2349 2342 repone

358 2358 531 2426 ’ὥσπερ
561 2359 603 2412 εἶ
635 2357 835 2422 λέγοις,
876 2363 924 2411 et
962 2355 1103 2428 apud
1135 2355 1409 2427 Diphilum
1442 2374 1653 2428 quoque
1681 2355 1846 2424 ὥσπερ
1875 2360 1918 2412 εἷ
1951 2357 2124 2422 λέγοις
2160 2360 2348 2428 οέορτοὲς

364 2445 650 2518 legendum
685 2450 791 2510 est,
827 2443 1284 2516 quemadmodum
1316 2451 1464 2500 recte
1502 2445 1702 2516 legitur
1742 2445 1796 2498 in
1834 2445 2034 2499 Avibus
2073 2449 2180 2499 282

783 2536 787 2539 ⁴
1517 2532 1683 2601 ὥσπερ
1723 2535 1765 2587 εἰ
1804 2533 1978 2598 λέγοις

669 2619 953 2683 Ἱππόνικος
993 2621 1224 2676 Κοιλλιόυ
1264 2621 1369 2686 κοέξ
1408 2623 1695 2677 Ἱππονίκου
1732 2623 2004 2686 Κοιλλιόις,

368 2715 423 2764 et
476 2708 596 2762 aliis
642 2708 963 2780 quibusdam
1013 2708 1162 2764 locis,
1242 2709 1388 2777 Quae
1440 2710 1581 2782 apud
1633 2709 2042 2781 Aristophanem
2098 2711 2351 2764 continuo

363 2803 670 2868 sequuntur
710 2813 882 2868 neque
922 2796 987 2851 ab
1025 2797 1139 2869 ipso
1179 2814 1352 2869 neque
1387 2798 1452 2853 ab
1493 2798 1600 2853 ullo
1640 2798 1744 2852 alio
1783 2805 1936 2869 poeta
1980 2798 2182 2869 scripta
2221 2805 2349 2852 sunt

369 2884 459 2939 sed
496 2883 776 2956 abaliquo
824 2884 1229 2957 ludimagistm,
1283 2887 1439 2941 cuius
1485 2887 1757 2941 annotatio
1810 2884 2121 2959 (ridiculum
2175 2884 2345 2958 dictu)

369 2988 464 3044 per
497 2972 606 3025 vim
645 2972 701 3025 in
742 2988 994 3027 numeros
1033 2972 1291 3028 iambicos
1331 2982 1513 3030 coacta
1553 2981 1649 3029 est.
1730 2974 1788 3028 In
1831 2973 1989 3028 Codd.
2032 2979 2138 3027 est:
2180 2973 2256 3029 ἔτι
2297 2975 2349 3027 δὲ
2408 3000 2428 3037 ,·

368 3064 606 3113 πολεῖται
651 3063 799 3114 τοῦτο
839 3061 925 3114 ua}
975 3061 1236 3129 διέρχεται
1277 3059 1495 3117 ἅπαντα
1534 3063 1618 3117 διὰ
1666 3066 1816 3117 τοῦτο
1853 3067 2097 3116 κοιλεῖτοιι
2138 3067 2221 3116 νῦν
2261 3062 2351 3116 πό-

358 3160 468 3207 λος.
530 3145 633 3212 Qui
673 3147 811 3200 serio
852 3149 906 3201 in
963 3150 1204 3203 animum
1257 3150 1523 3205 inducunt
1575 3150 1847 3205 senarium
1901 3149 2110 3220 antiqui
2162 3155 2348 3220 poetae

363 3251 478 3289 esse
512 3251 664 3306 posse
700 3233 876 3298 hunc,
918 3237 1011 3306 qui
1051 3237 1209 3308 vulgo
1246 3238 1654 3293 circumfertur:

665 3319 881 3376 ἅπαντα
923 3324 1006 3377 διοὶ
1046 3325 1201 3379 τοῦτο’
1237 3348 1302 3390 γε
1343 3332 1585 3381 κοιλεῖτοιι
1627 3329 1710 3381 νῦν
1753 3324 1932 3387 πόλος,

355 3417 417 3481 ¹et
453 3408 725 3483 dactylum
768 3410 844 3463 sic
886 3409 1050 3464 dividi
1087 3429 1239 3483 posse
1277 3420 1328 3468 et
1368 3435 1434 3479 γε
1485 3414 1601 3467 sine
1641 3412 1976 3466 incommodo
2022 3411 2144 3465 addi
2175 3413 2227 3466 et
2261 3417 2344 3466 νῦν

365 3497 617 3551 fruantur
652 3495 791 3568 quod
832 3504 1035 3559 ament:
1084 3515 1187 3552 non
1239 3517 1336 3571 ego
1377 3501 1460 3554 his
1503 3499 1825 3571 persuadere
1864 3505 1958 3553 aut
1997 3515 2213 3570 possum
2251 3506 2344 3554 aut
2406 3499 2410 3502 ’

363 3585 549 3656 cupit»,
595 3584 686 3639 sed
724 3601 812 3639 eos
850 3592 996 3652 λῆρον
1038 3588 1266 3651 ἡγοῦμαι
1307 3592 1395 3641 τοῦ
1436 3593 1623 3653 γνῶνοιι
1665 3587 1776 3655 πέρι
1817 3588 2002 3656 φύσεις
2045 3590 2278 3652 ποιητῶν.

440 3671 504 3725 Ut
534 3673 744 3743 saepius
774 3664 1122 3728 Comieorum*
1144 3690 1239 3746 ope
1270 3674 1333 3729 ad
1371 3673 1620 3730 Oratores
1656 3673 2014 3732 emendandos
2043 3676 2125 3730 usi
2160 3691 2347 3731 sumus
2433 3705 2436 3712 ·
