2436 4068
1028 200 1126 251 251

98 353 189 413 ἕως
226 350 291 406 ἂν
327 351 370 403 οἱ
410 347 588 403 ἕνδεκα
635 346 814 406 ἐῶσιν,
855 351 1011 399 notae
1050 359 1398 400 numerorum
1444 342 1629 397 turbas
1676 342 1973 408 dederunt„
2015 352 2076 401 ut

18 429 25 447 ²
98 455 288 512 saepe,
329 444 384 491 et
422 433 791 508 interpolando
843 434 1080 504 ineptam
1133 432 1414 487 lectionem
1445 432 1726 504 -vulgatam
1768 432 2076 488 homuncio·

100 545 196 583 nes
233 527 568 579 invexerunt.
647 523 816 594 Magis
863 521 1144 593 perspicua
1186 522 1479 592 unicuique
1520 519 1667 575 fraus
1707 527 1786 576 est
1822 522 1877 575 in
1923 521 2077 576 libris

96 615 164 670 de
200 613 431 684 Legibus
462 612 551 667 lx.
602 629 654 684 p.
694 614 803 665 854
844 609 906 663 D.
946 608 1263 674 μαςιγωθεὶς
1303 609 1499 669 ὁπόσας
1533 607 1599 664 ἂν
1636 608 1754 678 δόξῃ
1790 617 1897 671 τοῖς
1935 611 2075 664 δικα-

96 709 214 763 ςαῖς
253 702 398 761 ἐκτὸς
440 706 538 755 τῶν
589 697 708 767 ὅρων
764 703 858 759 τῆς
903 697 1078 765 χώρας
1130 695 1450 760 ἐκβληθήτω.
1500 696 1656 765 τοὶχα
1703 697 1810 764 γὰρ
1859 695 1924 751 ἂν
1963 698 2076 756 δοὺς

19 775 26 795 ”
94 790 294 852 ταύτην
343 792 435 852 τὴν
487 788 627 850 δίκην
678 786 864 852 γένοιτ’
923 783 988 838 ἂν
1041 784 1267 849 βελτίων
1317 787 1684 852 σωφρονισθείς.
1744 784 2076 840 tralaticium

31 926 34 932 .
95 877 353 935 mendum
403 877 458 930 in
507 874 702 929 ultimo
750 870 1006 926 vocabulo
1049 872 1397 926 commissum
1451 871 1708 943 frigidum
1748 874 2079 928 additamen-

22 952 26 965 ’
93 973 214 1022 tum
261 971 316 1019 et
366 965 573 1036 peperit
620 969 673 1017 et
713 967 893 1016 tutum
940 960 1229 1032 praestitit.
1310 959 1646 1032 Frequenter
1691 961 1799 1015 vidi
1847 963 1990 1017 inter
2022 981 2080 1020 se

21 1083 36 1098 ·
96 1052 394 1127 permutari
434 1051 664 1119 ἐρασθείη
715 1057 771 1105 et
809 1050 1068 1117 ἐρασθείς,
1116 1048 1502 1113 ἐπιβουλευθείη
1555 1055 1609 1103 et
1659 1050 2079 1117 ἐπιβουλευθείς,

96 1140 371 1210 ἐπιφανεὶς
411 1147 464 1194 et
503 1139 781 1208 ἐπιφανείη
821 1144 876 1192 et
925 1136 1159 1201 similia,
1209 1136 1366 1190 cuius
1413 1136 1491 1190 rei
1538 1136 1670 1191 alias
1709 1138 1949 1210 exempla
1991 1157 2077 1195 ex-

96 1245 336 1304 promam
372 1229 426 1282 in
461 1227 591 1282 locis
622 1225 859 1281 nondum
894 1223 1213 1280 emendatis,
1302 1223 1487 1278 Scribe
1513 1231 1692 1280 autem
1723 1230 2081 1295 σωφρονισθείη

99 1325 155 1374 et
185 1316 500 1389 languidum
539 1314 802 1370 emblema
849 1315 1073 1380 βελτίων
1112 1311 1177 1366 ἂν
1215 1312 1412 1378 γένοιτο
1446 1314 1502 1367 in
1552 1315 1852 1386 marginem
1895 1318 2079 1370 statim

100 1406 375 1462 exulatum
432 1402 617 1458 abibit.
710 1401 1043 1476 Thucydidis
1089 1418 1261 1456 unum
1318 1401 1496 1455 locum
1547 1402 1766 1457 afferam
1809 1403 1896 1459 IV.
1956 1410 2081 1463 155.

39 1510 41 1517 ’
97 1494 383 1563 προσελθὼν
430 1492 539 1560 γὰρ
593 1492 770 1552 νυκτὸς
818 1491 904 1545 καὶ
965 1490 1208 1556 κλίμακα
1255 1490 1485 1558 προσθεὶς
1539 1492 1696 1560 μέχρι
1750 1493 1846 1558 μὲν
1901 1495 2084 1549 τούτου
2136 1523 2138 1525 ·

98 1582 251 1638 ἔλαθε
274 1602 287 1614 ·
339 1586 429 1636 τοῦ
469 1581 575 1649 γὰρ
614 1582 831 1641 κώδωνος
873 1579 1272 1646 παρενεχθέντος
1318 1576 1475 1639 οὕτως
1513 1580 1566 1641 ἐς
1606 1583 1664 1635 τὸ
1702 1581 1927 1637 διάκενον
1965 1585 2082 1652 πρὶν

97 1672 396 1726 ἐπανελθεῖν
434 1669 521 1723 τὸν
562 1668 910 1738 παραδιδόντα
949 1669 1106 1722 αὐτὸν
1152 1670 1180 1731 ἧ
1220 1668 1485 1735 πρόσθεσις
1530 1668 1753 1733 ἐγένετο.
1834 1671 1986 1726 Latet
2023 1673 2079 1726 in

98 1758 278 1814 verbis
326 1758 735 1826 παρενεχθέντοσ
778 1754 941 1811 οὕτωσ
975 1772 1101 1810 vera
1143 1757 1413 1828 scriptura
1467 1759 1875 1826 παρενεχθέντοσ
1909 1760 1960 1813 ἐν
1996 1780 2084 1814 το-

26 1862 33 1867 “
99 1848 317 1911 evome,
367 1847 597 1909 intereo,
657 1843 796 1915 quod
853 1843 941 1898 ubi
1005 1845 1311 1898 restitueris
1370 1843 1677 1900 dilabentur
1731 1848 1891 1902 verba
1951 1849 2084 1903 insi-

100 1936 230 1989 ticia
272 1936 388 2003 πρὶν
439 1935 739 1988 ἐπανελθεῖν
790 1934 877 1987 τὸν
916 1931 1266 2000 παραδιδόντα
1309 1933 1465 1988 αὐτόν
1488 1976 1501 1996 ,
1550 1935 1604 1988 in
1646 1935 1842 2006 quibus
1886 1938 1963 1991 rei
2001 1950 2094 1992 rab·

100 2024 178 2077 tio
240 2040 336 2095 pro
392 2021 739 2090 παραδιδόντα
789 2021 1020 2092 requirit
1074 2021 1333 2075 aot-istum
1391 2022 1708 2089 παραδόντα.
1792 2015 2086 2080 'Praeterea

101 2111 260 2179 μέχρι
298 2114 394 2177 μὲν
430 2111 612 2166 τούτου
647 2109 799 2164 ἔλαθε
835 2109 967 2162 satis
1016 2107 1279 2179 frequenti
1321 2126 1502 2164 errore
1542 2113 1806 2183 scriptum
1848 2128 1963 2167 esse
2007 2115 2084 2167 vi-

104 2198 264 2253 detur
302 2215 397 2270 pro
433 2199 591 2266 μέχρι
625 2198 722 2263 μέν
760 2218 848 2252 του
883 2195 1053 2251 ἔλαθε.
1132 2195 1246 2250 Nou
1282 2203 1435 2252 teneo
1476 2215 1561 2253 me
1601 2201 1731 2271 quin
1769 2200 1852 2254 his
1891 2201 2082 2257 addam

100 2286 278 2342 locum
330 2286 694 2358 Xenophontis
749 2285 1059 2358 nuperrime
1111 2284 1386 2340 simillimo
1440 2287 1635 2342 mendo
1682 2289 1968 2345 liberatum
2028 2292 2085 2346 in

106 2374 391 2431 Hellenicis
426 2374 518 2429 ΙΙΙ.
563 2392 637 2429 ιιι.
684 2379 734 2430 1.
814 2372 1121 2428 Edebatur:
1174 2374 1287 2428 ἐπεὶ
1347 2375 1425 2440 δὲ,
1475 2379 1554 2437 ὥς
1607 2378 1970 2443 εἰώθεσαν,
2027 2382 2083 2435 αἱ

103 2463 286 2531 ἡμέραι
341 2465 595 2530 παρῆλθον
638 2463 726 2516 καὶ
769 2462 865 2517 ἔδει
911 2462 1145 2527 βασιλέα
1201 2463 1535 2526 καθίςασθαι,
1592 2464 1682 2519 ubi
1724 2468 1912 2538 optimi
1960 2467 2084 2522 libri

102 2554 356 2620 παρῆλθον
413 2553 687 2606 omittunt.
753 2549 1014 2605 Palmaria
1057 2550 1429 2610 emendatione
1467 2554 1738 2608 revocavit
1779 2555 2087 2611 Dindorfius

105 2641 215 2695 ἐπεὶ
255 2640 307 2694 δὲ
350 2642 709 2702 ὡσιώθησαν
765 2641 821 2693 αἱ
857 2638 1070 2707 ἡμέραι,
1111 2656 1174 2694 ex
1218 2639 1391 2695 Photii
1431 2644 1809 2698 annotatione:
1866 2651 2085 2702 Ὁσιω·

103 2730 175 2792 017
189 2750 296 2783 ναι
345 2728 538 2797 ἡμέρας
586 2728 826 2792 λέγουσιν
865 2728 950 2781 ἐπὶ
990 2727 1191 2796 θανοὶτῳ
1225 2729 1376 2790 τινός.
1460 2730 1610 2801 Quod
1650 2731 1958 2788 Dindorfius
1999 2734 2087 2790 do·-

101 2823 191 2871 cet
228 2819 285 2871 αί
339 2817 521 2885 ἡμέραι
565 2815 631 2871 de
672 2822 820 2871 certo
855 2814 1064 2870 dierum
1121 2832 1347 2871 numero
1396 2816 1502 2872 dici
1555 2836 1742 2875 verum
1782 2828 1862 2876 est
1903 2822 1994 2878 sed
2031 2825 2086 2879 in

108 2923 167 2963 re
212 2907 463 2963 omnibus
514 2915 672 2963 nota:
730 2909 908 2979 itaque
950 2910 1192 2981 suspicor
1237 2897 1608 2967 AlfHMEPAI
1648 2912 1773 2968 olim
1830 2915 1883 2968 in
1936 2914 2090 2970 libris

107 2993 274 3052 fuisse
308 3000 365 3052 αἱ
405 2998 531 3052 δέκα
552 2996 770 3065 ἡμέραι,
811 3004 872 3050 ut
910 2996 1050 3069 apud
1074 2998 1431 3064 Herodotum,
1468 3016 1626 3072 quem
1667 3002 1974 3059 Dindorlius
2013 3004 2087 3059 as-

108 3082 211 3140 seri
246 3085 333 3140 Vi.
376 3090 464 3141 58.
516 3087 678 3152 ἀγορὴ
731 3084 856 3139 δέκα
909 3085 1130 3154 ἡμερέων
1162 3090 1252 3143 οὐκ
1291 3086 1474 3145 ’ἴςαταί
1517 3094 1644 3158 σφι,
1699 3090 1764 3146 de
1804 3092 1987 3147 eadem
2027 3110 2084 3147 re

105 3173 447 3229 scribentem.
527 3173 762 3229 Facilius
814 3174 976 3228 etiam
1033 3175 1165 3229 mibi
1219 3175 1436 3231 dabitur
1486 3178 1539 3231 in
1582 3178 1945 3251 Xenophontis
1995 3183 2085 3235 ἱπ-

110 3263 351 3329 παρχικῷ
388 3263 453 3318 ΙΙ.
496 3266 547 3317 2.
602 3278 699 3334 pro
743 3262 838 3317 ὑπὸ
876 3270 970 3325 τῆς
1019 3262 1216 3326 πόλεως
1258 3265 1550 3334 ὑπάρχουσι
1585 3267 1874 3335 διῃρημέναι
1914 3270 2087 3335 Φυλαί

111 3348 486 3420 corrigendum
541 3367 656 3406 esse
694 3351 982 3420 διῃρημέναι
1022 3352 1043 3406 ί
1082 3353 1248 3427 (δέκα)
1289 3355 1477 3423 φυλαί.
1558 3354 1709 3410 Nunc
1751 3356 1815 3410 ad
1872 3357 2081 3429 Lysiam

114 3442 353 3490 revertar
402 3447 680 3511 postquam
743 3455 806 3494 ex
870 3440 982 3511 ipso
1039 3441 1292 3514 Dionysio
1351 3442 1602 3499 ultimum
1667 3444 1826 3499 buius
1880 3444 2084 3500 fraudis

111 3523 410 3594 exemplum
468 3528 731 3591 attulero,
783 3527 924 3600 quod
970 3536 1142 3583 exstat
1194 3530 1245 3583 in
1285 3531 1345 3586 Α.
1387 3531 1448 3586 R.
1486 3532 1572 3586 lx.
1619 3538 1668 3586 7.
1732 3533 1945 3593 πλησίον
1993 3539 2081 3588 τοῦ

110 3612 340 3677 χάρακος
381 3614 612 3680 ἱςάμενοι
645 3616 901 3680 γυναῖκάς
950 3621 997 3671 τ’
1044 3619 1342 3674 οὶπεκοὲλουν
1394 3619 1637 3679 ἅπαντας
1680 3622 1764 3672 καὶ
1805 3621 1920 3681 τοὺς
1963 3624 2084 3686 ἦγε·
