2436 4068
1313 214 1417 263 280

376 361 580 427 ἀρχῆς,
627 358 686 413 ἵν’
726 357 821 412 ὅσα
862 360 979 421 ὑμῖν
1033 356 1337 422 ὑπεσχόμην
1379 355 1662 422 ἀρχόμενος
1720 362 1806 410 τοῦ
1864 358 2023 424 λόγου
2076 359 2217 423 δείξω
2259 383 2348 416 πε-

374 447 586 509 ποιηκώς
647 445 805 516 idque
845 446 1019 515 ipsum
1068 442 1369 496 luculenter
1427 442 1640 497 fecisset
1693 443 1866 498 locun]
1916 449 1993 501 sic
2042 449 2348 506 concludit:

375 539 546 589 οὐκοῦν
587 535 732 587 ταῦθ’
772 531 1076 598 ὑπεσχόμην
1119 532 1168 583 ἐν
1209 533 1348 599 ἀρχῇ
1373 573 1385 595 ,
1427 534 1579 584 ταῦτ’
1620 530 1874 593 ἐπέδειξα.
1953 534 2211 605 Equidem
2251 539 2348 591 mi-
2407 558 2416 566 ’

378 621 434 675 hi
476 623 648 692 ipsum
706 618 1109 672 Demosthenem
1168 618 1354 672 audire
1393 618 1610 672 videbor
1647 619 1737 671 ubi
1787 620 2047 690 scriptum
2089 625 2190 677 erit
2234 623 2348 679 ἅτθ’

377 708 683 775 ὑπεσχόμην
739 708 789 760 ἐν
847 710 987 775 ἀρχῇ
1043 708 1196 760 ταῦτ’
1257 705 1511 769 ἐπέδειξα.
1603 706 1663 758 In
1723 706 2081 763 Aristocratea
2139 728 2348 782 quoque

376 815 427 868 p.
466 800 610 859 668,
669 791 704 848 ὦ
757 792 931 861 ἅνδρες
987 796 1275 858 Ἀθηναῖοι,
1331 793 1673 857 ἐξηπάτησθε.
1731 793 1820 846 καὶ
1871 796 1932 848 δι’
1987 794 2091 861 ἅγε
2143 799 2347 861 εἰκότως

375 888 524 938 τοῦτο
565 882 854 937 πεπόνθατε
897 883 996 947 ἐγὼ
1032 881 1250 950 Φρᾶσω,
1293 883 1620 953 reposuerim
1661 884 1722 937 δι’
1762 883 1883 937 ἅττ’
1924 884 2145 945 εἰκότως.

453 970 795 1025 Manifestum
838 969 1090 1024 mendum
1133 969 1327 1023 insidet
1363 970 1418 1022 in
1462 970 1864 1024 Heraclidarum
1908 988 1982 1024 vs.
2026 977 2186 1027 1057.

979 1063 1085 1118 πῶς
1125 1054 1205 1112 οὖν
1245 1060 1398 1112 ταῦτ’
1438 1058 1540 1121 ἐγὼ
1583 1059 1904 1124 πεπυσμένος

678 1149 808 1214 δεῦρ’
846 1145 990 1210 ἦλθον
1031 1149 1154 1200 ἀλλ’
1194 1149 1247 1200 οὐ
1287 1146 1522 1213 χρησμὸν
1563 1147 1782 1214 ᾐδούμην
1823 1148 1970 1209 θεοῦ;

381 1235 640 1308 quidquid
681 1237 824 1290 enim
867 1234 1166 1288 moliuntur
1205 1235 1531 1304 Interpretes
1559 1275 1572 1298 ,
1626 1234 1814 1288 vitiose
1851 1241 1903 1287 et
1943 1251 2220 1306 perperam
2269 1237 2352 1292 di·-

380 1327 525 1379 citur
563 1325 684 1395 quis
735 1325 982 1377 αἰδεῖσθαι
1021 1323 1255 1390 χρησμόν
1295 1338 1391 1393 pro
1429 1321 1775 1392 reformidare
1808 1323 2106 1386 oraculum,
2146 1326 2351 1380 oraculo

377 1413 642 1466 deterreri.
703 1411 880 1480 Longe
917 1411 1151 1481 optimus
1191 1411 1430 1464 omnium
1471 1408 1789 1462 Elmsleius:
1834 1409 2090 1464 »insolens
2132 1412 2351 1478 locatio,

383 1501 594 1570 inquit,
648 1500 883 1566 χρησμὸν
935 1500 1183 1552 αἰδεῖσθαι
1221 1516 1316 1570 pro
1349 1500 1588 1566 χρησμοῦ
1629 1497 1971 1563 ἐντρέπεσθαι.
2049 1498 2133 1553 Ila
2182 1509 2353 1556 tamen

382 1588 650 1657 scripsisse
700 1586 903 1639 videtur
953 1586 1127 1641 Poe'la.
1170 1585 1413 1657 Aescltyl.
1468 1587 1652 1656 Ayam.
1693 1589 1817 1639 946.
1869 1589 1943 1651 μή
1998 1608 2080 1641 νυν
2137 1589 2222 1642 τὸν
2266 1592 2352 1644 οἰν-

380 1677 609 1743 θρώπειον
650 1676 882 1743 αἰδεσθῇς
923 1675 1106 1741 ψόγον.
1164 1674 1344 1745 Suppl.
1385 1677 1510 1727 487.
1566 1673 1699 1734 ὅπως
1749 1673 1792 1727 δ’
1831 1674 2038 1739 ἅνᾶγκη
2081 1678 2234 1737 Ζηνὸς
2275 1679 2353 1731 αἰ·

379 1765 570 1820 δεῖσθαι
625 1762 828 1817 κότον.”
909 1761 1058 1828 Quod
1099 1761 1331 1816 insolens
1373 1761 1568 1815 locutio
1609 1770 1689 1816 est
1729 1779 1830 1814 non
1875 1765 2186 1833 querimur,
2227 1764 2352 1820 honi

380 1859 567 1924 poetae
613 1858 688 1905 est
731 1850 990 1921 quaedam
1034 1851 1305 1920 ingeniose
1344 1857 1396 1903 et
1434 1858 1653 1905 venuste
1694 1867 1922 1914 novare,
1963 1850 2054 1905 sed
2095 1851 2234 1922 quod
2266 1853 2353 1907 ab·

383 1957 510 1995 sona
563 1947 616 1993 et
665 1938 896 1992 absurda
936 1946 1015 1992 est
1068 1937 1442 2008 interpolatam
1497 1956 1611 1993 esse
1667 1940 2020 2010 suspicamur.
2100 1939 2356 2012 Exempla

382 2028 446 2081 ab
499 2026 750 2081 Elmsleio
804 2026 962 2080 allata
1016 2026 1169 2097 plane
1222 2026 1432 2080 diversa
1482 2034 1641 2082 sunt:
1701 2027 1999 2081 rectissime
2055 2029 2196 2080 enim
2255 2046 2351 2099 pro

380 2115 615 2180 αἰδέομαι
655 2121 835 2182 Τρῶας
876 2115 962 2169 καὶ
1007 2114 1256 2180 Τρωάδας
1301 2113 1406 2167 dici
1447 2122 1619 2185 potest
1658 2116 1899 2180 αἰδοῦμαι
1935 2115 2097 2183 ψόγον
2137 2116 2352 2183 Τρώων,

380 2203 472 2258 sed
539 2202 670 2256 nihil
735 2204 812 2256 sic
870 2201 1183 2273 proficimus
1233 2201 1298 2254 ad
1354 2201 1757 2272 intelligendum
1820 2203 2080 2273 quomodo
2137 2204 2350 2259 tandem

379 2293 613 2360 χρησμὸν
649 2292 888 2356 αἰδοῦμαι
931 2291 1165 2361 potuerit
1204 2289 1329 2344 dici.
1410 2290 1506 2343 Est
1549 2296 1728 2342 autem
1773 2291 1991 2358 ᾐδούμην
2036 2291 2168 2344 nihil
2208 2291 2354 2347 aliud

381 2395 539 2450 quam
584 2377 767 2431 infelix
805 2379 1094 2448 Musgravii
1141 2379 1484 2432 coniectura:
1532 2379 1584 2430 in
1625 2377 1785 2432 Codd.
1827 2379 2073 2432 omnibus
2119 2379 2348 2450 legitur:

378 2468 614 2535 χρησμὸν
667 2466 852 2533 ἠρόμην
907 2468 1052 2529 θεοῦ,
1112 2466 1164 2519 in
1226 2483 1330 2536 quo
1386 2465 1575 2519 mendo
1632 2483 1754 2520 vera
1813 2467 2081 2537 scriptura
2139 2467 2352 2522 videtur

379 2555 510 2609 haec
544 2555 734 2608 latere:
775 2555 1010 2622 χρησμὸν
1051 2554 1293 2621 ήζόμην
1333 2556 1458 2608 θεοῦ.
1537 2555 1630 2608 Est
1673 2555 1813 2608 euim
1849 2554 2040 2622 ἅζομαι
2082 2555 2134 2608 id
2175 2557 2348 2626 ipsum

379 2642 518 2714 quod
564 2642 710 2695 locus
761 2641 989 2712 postulat
1028 2642 1370 2710 ἐντρέπομαι,
1423 2643 1770 2708 εὐλαβοῦμαι.
1853 2642 2150 2721 Hesychius
2189 2643 2349 2711 οὐχοί-

378 2733 565 2799 ζομαιῑ
619 2731 672 2783 οὐ
716 2730 977 2796 σέβομαι,
1021 2732 1110 2783 οὐκ
1149 2731 1472 2797 ἐντρέπομαι.
1558 2731 1718 2785 Recte
1773 2734 1873 2799 οὐχ
1925 2728 2116 2798 ἅζομαι
2170 2748 2352 2786 emen-

379 2819 524 2873 davit
569 2817 855 2872 Elmsleius
894 2817 957 2870 ad
1012 2818 1276 2872 Heraclid.
1330 2836 1404 2872 VS.
1444 2822 1587 2881 600,
1651 2818 1739 2871 uhi
1784 2826 1864 2871 est
1907 2821 2196 2887 δυσφημεῖν
2244 2820 2348 2887 γὰρ

377 2906 569 2975 ἅζομαι
630 2907 780 2970 θεαν,
838 2914 958 2978 apte
999 2923 1320 2976 componens
1376 2905 1544 2961 Orest.
1600 2923 1675 2959 vs,
1712 2910 1870 2959 1116.
1921 2905 1993 2967 δὶς
2050 2908 2214 2962 θανεῖν
2248 2910 2348 2975 οὐχ

377 2994 600 3063 ἅζομαι,
655 3002 707 3048 et
750 2994 997 3048 Alcestid.
1039 2998 1162 3047 5⁶26.
1224 2995 1315 3061 πρὸ
1361 2994 1540 3048 τούτου
1581 2994 1686 3060 γὰρ
1738 2994 1910 3060 λέγειν
1965 2996 2064 3060 οὐχ
2122 2993 2347 3062 ἅζομαι,

378 3091 430 3137 et
478 3082 758 3137 Eumenid.
799 3086 928 3136 589.
988 3083 1067 3142 τίς
1117 3081 1233 3136 ταδ’
1288 3079 1368 3136 οὖν
1421 3085 1520 3148 οὐχ
1575 3080 1796 3149 ἅζεται,
1859 3081 2061 3147 Quibus
2113 3081 2246 3135 addo
2283 3099 2347 3136 ex

380 3169 733 3242 Theognideis
774 3187 847 3223 νε.
891 3174 1014 3224 280.

676 3258 934 3322 μηδεμίαν
975 3259 1241 3312 κατόπισθ’
1284 3257 1524 3325 οὲζόμενον
1564 3257 1782 3322 νέμεσιν.

379 3356 431 3403 et
469 3364 543 3400 vs.
590 3349 714 3400 758.
778 3347 1019 3412 Κρονίδη,
1081 3347 1164 3400 σὸν
1217 3346 1376 3413 χόλον
1425 3345 1675 3412 ἁζόμενοι.
1759 3345 1922 3399 Viden
1983 3345 2174 3411 ἅζομαι
2231 3363 2344 3400 esse

379 3436 430 3489 id
473 3436 645 3506 ipsum
689 3435 1027 3500 ἐντρέπομαι,
1071 3434 1210 3505 quod
1262 3432 1547 3487 Elmsleius
1597 3433 1937 3503 requirebat,
1980 3443 2027 3487 et
2083 3437 2183 3501 οὐχ
2231 3433 2350 3501 ἅζο·

377 3544 474 3589 μαι
516 3540 630 3577 esse
669 3525 722 3576 οὐ
759 3523 1001 3591 φροντίζω
1027 3566 1039 3586 ,
1093 3523 1170 3575 nil
1209 3539 1415 3583 moror,
1460 3528 1739 3577 contemno,
1820 3521 2042 3575 Fatetur
2083 3539 2136 3574 se
2175 3521 2344 3592 Eury-

380 3611 562 3665 stheus
621 3609 840 3664 Iunonis
912 3611 1131 3665 numine
1186 3610 1380 3664 fretun]
1433 3609 1708 3662 oraculum
1761 3626 1862 3662 non
1932 3626 2183 3665 curasse:
2249 3611 2347 3675 οὐχ

2427 3534 2436 4068 ψψ-Λ-ῌ-ᾼ-ᾳ
2435 3516 2436 3526 ᾼ
2430 3320 2436 3508 ᾼ;ᾼᾼὴῐρᾼ
2432 3230 2436 3301 -Q
2434 3180 2436 3222 .-
2434 3165 2436 3173 Δ
