2436 4068
1047 209 1147 259 4:31

103 350 294 425 puerili
333 357 387 404 ct
439 349 626 421 putida
675 350 1083 424 interpolatione
1125 353 1189 407 ll.
1234 371 1265 406 1.
1312 358 1400 408 20.
1454 357 1602 420 ἡμεῖς
1655 354 1860 420 οἰόμεθα
1899 357 1941 410 εἰ
1982 358 2077 422 μὲν

97 442 191 495 δέοι
243 439 466 504 βασιλεῖ
499 439 686 507 φίλους
738 436 866 494 εἶναι
924 441 1151 501 πλείονος
1192 439 1257 494 ἀν
1296 440 1428 505 ἄξιοι
1468 438 1598 496 εἶναι
1637 443 1783 510 φίλοι
1837 442 2073 513 [ἔχοντες

97 528 167 582 τά
218 524 360 581 ὅπλα
401 527 430 589 ἢ
471 526 787 593 παραδόντες
838 526 1048 598 ἀλλῳ],
1100 530 1144 582 εἱ
1199 530 1249 582 δὲ
1288 529 1383 583 δέοι
1444 538 1692 596 πολεμεῖν
1747 529 1953 596 ἀμεινον
2011 531 2074 585 ἂν

94 622 343 681 πολεμεῖν
382 614 591 682 ἔχοντες
630 614 703 668 τά
742 612 885 668 ὅπλα
926 615 954 678 ἢ
996 614 1144 683 ἄλλῳ
1186 618 1518 683 παραδόντες.
1599 617 1701 685 Qui
1743 634 1929 673 aurem
1983 618 2074 675 ha-

92 703 218 757 hent
255 699 472 756 assidua
510 700 814 756 Atticorum
856 700 1084 756 lectione
1124 702 1400 758 subactam
1444 703 1704 760 admoniti
1759 705 2073 761 fatebuntur

93 789 364 861 vulgatam
397 788 724 859 scripturam
765 788 1115 861 Xenophonte
1150 790 1425 861 indignam
1461 810 1607 859 esse,
1648 794 1741 864 qui
1777 794 1822 847 si
1859 796 2075 866 utrique

93 876 290 949 protasi
330 875 584 948 apodosin
641 875 907 931 subiicere
963 876 1216 932 voluisset
1241 920 1254 942 ,
1308 895 1412 932 non
1459 881 1646 951 utiquc
1685 879 1869 936 eadem
1915 882 2077 938 verba

91 964 193 1020 levi
231 964 547 1019 traiectione
587 972 795 1019 mutata
836 966 1134 1020 iteraturus
1173 965 1379 1020 suisset.

166 1052 227 1107 In
263 1052 331 1107 ΙΙ.
373 1070 428 1106 11.
474 1058 523 1108 1.
577 1054 620 1106 οἱ
660 1053 710 1107 δὲ
744 1055 866 1119 παρ’
904 1054 1130 1119 Ἀριαίου
1170 1050 1316 1115 ἦλθον
1356 1059 1587 1121 Προκλῆς
1628 1056 1715 1109 καὶ
1757 1059 2071 1126 Χειρίσοφος.

92 1140 272 1196 Μένων
311 1142 363 1195 δὲ
402 1143 563 1195 αὑτοῦ
618 1139 767 1206 ἔμενε
831 1140 975 1214 [παρ’
1027 1142 1278 1213 Ἀριαίῳ].
1360 1140 1609 1196 Scholion
1665 1143 1813 1198 vides
1865 1162 1927 1199 ex
1988 1146 2076 1199 illo

93 1228 452 1283 insulsissimo
490 1244 724 1299 genere,
765 1227 944 1300 qualia
988 1229 1279 1300 magistelli
1320 1229 1640 1303 Byzantini‚
1682 1230 1933 1286 stolidum
1988 1250 2074 1303 gc-

94 1333 232 1382 nus,
271 1317 328 1371 in
368 1333 462 1371 ora
501 1315 763 1371 librorum
805 1323 900 1371 aut
932 1317 1076 1372 inter
1107 1334 1297 1372 versus
1337 1316 1645 1372 adscribere
1694 1317 1970 1384 solebant,
2011 1319 2076 1375 de

93 1421 198 1478 qua
236 1421 294 1460 re
332 1403 399 1459 ad
436 1403 808 1477 Thucydidem
851 1403 1075 1460 idoneus
1115 1404 1333 1459 dabitur
1369 1403 1662 1460 annotandi
1703 1404 1868 1461 locus.

169 1492 371 1548 vitiose
411 1490 648 1546 abundat
686 1495 751 1553 ὥς
795 1492 848 1546 in
893 1492 956 1547 ll.
999 1511 1054 1548 ιι.
1099 1497 1149 1547 4.
1200 1493 1411 1548 ἐπειδάν
1460 1494 1512 1548 δὲ
1552 1494 1752 1562 σημήνῃ
1787 1496 1858 1563 τῷ
1902 1495 2076 1564 κέρατι
2118 1544 2120 1547 ,

90 1583 207 1653 [ὥς]
245 1581 640 1645 ἀναπαύεσθαι,
684 1597 781 1635 nec
826 1581 962 1635 ratio
1000 1598 1098 1636 nec
1137 1599 1268 1637 usus
1317 1580 1567 1653 loquendi
1609 1583 1797 1638 sinunt
1833 1582 2076 1640 voculam

89 1669 340 1724 retinere.

165 1755 225 1810 ln
266 1754 296 1823 §
335 1761 419 1811 15.
477 1755 534 1820 ἦν
573 1756 617 1810 δ’
657 1755 791 1820 αὕτη
833 1761 861 1821 ἦ
902 1759 1168 1826 ςρατηγία
1207 1760 1347 1815 οὐδὲν
1387 1758 1524 1814 ἄλλο
1579 1760 1830 1827 δυναμένη
1883 1760 1912 1824 ἢ
1947 1762 2075 1815 ἀπο·

89 1844 267 1911 δρᾶναι
308 1845 338 1907 ἣ
385 1845 724 1913 ἀποφυγεῖν,
764 1845 1145 1919 corrigendum
1186 1855 1264 1902 est
1302 1855 1570 1919 expuncta
1615 1848 2007 1920 praepositione
2047 1849 2076 1910 ἢ

89 1938 301 1998 φυγεῖν.
379 1930 578 1987 Notum
618 1940 699 1988 est
743 1933 916 1989 doctis
955 1951 1116 2007 quam
1159 1951 1316 2007 saepe
1358 1935 1566 1991 scribae
1607 1935 1753 1992 verbi
1794 1937 2077 2008 compositi

86 2018 459 2092 praecedentis
506 2021 953 2093 praepositionem
989 2022 1200 2077 ἔναυλον
1235 2022 1445 2092 ἔχοντες
1484 2023 1706 2079 eandem
1743 2024 1882 2079 male
1915 2025 2076 2080 verbo

87 2108 333 2179 sequenti
391 2106 706 2163 adiecerint.
788 2107 999 2182 Optime
1049 2111 1192 2166 inter
1242 2128 1300 2166 se
1359 2118 1758 2184 componuntur
1805 2113 2076 2181 ἀποδιδρά·

89 2216 228 2250 σκειν
263 2201 317 2251 et
355 2197 578 2265 φεύγειν
599 2195 665 2251 de
706 2195 808 2261 iis,
848 2198 941 2268 qui
978 2205 1073 2253 aut
1113 2198 1358 2254 clanculo
1395 2206 1490 2254 aut
1532 2200 1804 2272 propalam
1830 2199 1956 2271 fuga
1996 2218 2075 2255 sa-

88 2282 256 2339 lutem
297 2290 584 2356 quaerunt.
665 2283 875 2357 Inspice
906 2285 1042 2340 mihi
1078 2287 1192 2342 Vll.
1238 2305 1314 2342 111.
1360 2292 1445 2342 11.
1488 2289 1575 2343 καὶ
1616 2289 1688 2343 τὰ
1722 2290 1819 2355 μὲν
1854 2289 2075 2358 φεύγον·

86 2391 158 2426 τα
197 2373 285 2427 καὶ
318 2371 762 2439 ἀποδιδράσκοντα
798 2375 944 2440 ὑμεῖς
985 2376 1145 2430 ἱκανοὶ
1183 2376 1407 2442 ἐσόμεθα
1442 2378 1632 2431 διώκειν
1669 2377 1756 2431 καὶ
1797 2378 2074 2444 μαςεύειν,

88 2457 237 2516 vides
269 2476 431 2532 quam
482 2459 615 2515 hene
670 2460 800 2517 haec
838 2462 947 2517 sint
990 2465 1286 2536 composita
1323 2464 1514 2518 διώκειν
1568 2465 1638 2519 τὰ
1671 2468 1946 2535 φεύγοντα
1986 2466 2072 2520 καὶ

86 2549 158 2604 τά
190 2548 631 2616 ἀποδιδράσκοντα
670 2549 856 2618 ζητεῖν.
939 2550 1124 2607 Scribe
1151 2553 1532 2621 ἀποφεύγοντα
1564 2560 1617 2607 et
1654 2554 1833 2625 inepte
1867 2553 2073 2608 dictum

86 2637 208 2692 erit.
287 2636 390 2704 Qui
443 2635 569 2705 ruga
618 2645 713 2693 aut
752 2646 935 2711 aperta
978 2648 1073 2695 aut
1113 2639 1448 2695 clandestina
1493 2642 1658 2712 elapsi
1696 2642 1748 2696 in
1788 2649 1904 2696 tuto
1945 2648 2073 2696 sunt

86 2722 346 2780 dicuntur
394 2727 827 2795 ἀποπεφευγέναι
882 2735 936 2782 et
988 2727 1416 2796 ἀποδεδρακέναι,
1478 2728 1660 2784 confer
1699 2730 1958 2784 eximium
2001 2729 2071 2784 lo-

86 2828 208 2868 cum
252 2812 291 2867 Ι.
334 2830 402 2868 lv,
454 2817 504 2868 8.
566 2815 682 2869 οὔτε
744 2816 1153 2885 ἀποδεδράκασιν
1193 2849 1267 2856 -—
1306 2815 1424 2871 οὔτε
1484 2818 1963 2888 ἀποπεφεύγασιν,
2019 2825 2073 2873 et

86 2899 151 2956 11.
194 2918 241 2955 v,
280 2903 370 2956 οὐκ
409 2899 526 2957 οἶδα
565 2902 673 2957 οὔτ’
712 2906 819 2958 ἀπὸ
861 2904 999 2959 ποίου
1040 2903 1105 2959 ἂν
1160 2904 1360 2973 τάχους
1401 2903 1518 2960 οὔτε
1570 2902 1679 2960 ὅποι
1721 2905 1784 2960 ἄν
1825 2927 1902 2968 τις
1943 2909 2068 2976 φεύ·

85 3008 191 3053 γων
244 2991 512 3058 ἀποφύγοι
565 2992 675 3045 οὔτ’
717 2994 785 3053 εἰς
843 3001 982 3047 ποῖον
1033 2992 1098 3046 ἂν
1151 2993 1329 3054 σκότος
1369 2994 1636 3062 ἀποδραίη.
1719 2993 1885 3067 Saepe
1942 2994 2069 3049 alibi

85 3077 296 3143 φεύγων
346 3080 648 3149 ἀποφυγεῖν
696 3081 818 3152 quis
870 3078 1072 3135 dicitur
1113 3087 1166 3135 ct
1222 3082 1274 3134 in
1328 3080 1464 3136 hello
1502 3089 1555 3137 et
1613 3083 1664 3136 in
1703 3081 1931 3148 iudici0,
1976 3084 2068 3154 qui

87 3165 227 3221 vitae
276 3174 331 3222 et
370 3169 564 3239 capitis
615 3166 915 3240 periculum
970 3167 1198 3224 feliciter
1253 3169 1476 3240 refingit,
1540 3178 1597 3226 ut
1652 3170 1942 3226 discrimen
1998 3171 2069 3225 sit

86 3260 192 3308 tam
232 3255 571 3326 perspicuum
630 3272 790 3327 quam
842 3264 1051 3312 certum
1106 3265 1159 3312 ct
1198 3266 1536 3330 perpetuum.
1612 3260 1837 3313 Ponitur
1885 3265 2065 3312 autem

87 3341 471 3408 ἀποδιδράσκειν
510 3344 560 3397 in
607 3351 835 3416 utraque
881 3363 963 3410 re,
1007 3362 1259 3418 praesens
1300 3346 1364 3402 dc
1405 3356 1621 3411 conatu,
1665 3347 1958 3419 perfectum
2002 3345 2066 3400 dc

88 3446 320 3482 successu
345 3472 357 3492 ,
398 3437 451 3485 ct
491 3430 658 3487 l'orma
701 3432 925 3505 simplex
973 3451 1191 3506 prorsus
1230 3452 1334 3489 non
1377 3444 1459 3490 cst
1496 3437 1548 3491 in
1594 3452 1709 3490 usu.
1791 3435 2064 3488 Gramma-

91 3515 180 3567 tici
229 3517 434 3586 tingunt
477 3520 696 3575 verbum
739 3521 983 3589 διδράσκω
1010 3564 1022 3586 ,
1066 3524 1251 3577 Graeci
1295 3541 1395 3579 non
1435 3523 1590 3579 alitcr
1630 3521 1878 3577 «licebant
1905 3538 2065 3593 quam

87 3602 436 3669 ἀποδιδράσκω
482 3614 525 3658 ct
569 3608 871 3674 ἐκδιδράσκει·
917 3618 965 3665 et
1004 3611 1351 3678 δικδιδράσκω.
1436 3613 1492 3667 ln
1540 3611 1723 3666 inultis
1774 3609 1891 3663 aliis
1933 3611 2068 3664 nnti-
