2436 4068
1301 149 1404 200 752

369 307 525 347 nemo
582 290 894 363 praebuerat
947 305 1166 353 aurem,
1226 290 1422 344 Bakius
1477 291 1542 344 ad
1602 293 1853 364 Apsinem
1917 311 1966 364 p.
2014 300 2136 351 190.
2191 299 2330 369 apud

369 379 689 453 Hyperidem
736 383 911 432 τοῦτον
950 379 977 438 ή
1021 377 1169 437 πόλις
1211 379 1348 442 ἡμῶν
1403 381 1711 443 ἠτίμωσεν
1752 380 2040 436 emendans
2082 401 2174 454 pro
2223 388 2330 447 ἠτί-

364 488 534 532 μασεν
566 467 746 520 eadem
789 480 946 534 opera
987 463 1164 518 locum
1216 464 1451 519 Platonis
1502 469 1647 538 turpi
1689 468 1878 522 mendo
1930 468 2191 525 liberavit.
2271 472 2331 526 In

368 554 600 608 Platonis
642 554 768 622 Rep.
806 551 944 604 VIII.
998 569 1048 622 p.
1085 557 1210 605 553.
1253 553 1309 605 B.
1362 551 1485 607 ὅταν
1537 558 1691 609 αὐτὸν
1732 556 1810 625 ἴδη
1849 589 1923 597 -
1963 560 2032 618 εἷς
2073 560 2333 624 δεσμωτή-

366 662 460 708 ριον
511 639 807 706 ἐμπεσόντα
867 639 1276 713 [βλαπτόμενον]
1338 642 1433 695 ὑπὸ
1487 649 1818 711 συκοφαντῶν
1866 645 1893 708 ἢ
1941 647 2262 701 ἀποθανόντα
2303 650 2332 711 ἢ

365 729 798 795 ἀτιμωθέντα
838 728 925 781 καὶ
966 730 1056 791 την
1097 730 1270 782 οὐσίαν
1321 727 1537 784 ἅπασαν
1577 733 1956 796 ἀποβαλόντα,
2014 735 2066 786 in
2117 734 2235 787 aliis
2274 734 2334 788 li-

363 817 476 871 bris
520 823 601 870 est
638 817 1031 883 ἀτιμασθέντα,
1078 817 1215 887 quod
1260 834 1414 871 nemo
1456 818 1609 873 facile
1649 821 1888 890 recipiet.
1968 823 2333 888 Βλαπτόμενον

365 922 397 959 a
446 906 733 959 temerario
780 903 942 958 sciolo
982 905 1243 958 insertum
1299 922 1415 960 esse
1467 915 1518 960 et
1565 907 1930 978 expellendum
1989 918 2144 963 acute
2200 910 2334 964 vidit

367 993 687 1049 Badhamus.
765 992 1080 1047 Nesciebant
1119 992 1364 1047 Graeculi
1399 993 1692 1060 ἐμβάλλειν
1732 1003 1784 1049 et
1819 997 2130 1060 ἐμπίπτειν,
2175 998 2334 1064 ἐκβά-

365 1089 474 1137 λεῖν
515 1089 567 1135 et
607 1082 871 1145 ἐκπεσεῖν,
911 1079 1250 1149 περιβάλλειν
1291 1090 1466 1142 κακοῖς
1509 1089 1561 1134 et
1601 1089 1775 1143 κακοῖς
1827 1085 2149 1151 περιπίπτειν
2191 1085 2334 1140 haud

367 1187 523 1225 sec-us
563 1169 661 1222 sibi
703 1169 843 1222 inter
881 1185 936 1222 se
977 1168 1295 1239 respondere
1331 1186 1492 1239 quam
1528 1171 1762 1223 activum
1802 1179 1854 1224 et
1892 1173 2196 1242 passivum:
2239 1174 2336 1227 ita·

366 1276 471 1331 que
511 1263 570 1312 ut
608 1256 900 1323 ἐμβάλλειν
939 1258 1056 1311 τινα
1099 1259 1169 1317 εἷς
1222 1258 1279 1312 τὸ
1320 1258 1654 1324 δεσμωτήριον
1709 1257 1943 1323 dicitur,
1998 1260 2074 1313 sie
2131 1263 2337 1331 passive

366 1365 472 1402 non
512 1347 864 1412 ἐμβληθῆναι,
906 1344 996 1398 sed
1037 1346 1283 1410 ἐμπεσεῖν
1314 1348 1385 1406 εἰς
1426 1348 1483 1400 τὸ
1520 1347 1852 1412 δεσμωτήριον
1884 1347 1982 1402 ὑπό
2013 1368 2142 1409 τινος
2179 1349 2334 1404 Grae·

371 1453 493 1491 cum
544 1441 638 1488 est.
721 1432 856 1498 Quid
901 1439 1078 1486 autem
1134 1431 1298 1487 facias
1338 1432 1648 1487 sutilissimo
1688 1434 1980 1499 GraeculO,
2035 1437 2127 1506 qui
2169 1454 2333 1507 quum

367 1525 437 1584 εἷς
474 1522 810 1587 δεσμωτήριον
849 1520 1212 1587 ἐμπεσόντα
1252 1523 1367 1576 ὑπὸ
1427 1527 1835 1590 συκοφαντῶν
1882 1523 2028 1576 nullo
2066 1524 2218 1578 modo
2253 1542 2336 1579 ca-

367 1628 492 1684 pere
531 1617 709 1681 posset
753 1614 806 1663 et
845 1609 1145 1679 requireret
1182 1609 1395 1679 aliquod
1436 1611 1778 1681 participium
1822 1612 2062 1681 passivae
2106 1611 2336 1677 formae,

368 1699 511 1754 unde
563 1699 659 1752 ὑπὸ
711 1702 1043 1765 συκοφαντῶν
1083 1696 1371 1767 penderet,
1430 1697 1563 1750 nihil
1622 1697 1767 1751 aliud
1820 1699 2120 1768 excogitare
2165 1703 2338 1770 potuit

367 1804 527 1860 quam
567 1785 953 1852 βλαπτόμενον.
1035 1783 1205 1838 Simul
1254 1785 1428 1855 cogita
1463 1802 1622 1855 quam
1667 1785 1923 1840 absurdae
1978 1787 2336 1859 interpolatio·

367 1893 461 1931 nes
498 1872 659 1929 etiam
701 1875 756 1926 in
809 1873 1192 1927 vetustissimis
1249 1872 1484 1926 Platonis
1542 1872 1700 1927 Codd.
1755 1874 2005 1928 lectorem
2065 1875 2336 1931 ludificen-

370 1973 475 2018 tur.
560 1961 661 2016 Sed
716 1961 874 2015 redeo
927 1960 991 2013 ad
1044 1963 1304 2026 ἀτιμῶσαι
1354 1967 1407 2014 et
1457 1960 1749 2026 ἀτιμάσαι,
1790 1979 1924 2032 quae
1964 1968 2017 2016 et
2056 1962 2182 2016 alibi
2228 1964 2334 2018 vidi

368 2053 512 2106 inter
564 2067 620 2104 se
668 2049 967 2121 permutari
1008 2055 1061 2101 et
1112 2048 1252 2118 apud
1294 2047 1700 2102 Demosthenem
1761 2066 1878 2119 pag.
1917 2053 2058 2114 425,
2099 2054 2168 2105 8:
2221 2053 2338 2112 τοὺς

369 2141 589 2208 πρώτους
631 2137 1019 2202 εἰσαγαγόντας
1060 2135 1392 2201 ἀτιμώσατε,
1449 2135 1539 2189 uhi
1590 2137 1644 2189 in
1683 2154 1790 2190 uno
1832 2136 1966 2191 libro
2019 2144 2095 2192 est
2146 2140 2340 2205 ἀτιμά-

367 2249 534 2291 σατε,
576 2225 665 2280 sed
706 2225 886 2278 statim
930 2231 1254 2278 correctum.
1334 2224 1486 2294 Apud
1541 2223 1767 2279 eundem
1821 2242 1871 2295 p.
1910 2229 2047 2288 745,
2091 2229 2178 2281 22.
2239 2229 2336 2282 ἐτι-

365 2317 578 2383 μήσατε
618 2320 670 2367 et
709 2314 1006 2377 ήτιμώσατε
1053 2310 1271 2365 confusa
1330 2311 1547 2364 videbis.
1629 2313 1752 2382 Pag.
1792 2316 1934 2374 255,
1976 2317 2026 2366 ἓ.
2083 2331 2176 2384 pro
2227 2318 2338 2369 ἀτι-

366 2404 634 2470 μώσαντες
677 2402 729 2453 in
771 2399 892 2453 God.
937 2398 993 2454 Ο.
1034 2398 1394 2463 ἀτιμάσαντες
1437 2401 1696 2470 scriptum
1741 2407 1855 2463 est,
1898 2408 1948 2453 et
1996 2418 2114 2471 pag.
2162 2407 2337 2467 1547,

372 2497 459 2546 10.
522 2507 616 2561 pro
671 2486 730 2542 ἵν’
792 2488 1177 2552 ἀτιμώσειεν
1226 2487 1381 2542 αὐτὸν
1434 2488 1519 2541 καὶ
1580 2488 1772 2547 παῖδας
1832 2487 1948 2547 τοὺς
2008 2489 2224 2555 ἐκείνου,
2284 2492 2338 2544 in

369 2580 571 2651 optimo
614 2576 648 2631 S
695 2583 748 2630 et
801 2575 1069 2647 plerisque
1113 2575 1230 2629 aliis
1278 2575 1477 2646 legitur
1524 2573 1604 2629 ἵνα
1662 2574 1982 2640 ἀτιμάσειεν.
2065 2576 2164 2631 Sed
2206 2578 2338 2632 nihil

370 2669 424 2722 in
467 2668 565 2721 hoc
606 2681 800 2736 genere
844 2663 952 2716 vidi
998 2680 1250 2734 umquam
1301 2663 1507 2718 foedius
1548 2680 1706 2734 quam
1747 2663 1998 2717 mendum
2038 2665 2176 2734 quod
2227 2683 2335 2720 om-

367 2773 463 2810 nes
521 2754 694 2807 adhue
757 2752 986 2807 Critieos
1042 2751 1200 2805 elusit
1258 2752 1309 2804 in
1372 2752 1621 2806 Isocratis
1673 2750 1912 2804 Antidosi
1974 2754 2167 2821 §175
2249 2755 2341 2808 „Si

362 2842 693 2918 philosophia
731 2841 861 2894 lianc
900 2842 1004 2893 vim
1042 2839 1266 2903 habet,'’
1307 2841 1512 2911 inquit,
1573 2848 1659 2892 »ul
1699 2840 2011 2894 inv-enlulem
2047 2853 2339 2914 corrumpat

370 2932 576 2990 πάντας
619 2930 832 2982 ἐκποδὼν
887 2929 1133 2982 ποιεῖσθαι
1193 2930 1295 2996 χρη
1351 2930 1466 2988 τοὺς
1520 2928 1630 2995 περὶ
1681 2929 1771 2990 την
1826 2930 2089 2995 διατριβήν
2142 2931 2337 2992 ταύτην

368 3019 554 3079 ὄντας*
613 3020 654 3070 εἰ
717 3018 766 3070 δὲ
825 3017 1111 3069 τούναντίον
1170 3017 1402 3085 πέφυκεν
1459 3015 1544 3074 ὦς’
1601 3019 1817 3085 ὠφελεῖν
1875 3016 2116 3089 (emenda
2167 3018 2339 3073 obiter

369 3109 600 3177 πέφυκεν
642 3102 880 3175 ὠφελεῖν)
923 3103 1009 3156 καὶ
1050 3105 1290 3169 βελτίους
1333 3112 1488 3159 ποιεῖν
1531 3106 1647 3164 τοὺς
1688 3104 2070 3170 πλησιάζοντας
2111 3136 2184 3145 -—
2217 3109 2333 3167 τοὺς

368 3198 462 3263 μὲν
496 3191 937 3259 διαβεβλημένους
981 3192 1098 3257 πρὸς
1141 3194 1302 3254 αὐτην
1341 3193 1593 3255 παυςέον,
1634 3193 1749 3252 τοὺς
1791 3192 1841 3244 δὲ
1882 3197 2332 3259 συκοφαντοῦντας

367 3281 729 3348 ἀτιμητέον.
812 3278 959 3332 Satin
1004 3277 1346 3333 manifestum
1399 3281 1588 3333 vitium
1631 3296 1746 3332 esse
1804 3278 2054 3332 videtur?
2134 3282 2332 3335 Isocra-

367 3379 448 3427 tes
505 3387 607 3423 non
665 3368 837 3437 magis
886 3365 1043 3420 verbo
1096 3367 1293 3430 ἀτιμάν
1346 3368 1424 3420 uti
1479 3368 1652 3438 potuit
1710 3383 1868 3436 quam
1918 3368 2005 3420 τίω
2053 3385 2148 3438 pro
2201 3376 2331 3434 τιμῶ

369 3466 460 3514 aut
501 3458 657 3525 ἀτίζω
708 3473 801 3527 pro
841 3454 1119 3521 ἀτιμάζω,
1162 3460 1255 3507 aut
1289 3462 1567 3521 χραισμεῖν
1608 3470 1702 3525 pro
1743 3458 1962 3523 ὠφελεῖν
2012 3463 2104 3509 aut
2151 3456 2330 3511 πίλνα-

368 3568 463 3619 μαι
516 3563 610 3620 pro
666 3544 951 3612 πλησιάζω,
1034 3542 1133 3598 Sed
1191 3541 1274 3597 fao
1324 3544 1594 3614 potuisse,
1655 3542 1782 3612 quid
1835 3560 2028 3613 quaeso
2084 3551 2159 3597 est
2216 3545 2330 3619 τοὺς
