2436 4068
1288 220 1393 268 578

357 384 524 429 γαγον
577 364 647 422 εἰς
685 364 767 415 τὸν
810 363 994 425 δῆμον,
1035 361 1127 413 sed
1168 362 1260 431 qui
1319 378 1442 414 eum
1485 362 1779 432 eripiebant
1821 381 1985 433 quum
2035 365 2330 436 prehensus

353 459 634 522 raperetur
675 448 996 515 παρέξειν
1030 450 1100 508 εἷς
1135 449 1226 509 τὴν
1259 449 1452 513 βουλὴν
1490 450 1818 520 spondebant
1840 460 1891 505 et
1917 452 2321 521 pollicebantur.

431 540 491 592 In
542 537 768 591 eundem
827 553 1100 596 errorem,
1151 553 1307 606 quem
1357 539 1468 607 ipse
1522 539 1574 590 in
1630 539 1790 609 Lysia
1848 541 2126 602 commisi,
2182 542 2332 595 video

354 626 720 694 Hirscbigium
780 641 959 677 meum
1016 624 1348 695 implicatum
1392 641 1542 687 esse,
1583 642 1749 695 quum
1793 627 1847 678 in
1901 626 2134 681 Eroticis
2189 630 2329 700 apud

355 713 613 769 Achillem
664 712 879 766 Tatium
930 728 1050 782 pag.
1094 716 1232 776 115,
1277 717 1366 767 55.
1411 712 1624 766 ederet:
1674 714 1988 777 ἑνεγυήσατο
2027 747 2100 756 —
2141 719 2331 783 παρα-

355 803 488 865 ξειν
529 802 600 860 εἰς
634 802 719 854 τὸν
756 801 948 864 δῆμον,
987 798 1111 855 ὅταν
1152 798 1270 868 δέῃ,
1312 801 1561 870 quoniam
1615 799 1680 853 de
1735 817 1823 854 reo
1870 801 1998 856 baec
2035 804 2328 868 dicuntur,

354 891 446 960 qui
488 888 611 942 dato
651 886 964 941 fideiussore
999 904 1062 941 ex
1107 887 1348 941 custodia
1404 887 1615 958 publica
1664 890 1969 953 emittitur,
2022 892 2137 946 sine
2183 910 2331 948 mora

356 978 613 1031 librorum
656 977 922 1046 scriptura
964 974 1198 1042 παρέξειν
1239 982 1320 1030 est
1359 974 1709 1028 restituenda.

429 1066 489 1119 In
544 1064 747 1119 Hellen.
790 1063 901 1116 VII.
943 1080 1010 1115 1v.
1056 1067 1144 1117 26.
1198 1062 1297 1120 ὅσοι
1346 1064 1440 1128 μὲν
1479 1062 1606 1126 ξένοι
1665 1062 1794 1126 ἦσαν
1844 1068 2009 1119 αὐτῶν
2048 1068 2331 1134 ἀπέδοντο,

353 1152 454 1210 ὅσοι
495 1154 547 1206 δὲ
599 1151 840 1220 φυγάδες
893 1152 1378 1218 ἀπέσφαττον,
1438 1152 1546 1204 imo
1587 1168 1711 1204 vero
1745 1152 2086 1221 ἀπέσφαξαν.
2168 1157 2329 1211 Paulo

354 1249 477 1296 ante
532 1241 588 1293 in
630 1240 658 1306 ἓ
694 1243 782 1293 25.
837 1242 880 1293 οἱ
937 1239 1229 1307 μαχόμενοι
1285 1240 1376 1304 πρὸ
1416 1241 1576 1292 αὐτοῦ
1626 1239 1938 1300 ἀπέθνησκον
1981 1248 2330 1314 transponen-

355 1329 485 1383 dum
526 1333 607 1381 est
647 1328 689 1381 οἱ
729 1330 821 1394 πρὸ
861 1330 1019 1382 αὐτοῦ
1060 1325 1391 1392 μαχόμενοι,
1447 1342 1603 1395 quem
1654 1328 1953 1383 naturalem
1996 1338 2050 1384 et
2091 1348 2328 1387 necessa-

354 1418 495 1471 rium
546 1416 600 1468 in
638 1414 723 1468 his
771 1414 1053 1468 verborum
1098 1413 1340 1467 ordinem
1385 1421 1532 1467 reete
1573 1423 1844 1469 servatum
1886 1417 2088 1472 videbis
2129 1419 2215 1473 Vl.
2258 1439 2326 1474 iv.

357 1509 441 1559 15.
483 1505 525 1557 οἱ
566 1504 659 1569 πρὸ
706 1505 864 1556 αὐτοῦ
919 1502 1210 1568 μαχόμενοι
1261 1501 1609 1568 ε’πεκράτουν,
1663 1510 1716 1556 et
1770 1505 1825 1556 in
1866 1505 2096 1560 Anabasi
2138 1507 2176 1561 Ι.
2222 1526 2327 1563 vui.

354 1597 442 1646 ⁶34.
483 1596 598 1660 νικᾷ
633 1592 749 1650 τοὺς
784 1591 876 1656 πρὸ
910 1589 1171 1655 βασιλέως
1211 1589 1595 1654 τεταγμένους,
1637 1596 1690 1644 et
1730 1591 1916 1646 multis
1950 1594 2070 1648 aliis
2103 1595 2250 1650 locis.

431 1679 560 1734 thid.
598 1678 817 1732 VII.1v.
875 1681 962 1731 59.
1024 1679 1206 1732 ἐκεῖνον
1259 1678 1355 1742 μὲν
1405 1679 1670 1745 ἀφίεσαν,
1732 1680 1787 1732 in
1846 1698 1950 1734 uno
2006 1682 2194 1738 Codice
2247 1693 2329 1740 est

350 1772 566 1837 ἀφῆκαν
591 1809 604 1829 ,
667 1772 720 1819 et
773 1766 1005 1820 aoristus
1045 1765 1259 1835 quidem
1316 1767 1654 1821 necessarius
1699 1774 1779 1822 est
1818 1767 1909 1822 sed
1949 1771 2327 1840 corrigendum

351 1860 598 1926 ἀφεῖσαν.
681 1853 1076 1924 Saepenumero
1114 1852 1318 1907 videbis
1358 1854 1563 1908 scribas
1614 1855 1668 1908 in
1703 1854 1788 1909 his
1826 1855 2013 1911 formis
2065 1860 2328 1930 antiquio-

352 1944 502 2000 ribus
557 1941 788 1997 turbare.
869 1944 1126 2009 Ἀφεῑμεν
1169 1940 1418 1995 dicebant
1468 1943 1688 1997 Veteres
1737 1949 1791 1997 et
1828 1945 2021 2013 ἀφεῖτε
2075 1953 2127 1999 et
2177 1950 2330 2016 ἀφεῖ-

350 2054 470 2095 σαν,
514 2031 870 2101 similiterque
908 2031 961 2082 in
997 2029 1223 2084 caeteris
1256 2031 1565 2101 compositis
1602 2033 1878 2096 καθεῖσαν,
1916 2036 2160 2099 ἀνεῖσαν,
2200 2056 2328 2103 παρ-

349 2130 525 2184 εῖσαν,
581 2118 702 2173 alia.
799 2117 1046 2173 Graeculi
1113 2117 1243 2171 haec
1296 2117 1567 2189 refingunt
1622 2120 1675 2173 in
1728 2122 1943 2188 ἀφῆμεν
1996 2129 2048 2176 et
2099 2124 2328 2191 ἀφίεμεν

349 2217 403 2266 et
443 2210 763 2276 ἀφήκαμεν,
804 2208 1015 2274 ἀφῆτε,
1058 2207 1248 2274 ἀφίετε
1298 2212 1352 2261 et
1397 2208 1681 2275 ἀφήκατε,
1722 2211 1968 2276 ἀφῆσαν,
2007 2210 2238 2278 ἀφίεσαν
2275 2220 2330 2267 et

348 2302 563 2368 ἀφῆκαν
587 2339 601 2358 ,
646 2311 1048 2364 nonnumquam
1091 2299 1144 2348 et
1184 2294 1238 2347 in
1277 2296 1517 2362 ἀπῄεσαν
1558 2302 1610 2349 et
1641 2298 1880 2360 ἀπῆσαν,
1921 2298 1999 2350 sic
2038 2304 2092 2351 et
2130 2301 2327 2362 ἀνῆσαν

349 2393 403 2442 et
442 2391 679 2452 παρῆσαν
719 2382 907 2436 vitiose
957 2381 1083 2436 dare
1135 2380 1304 2435 solent
1347 2389 1399 2437 et
1439 2383 1653 2437 similia.
1734 2389 1992 2453 Ἀφεῒσαν
2036 2386 2090 2439 in
2143 2394 2326 2442 nostro

349 2475 462 2529 loco
515 2473 640 2526 olim
696 2471 750 2526 in
803 2472 1022 2539 ἀφῆσαν
1075 2469 1242 2534 abiit,
1304 2469 1444 2524 unde
1491 2487 1634 2524 nunc
1687 2471 1741 2524 in
1794 2471 2115 2543 quibusdam
2175 2474 2327 2530 libris

352 2563 591 2629 ἀπῄεσαν
647 2558 877 2612 absurde
930 2558 1204 2612 scribitur.
1284 2558 1432 2612 Idem
1474 2560 1668 2612 vitium
1728 2561 2076 2614 commissum
2138 2568 2219 2616 est
2271 2564 2323 2617 in

350 2649 552 2703 Hellen.
581 2648 617 2702 1.
641 2665 689 2700 v.
720 2650 804 2700 19.
847 2645 937 2701 ubi
959 2647 1012 2699 in
1038 2645 1307 2701 nonnullis
1339 2653 1419 2700 est
1438 2648 1686 2715 ἀφῆσαν,
1718 2647 1966 2702 meliores
1988 2654 2152 2704 testes
2171 2652 2325 2718 ἀφεῖ-

348 2758 445 2792 σαν
486 2741 786 2791 servarunt.
865 2734 1113 2802 Ἀφῆσαν
1153 2749 1480 2804 quamquam
1522 2734 1807 2790 barbarum
1848 2743 1930 2789 est
1967 2742 2146 2791 tamen
2183 2738 2323 2808 apud

347 2823 689 2879 Aristotelem
730 2822 930 2892 legitur
971 2822 1024 2875 in
1072 2821 1291 2875 Rhetor.
1325 2821 1392 2875 11.
1437 2826 1487 2875 5.
1529 2830 1581 2876 et
1616 2823 1734 2878 aliis
1767 2823 1914 2878 locis.
1993 2823 2147 2895 Apud
2183 2825 2323 2880 Thu-

347 2911 592 2985 cydidem
635 2911 697 2963 V.
739 2914 829 2963 21.
883 2910 1072 2965 vitiose
1127 2909 1306 2963 editur
1345 2911 1739 2976 Λακεδαιμόνιοι
1779 2914 1896 2973 τοὺς
1953 2911 2136 2979 ἄνδρας
2176 2915 2322 2975 εὐθὺς

348 3000 578 3068 ἀφίεσαν
620 3016 715 3069 pro
753 3001 1016 3066 ἀφεῖσαν;
1062 2997 1497 3068 imperfectorum
1521 3040 1536 3062 ‚
1591 3016 1726 3069 quae
1762 3000 1942 3054 statim
1993 3010 2323 3070 sequuntur,

347 3087 452 3142 alia
485 3087 622 3140 ratio
656 3093 760 3148 est,
801 3091 861 3139 ut
896 3084 1050 3149 facile
1087 3085 1379 3156 apparebit.
1420 3088 1678 3155 Ἀφίεσαν
1711 3093 1890 3141 autem
1924 3093 2033 3140 tam
2072 3089 2323 3144 vitiosum

348 3182 432 3232 est
465 3191 527 3230 ac
569 3175 614 3227 Si
652 3173 772 3244 quis
819 3174 873 3226 in
920 3174 1119 3229 vicinia
1159 3174 1425 3241 παρεδίδου
1464 3176 1556 3236 τὴν
1597 3175 1744 3229 πόλιν
1787 3191 1880 3245 pro
1919 3176 2176 3242 παρέδωκε
2217 3178 2321 3232 vel-

347 3264 422 3318 let
474 3261 724 3317 Scribere.
803 3269 1032 3328 Παρῆναι
1087 3278 1182 3331 pro
1234 3269 1469 3328 παρεῖναι
1523 3261 1775 3316 exhibent
1833 3260 1955 3315 libri
2013 3263 2215 3336 aliquot
2266 3267 2322 3319 in

347 3350 546 3406 Hellen.
584 3349 672 3403 IV.
715 3366 772 3404 11.
819 3350 905 3401 ⁶22.
962 3355 1208 3414 Παρῆσαν
1268 3365 1365 3420 pro
1419 3351 1882 3422 praetermiserunt
1941 3350 2137 3406 habent
2198 3354 2321 3408 libri

347 3456 533 3494 omnes
574 3437 714 3510 apud
757 3435 1138 3506 Antiphontem
1180 3436 1232 3487 in
1279 3435 1422 3490 Orat.
1457 3437 1542 3490 VI.
1584 3441 1673 3491 44.
1727 3445 1964 3505 παρῆσαν
2013 3441 2099 3494 καὶ
2141 3442 2319 3496 τούτου

347 3531 435 3581 τοῦ
476 3528 631 3591 μηνὸς
673 3525 854 3578 ε’ίκοσιν
897 3523 1126 3589 ἡμέρας,
1172 3524 1269 3578 ‘cui
1320 3524 1534 3578 taudem
1590 3524 1862 3580 Dobraeus
1911 3536 2165 3594 παρεῖσαν
2202 3529 2318 3583 red.

342 3615 501 3670 didit.
580 3613 734 3684 Apud
770 3613 812 3667 Τ
817 3610 1139 3683 hueydidenl
1172 3610 1261 3669 IV.
1306 3616 1393 3666 58.
1435 3619 1671 3680 παρῆκαν
1704 3615 1800 3677 τας
1836 3617 2062 3679 ἀσπίδας
2099 3617 2184 3671 καὶ
2221 3617 2320 3677 τας
