2436 4068
1291 213 1398 264 298

339 362 395 417 δὲ
437 361 582 416 αὐτοὶ
617 359 855 426 λέγουσιν
896 359 1322 422 ἀντιμαρτυροῦσι
1362 364 1427 424 τῇ
1468 356 1552 410 διοὶ
1592 361 1689 411 τῶν
1717 361 1866 426 θυρῶν
1897 359 2062 428 ἐξόδῳ.
2105 365 2320 430 φανερὸν

343 451 396 504 δὲ
437 449 494 503 ἐκ
533 451 630 503 τῶν
653 447 769 511 ἑξῆς
808 444 884 499 ὅτι
920 444 1358 510 ὑπερπεπήδηκεν.
1443 443 1650 499 Senarii
1685 454 1862 500 autem
1899 456 2024 503 sunt
2061 450 2323 505 eiusmodi

344 545 406 592 ut
462 536 616 591 facile
657 537 726 588 sit
768 533 940 586 cuivis
1000 531 1132 584 tales
1174 547 1442 601 pangere,
1486 550 1590 604 quo
1637 534 1810 604 magis
1861 538 2162 607 suspicaces
2211 554 2326 592 esse

345 626 600 680 debemus
641 620 833 692 ecquid
877 619 1011 672 sorte
1055 634 1218 672 novae
1278 617 1516 674 fallaciae
1559 621 1753 675 alicubi
1802 622 2095 679 delitescat.
2175 625 2321 679 Idem

343 714 493 767 locus
535 710 732 763 indicio
772 715 886 770 est,
929 723 1089 777 quam
1124 707 1233 759 sint
1272 714 1514 762 vetustae
1555 709 2021 781 interpolationes:
2063 729 2187 766 nam
2229 713 2322 783 qui

344 801 483 855 hanc
517 796 768 870 patefecit
810 812 912 849 non
956 794 1215 847 librorum
1255 796 1576 850 auctoritate
1616 797 1756 862 ulla,
1798 799 1890 853 sed
1931 816 2059 854 sana
2117 802 2324 856 ratione

343 889 541 942 ductus
580 901 692 939 rem
743 882 1163 938 demonstravit:
1219 883 1427 943 τούτους
1470 885 1522 938 δὲ
1562 886 1678 946 τοὺς
1726 894 1860 954 τρεῖς
1901 889 2080 955 ςίχους
2120 891 2209 943 οὐκ
2262 888 2325 943 ἄν

341 993 421 1036 τις
461 975 846 1042 συγχωρήσειεν
883 971 1156 1038 Εὐριπίδου
1191 968 1319 1025 εἶναι
1343 1014 1355 1034 ,
1392 972 1598 1042 inquit,
1640 975 1790 1028 ἄλλα
1827 979 2032 1041 μᾶλλον
2069 983 2167 1030 τῶν
2206 977 2324 1031 ὑπο-

341 1068 516 1132 κριτῶν
541 1104 552 1124 ,
591 1058 768 1121 οἵτινες
805 1058 888 1114 ἵνα
942 1060 1016 1124 μὴ
1056 1060 1411 1113 κακοπαθῶσιν
1453 1062 1556 1114 οέπὸ
1596 1066 1693 1115 τῶν
1735 1063 2017 1127 βασιλείων
2063 1065 2325 1119 καθαλλό-

340 1172 477 1219 μενοι
538 1147 938 1216 παρανοίξαντες
992 1148 1345 1214 ἐκπορεύονται
1399 1148 1457 1201 τὸ
1505 1153 1594 1202 τοῦ
1650 1151 1844 1217 Φρυγὸς
1885 1150 2092 1218 ἔχοντες
2130 1159 2323 1220 σχῆμα

341 1241 428 1295 καὶ
471 1239 734 1306 πρόσωπον
784 1233 918 1296 ὅπως
955 1235 1038 1290 δια
1092 1237 1239 1303 θυρῶν
1291 1236 1518 1301 εὐλόγως
1570 1236 1788 1300 ἐξιόντες
1828 1240 2132 1307 φαίνωνται.
2211 1240 2325 1294 Non

342 1327 512 1383 multo
565 1325 786 1379 meliora
838 1331 964 1377 sunt
1018 1339 1154 1393 quae
1209 1323 1369 1377 iidem
1416 1323 1542 1377 alihi
1579 1325 1887 1396 designasse
1925 1327 2216 1390 dicuntur;
2270 1329 2324 1381 in

341 1417 427 1470 his
483 1413 772 1468 notandum
827 1411 967 1481 quod
1022 1413 1258 1482 priscum
1327 1411 1541 1482 aliquod
1600 1415 1917 1470 vocabulum
1973 1416 2213 1470 Atticum
2271 1417 2324 1470 in

342 1505 688 1559 tritissimum
729 1500 874 1554 aliud
916 1506 1196 1552 mutarunt
1235 1499 1288 1552 in
1332 1499 1639 1556 Phoenissis
1680 1520 1756 1556 vs,
1797 1506 1924 1557 264.

1175 1589 1249 1652 μή
1290 1607 1358 1652 με
1401 1588 1611 1644 δικτύων
1653 1589 1748 1643 ἔσω

641 1676 899 1742 λαβόντες
935 1676 1023 1728 οὐκ
1064 1675 1285 1742 ἐκφρῶσ’
1322 1677 1644 1742 ἄναίμακτον
1684 1678 1838 1745 χρόα.

339 1769 431 1823 ubi
489 1769 530 1821 οἱ
585 1764 849 1832 ὑποκριταὶ
915 1764 1072 1837 (teste
1131 1762 1461 1837 Scholiasta)
1523 1766 1959 1831 μεταπλᾶττουσι
2016 1769 2108 1829 τὴν
2166 1768 2322 1833 λέξιν.

337 1857 747 1912 Substituerunt
802 1853 944 1906 enim
993 1854 1046 1905 οὐ
1098 1852 1283 1916 μεθῶσ’
1337 1855 1661 1919 ἀναίμακτον
1715 1855 1887 1922 χρόα,
1943 1857 2208 1926 pessime,
2263 1864 2324 1911 ut

335 1945 501 1999 vides,
583 1941 682 1996 Sed
729 1942 909 1994 missis
950 1939 1305 1993 histrionibus
1354 1940 1454 1995 alia
1492 1942 1732 2013 exempla
1787 1959 2044 2018 versuum
2086 1947 2323 2017 supposi-

337 2041 517 2087 torum
577 2029 908 2100 colligamus.
990 2028 1049 2081 In
1091 2028 1367 2099 Euripidis
1420 2030 1632 2084 Electra
1686 2047 1763 2084 vs,
1806 2035 1932 2086 651.
1984 2035 2183 2105 optime
2237 2051 2324 2089 ex-

339 2127 646 2194 punxerunt
671 2138 682 2172 :

626 2205 797 2278 [λέγ’,
839 2202 873 2258 ὦ
914 2203 1126 2271 γεραιέ,
1166 2204 1293 2259 τᾶδε
1333 2207 1739 2276 Κλυταιμνήςρα
1778 2209 1988 2281 μολών]

645 2295 788 2360 λεχώ
829 2295 888 2358 μ’
929 2291 1245 2356 ἀπάγγελλ’
1285 2291 1438 2346 οὖσαν
1479 2291 1688 2360 ἄρσενος
1730 2295 1894 2349 τόκου.

342 2385 442 2438 hoc
472 2398 598 2437 vero
637 2389 754 2435 erat
791 2381 997 2435 κλώθειν
1038 2381 1364 2446 οέσύγκλωςα
1388 2420 1406 2442 ,
1450 2387 1503 2434 el.
1543 2398 1618 2434 vs.
1657 2385 1783 2436 678.

647 2471 710 2524 σύ
750 2469 832 2533 τ’,
873 2466 907 2522 ὦ
949 2466 1090 2522 κᾶτω
1131 2476 1230 2533 γῆς
1271 2470 1480 2529 ἀνοσίως
1520 2470 1698 2532 οἶκῶν,
1742 2470 1939 2540 πᾶτερ,

625 2556 733 2630 [καὶ
776 2564 849 2619 Γῆ
889 2562 938 2610 τ’
979 2555 1188 2610 ἄνασσα
1227 2564 1412 2624 χεῖρας
1455 2554 1486 2625 ᾗ
1524 2557 1701 2623 δίδωμ’
1743 2559 1875 2624 ἐμᾶς
1905 2560 1943 2632 ,]

650 2646 838 2712 ἄμυν’,
878 2643 1042 2710 ἄμυνε
1082 2646 1250 2699 τοῖσδε
1290 2644 1570 2712 φιλτάτοις
1610 2647 1818 2708 τέκνοις.

349 2736 549 2808 optime
584 2734 708 2790 fecit
732 2776 745 2798 ,
787 2734 879 2804 qui
916 2740 1016 2795 Γῆν
1051 2732 1286 2787 ἄνασσαν
1327 2732 1511 2787 abesse
1552 2735 1741 2790 iussit:
1784 2735 1902 2790 vide
1935 2742 2112 2791 autem
2167 2755 2327 2809 quam

347 2823 483 2878 helle
546 2823 763 2877 dicatur
818 2829 1002 2889 χεῖρας
1042 2820 1288 2890 ᾖ·δίδωμ’
1340 2821 1510 2885 ἐμάς,
1561 2823 1605 2875 si
1645 2826 1796 2894 quis,
1855 2824 1994 2896 quod
2042 2826 2096 2879 in
2139 2826 2231 2880 tali
2271 2844 2330 2882 re

347 2911 624 2974 solebant,
683 2909 930 2964 tellurem
989 2909 1228 2980 graviter
1289 2909 1539 2964 manibus
1598 2914 1869 2981 percutit,
1941 2913 2081 2984 quod
2147 2917 2326 2983 χερσὶν

349 3002 534 3054 ἀλοιῶν
578 2998 709 3053 dicit
754 2998 1016 3051 Homerus
1057 2995 1206 3050 Iliad.
1242 2996 1334 3051 IX.
1380 3001 1525 3060 568,
1571 2998 1662 3052 ubi
1695 3000 2060 3058 Aristonicuse
2106 3003 2135 3065 ἦ
2172 3003 2328 3075 διπλῆ

344 3086 428 3142 ὅτι
480 3090 522 3141 οἱ
573 3087 690 3148 τοὺς
747 3087 976 3154 χθονίους
1033 3085 1170 3146 θεοὺς
1237 3086 1629 3151 ἐπικαλούμενοι
1697 3096 1815 3148 ταῖς
1871 3089 2020 3156 χερσὶ
2079 3091 2169 3153 την
2227 3099 2327 3156 γῆν

352 3175 713 3243 ε’πέκρουον.
796 3173 1066 3228 Meliorem
1107 3175 1271 3227 eliam
1315 3191 1532 3228 causam
1578 3173 1772 3238 habet,
1817 3177 1908 3247 qui
1948 3177 2002 3231 in
2047 3177 2330 3252 Hippolyto

357 3268 518 3320 1028.

655 3344 802 3415 ἤτοῖρ’
841 3349 1051 3414 ὀλοίμην
1091 3350 1314 3411 ἀκλεὴς,
1353 3350 1646 3415 ἀνώνυμος,

633 3435 843 3510 [ἄπολις
867 3477 880 3500 ,
921 3435 1085 3498 ἄοικος
1109 3477 1123 3499 ,
1163 3436 1350 3505 φυγὰς
1391 3438 1654 3498 οέλητεύων
1694 3438 1856 3505 χθόνα
1878 3440 1915 3513 ,]

653 3525 739 3578 καὶ
781 3524 916 3589 μήτε
956 3524 1138 3584 πόντος
1162 3567 1176 3589 ,
1215 3527 1351 3590 μήτε
1391 3530 1462 3591 γῆ
1503 3524 1706 3588 δέξαιτό
1744 3548 1828 3593 μοι

649 3612 844 3683 σᾶρκας
886 3611 1136 3673 θανόντος.
