2436 4068
1324 218 1427 267 474

396 373 496 420 cet.
578 362 886 419 Ridiculum
929 368 1008 415 est
1041 361 1182 415 enim
1222 360 1322 413 hoc
1362 359 1584 423 addere,
1627 363 1781 431 quasi
1821 378 1944 416 vero
1985 364 2182 419 caeteri
2216 363 2379 418 sobrii

398 454 754 508 saltavissent.
837 449 1051 504 Omittit
1104 447 1258 519 plane
1316 447 1623 502 Athenaeus
1677 447 1838 520 idque
1875 452 1931 505 ἐκ
1980 457 2078 505 τῶν
2117 451 2379 518 παρόντων

396 542 543 597 sactu
585 541 866 612 optimum.

474 631 537 683 In
578 634 607 699 §
648 631 734 681 11.
778 629 820 680 οἱ
859 623 1087 692 λοχαγοὶ
1131 623 1309 687 ἐ’λεγον
1353 623 1639 692 προσιόντες
1671 655 1747 664 —
1782 625 1870 679 καὶ
1908 626 2101 680 εὔνοιαν
2137 627 2379 682 ἐνδεικνύ-

404 736 552 782 μενος
595 713 778 775 ἕκαςος
834 713 1096 767 ἔπειθεν
1149 713 1341 776 αὐτόν,
1382 712 1673 783 corrigenti
1714 711 1848 765 mihi
1889 713 2079 768 ἔπειθον
2114 716 2382 787 egregiam

405 820 557 874 opem
600 801 703 856 fert
744 799 1127 872 Aristophanes
1168 800 1223 852 in
1264 799 1418 853 Pluto
1458 816 1535 853 vs.
1573 802 1696 854 758.
1738 800 1818 854 ita
1865 801 2138 856 scribens:

709 890 943 944 νύττουσι
984 888 1089 954 γὰρ
1130 886 1216 940 καὶ
1258 892 1431 956 φλῶσι
1472 889 1817 954 τάντικνήμια

708 978 1077 1042 ἐνδεικνύμενος
1118 972 1300 1036 ἕκαςος
1341 974 1535 1029 εύνοιοὶν
1571 996 1706 1029 τινα.

479 1066 767 1137 Perperam
822 1063 1003 1119 addita
1057 1070 1139 1117 est
1174 1064 1496 1134 praepositio
1525 1064 1593 1117 vin
1634 1063 1721 1117 VI.
1764 1081 1798 1116 1.
1843 1067 1931 1118 24.
1986 1066 2121 1129 μήτε
2157 1066 2386 1134 προσδεῖ-

402 1156 517 1209 σθαι
558 1163 651 1218 τῆς
691 1156 860 1222 ἀρχῆς
900 1154 1027 1220 μήτ’
1067 1155 1108 1207 εἰ
1150 1153 1365 1218 αἱροῖντο
1423 1151 1934 1218 ἀποδέχεσθαι,
1996 1153 2103 1206 imo
2145 1170 2270 1208 vero
2309 1154 2387 1208 δέ-

403 1244 622 1312 χεσθαιε
677 1243 722 1296 si
776 1242 899 1313 quis
959 1239 1088 1311 quid
1143 1239 1298 1293 offert
1345 1238 1485 1310 quod
1540 1238 1714 1310 placet
1762 1239 2052 1307 δεχόμεθα,
2109 1241 2389 1297 audientes

402 1330 544 1402 quod
585 1330 874 1402 probamus
906 1327 1292 1394 ἀποδεχόμεθα.
1372 1327 1549 1381 Etiam
1591 1326 1882 1381 ἀποδιδόναι
1918 1334 1972 1382 et
2003 1328 2245 1396 δέχεσθαι
2285 1330 2389 1384 sihi

403 1421 548 1473 inter
602 1435 658 1473 se
698 1415 1057 1488 respondent,
1114 1422 1174 1468 ut
1215 1415 1329 1468 VII.
1371 1431 1460 1468 vu.
1503 1419 1592 1469 40.
1646 1414 1832 1480 όμνυμι
1885 1416 1940 1469 δέ
1979 1437 2053 1471 σοι
2093 1418 2221 1482 μηδὲ
2260 1420 2388 1472 οέπο·

404 1508 621 1568 διδόντος
660 1504 902 1569 δέξασθαι
942 1502 1044 1567 ἄν,
1085 1510 1138 1556 et
1184 1502 1304 1557 aliis
1343 1503 1491 1556 locis,
1571 1503 1872 1557 Discrimen
1928 1511 2137 1558 certum
2181 1513 2232 1560 et
2272 1523 2388 1578 per-

404 1603 628 1667 petuum
667 1601 783 1658 est,
839 1609 970 1646 usus
1006 1590 1147 1661 apud
1189 1608 1372 1645 omnes
1411 1590 1897 1661 frequentissimus,
1977 1591 2255 1647 Contrario
2303 1611 2390 1648 er-

403 1700 524 1738 rore
563 1688 845 1754 peccatum
886 1685 967 1734 est
1021 1679 1160 1749 apud
1220 1679 1540 1733 Aeschinem
1599 1678 1664 1732 de
1717 1679 1777 1732 F.
1816 1679 1872 1732 L.
1917 1683 1945 1750 §
1988 1685 2076 1735 49.
2119 1683 2234 1749 ὁρῶν
2274 1684 2390 1738 ἑπι-

406 1771 777 1837 σνιμαινόμενον
830 1769 915 1822 τὸν
967 1769 1124 1832 δῆμον
1183 1767 1270 1820 καὶ
1319 1767 1733 1833 δεδεγμένον
1787 1769 1903 1828 τοὺς
1957 1771 2079 1836 παρ’
2129 1770 2254 1834 ἐμοῦ
2305 1770 2391 1825 λό-

407 1880 567 1926 γους,
611 1857 938 1927 intelligisne
969 1855 1377 1921 ἀποδεδεγμένον
1419 1855 1722 1908 necessario
1762 1857 2006 1926 requiri?

482 1947 544 2001 In
602 1949 760 2017 §27.
814 1945 1058 2006 ἐποίησαν
1116 1944 1340 2016 [πᾶσαν]
1400 1945 1490 2005 τὴν
1544 1943 1693 1996 πόλιν
1747 1944 2015 2009 ὁμολογεῖν
2066 1946 2395 2012 Λακεδαιμο-

411 2036 538 2095 νίους
573 2033 659 2088 καὶ
697 2036 864 2088 αὐτῶν
906 2033 1167 2098 ἡγεμόνας
1205 2029 1333 2085 εἶναι
1365 2032 1666 2085 rectissime
1704 2032 1938 2102 optimus
1975 2032 2110 2086 liber
2143 2034 2206 2087 H.
2241 2035 2395 2090 omit-

409 2125 478 2176 tit
517 2126 715 2176 πᾶσαν.
770 2121 831 2174 In
870 2120 1033 2175 rebus
1068 2121 1291 2192 privatis
1333 2119 1720 2190 omnibusque,
1761 2136 1896 2191 quae
1931 2122 2142 2191 privato
2174 2124 2398 2178 consilio

413 2217 679 2281 aguntur,
715 2213 867 2263 πᾶσα
902 2212 929 2272 ἡ
968 2208 1115 2269 πόλις
1158 2208 1460 2262 rectissime
1500 2207 1730 2271 dicitur,
1765 2225 1874 2260 »non
1918 2209 2045 2263 item
2070 2211 2126 2262 in
2166 2210 2397 2281 publicis

415 2297 654 2353 consiliis
694 2296 1063 2366 decretisque,
1115 2295 1206 2349 ubi
1241 2298 1268 2358 ἡ
1311 2295 1461 2355 πόλις
1503 2294 1610 2349 dici
1651 2302 1704 2349 et
1752 2295 1907 2350 dehet
1950 2303 2003 2351 et
2042 2297 2194 2354 solet.
2274 2299 2398 2354 Fes-

415 2387 526 2441 tive
578 2384 866 2440 admodum
916 2383 1163 2438 Comicus
1222 2382 1498 2453 Euripidis
1551 2383 1874 2459 versiculum
1931 2386 2169 2453 παρῳδῶν
2226 2386 2398 2444 dixit:

724 2475 750 2536 ἡ
793 2472 991 2533 πόλις
1032 2471 1296 2538 ἐβούλεθ’,
1336 2468 1366 2538 ᾗ
1405 2471 1566 2535 νόμων
1603 2458 1740 2526 οὐδὲν
1781 2472 1967 2537 μέλει,

421 2579 590 2635 quum
636 2559 923 2632 Euripides
964 2562 992 2623 ἦ
1030 2561 1189 2629 φύσις
1224 2558 1463 2613 dixisset.
1546 2558 1647 2613 Sed
1690 2559 1820 2631 quid
1857 2560 2115 2632 exemplis
2149 2579 2282 2635 opus
2322 2571 2403 2619 est

422 2652 478 2706 in
518 2667 579 2704 re
615 2647 943 2703 tritissima?
986 2722 1009 2725 w
1220 2710 1224 2719 θ

501 2737 681 2792 Facile
720 2743 940 2808 apparet
993 2732 1056 2788 ἄν
1096 2733 1356 2802 excidisse
1410 2735 1465 2788 in
1508 2738 1536 2805 §
1575 2738 1662 2788 52.
1705 2737 1728 2788 ὃ
1767 2735 1810 2788 δ’
1850 2735 1952 2805 ἔφη
1994 2738 2212 2806 νομίζειν
2249 2740 2404 2794 αὐτὸν

425 2827 713 2892 Τιμασίωνι
755 2827 962 2899 μᾶλλον
1011 2821 1285 2890 συνάρχειν
1337 2823 1574 2886 ἐθελῆσαι
1630 2823 1891 2890 Δαρδανεῖ
1936 2824 2072 2888 όντι,
2122 2828 2228 2879 imo
2282 2844 2407 2881 vero

429 2914 703 2981 συνάρχειν
755 2900 819 2966 ἂν
877 2912 1152 2973 ἐθελῆσαι,
1209 2911 1254 2963 si
1314 2911 1455 2964 enim
1511 2910 1574 2964 ἄν
1629 2912 1895 2966 omisisset
1950 2912 2242 2984 Xenophon
2302 2899 2430 2969 non*

427 3005 665 3065 ἐθελῆσαι
707 3000 797 3055 sed
823 2999 1025 3053 ἐθέλειν
1066 2998 1329 3069 scriptum
1369 2998 1662 3068 oportebat.

508 3090 566 3143 In
611 3088 697 3141 VI.
740 3106 794 3141 11.
841 3093 888 3140 1.
943 3086 1181 3157 primum
1221 3087 1446 3140 restitue
1497 3087 1887 3153 ἀναγαγόμενοι
1928 3105 2023 3159 pro
2062 3089 2426 3155 ἀναγόμενοι,-

433 3178 590 3231 cuius
630 3174 979 3228 correctionis
1016 3173 1300 3244 perspicua
1339 3174 1476 3227 ratio
1522 3181 1618 3227 est.
1697 3174 1757 3228 In
1813 3178 1842 3246 ξ
1882 3179 1931 3228 2.
1972 3174 2088 3229 ἔνθα
2127 3176 2347 3241 λέγεται
2388 3174 2433 3231 δ”

417 3270 693 3332 ,Ἡρακλῆς
735 3262 819 3315 ἐπὶ
861 3262 946 3338 τὸν
989 3259 1280 3332 [Κέρβερον]
1327 3261 1454 3315 κύνα
1507 3264 1838 3328 καταβῆναι,
1877 3261 2166 3317 bellissime
2206 3264 2422 3321 dietum-

435 3360 546 3417 est,
600 3358 662 3406 ut
699 3349 883 3413 videS,
934 3350 956 3402 ὃ
999 3349 1243 3414 Κέρβερος
1285 3349 1431 3402 κύων.
1512 3349 1689 3415 Quum
1741 3350 2063 3404 alterutrum
2111 3353 2408 3407 insiticium

427 3457 549 3495 esse
590 3444 843 3510 appareat
895 3452 1000 3489 non
1041 3442 1216 3506 potest
1252 3452 1369 3489 esse
1423 3435 1656 3491 difficilis
1714 3439 1873 3509 opti0.
1952 3437 2085 3493 lbid.
2129 3443 2156 3510 §
2202 3445 2290 3496 10.
2345 3443 2415 3502 ὥς

430 3528 647 3595 αἰσχρὸν
695 3525 770 3589 εἴη
825 3524 1005 3592 ἄρχειν
1064 3521 1197 3595 [ἕνα]
1251 3525 1513 3586 Ἀθηναῖον
1552 3526 1961 3587 Πελοποννησίων
2015 3527 2100 3581 καὶ
2155 3530 2411 3584 Λακεδαι·

430 3616 608 3681 μονίων
648 3615 860 3671 vicinae
897 3610 1132 3686 syllabae
1170 3608 1259 3666 ἕνα
1297 3619 1654 3685 pepererunt,
1707 3613 1849 3685 quod
1887 3614 1990 3670 loci
2030 3618 2294 3672 sententia
2333 3633 2410 3672 re-
