2436 4068
1313 185 1414 235 788

379 334 547 389 menti
595 339 719 386 sunt
758 330 954 398 ἐφύην,
1007 332 1232 395 φυῆναι,
1271 329 1452 396 φυείς,
1497 343 1601 397 qua
1653 327 1947 380 sexcenties
1988 334 2215 383 utuntur
2255 331 2339 385 de·

377 422 517 493 cepti
576 419 746 473 fallaci
798 415 1039 485 analogia
1095 415 1149 467 in
1206 415 1409 481 ε’ρρύην,
1463 418 1671 483 ῥυῆναι,
1724 415 1871 483 ῥυείς.
1944 418 2117 484 ’Έφυν
2173 418 2341 487 igitur

374 509 528 580 plane
570 510 622 561 in
677 502 1082 559 desuetudinem
1123 501 1289 565 abiit,
1343 509 1394 556 et
1443 502 1611 556 multo
1652 503 1812 556 etiam
1870 503 2018 573 prius
2073 504 2234 575 proba
2286 513 2337 560 et

376 597 595 666 antiqua
645 593 814 646 forma
865 590 974 645 ἔδυν
1029 607 1150 644 cum
1209 591 1519 661 compositis
1574 591 1736 644 ἐνέδυν
1791 598 1890 644 cet.
1943 607 2042 644 usu
2098 592 2340 648 excidere

377 683 565 754 coepit.
648 678 1018 735 Procuderunt
1060 678 1386 732 recentiores
1427 678 1612 733 Graeci
1664 695 1726 732 ex
1784 678 2024 748 analogia
2083 681 2342 735 aoristum

378 771 578 824 mediae
627 767 826 821 formae
878 765 1168 831 ἐδυσάμην,
1222 766 1570 831 ἐνεδυσάμην,
1632 766 1962 831 ὑπεδυσάμην
2022 774 2122 821 cel.
2180 786 2342 839 quum

377 857 644 913 nescirent
686 854 831 917 ἔδυν,
872 855 1065 918 ἐνέδυν,
1107 854 1288 908 ὑπέδυν
1330 861 1431 909 cet.
1477 855 1530 906 in
1572 855 1792 924 antiqua
1845 854 2031 909 Graeci
2083 857 2343 911 sermonis

378 946 605 1001 sanitate
646 943 743 996 hoc
785 943 897 1013 ipso
948 958 1107 995 sensu
1151 940 1315 995 fuisse
1358 942 1571 995 usitata.
1650 940 1781 994 Novi
1823 942 1981 995 istius
2017 943 2203 996 aoristi
2242 943 2341 999 fre-

377 1033 764 1107 quentissimus
803 1028 943 1101 apud
985 1047 1167 1084 omnes
1210 1046 1337 1083 usus
1383 1036 1480 1083 est.
1561 1029 1891 1101 Ubicumque
1941 1031 2082 1084 enim
2127 1031 2343 1087 Veteres

380 1121 669 1177 utebantur
705 1117 891 1172 formis
923 1117 1119 1181 ἐνέδυν,
1159 1118 1386 1182 ἐνδῦναι,
1425 1116 1596 1179 ἐνδύς,
1639 1118 1829 1172 άπέδυν
1852 1161 1867 1183 ,
1907 1119 2115 1173 άπόδυθι
2139 1161 2153 1180 ,
2197 1121 2342 1182 ἐκδύς

379 1208 712 1278 caeterisque
764 1205 1010 1260 omnibus
1060 1204 1264 1258 videbis
1321 1206 1451 1259 istos
1490 1210 1798 1259 constanter
1833 1223 1990 1260 suum
2033 1207 2347 1273 ἑνεδυσάμην

379 1313 574 1370 ponere
604 1304 654 1349 et
677 1296 1011 1358 ἐνδύσασθαι,
1045 1292 1407 1359 ἐνδυσάμενος,
1437 1290 1810 1358 άπεδυσάμην,
1843 1295 2098 1349 άπόδυσαι
2121 1303 2222 1349 cel.
2247 1295 2345 1350 He·
2434 1351 2436 1372 ⁴

382 1385 629 1459 sychius:
673 1383 934 1442 Ἐκδύς;
978 1380 1314 1446 ἐκδυσάμενος
1359 1387 1412 1435 et
1446 1382 1788 1449 Ἀμφιδύςε
1831 1382 2163 1449 ἐνδυσάμενος
2206 1399 2366 1437 com··
2435 1410 2436 1414 ¹

381 1489 582 1545 ponens
611 1479 843 1524 veterem
892 1467 1101 1522 dicendi
1145 1485 1300 1523 usum
1345 1477 1396 1524 et
1430 1469 1737 1540 sequiorum
1761 1471 2021 1533 συνήθειαν
2061 1472 2346 1542 componit.
2434 1474 2436 1481 '

386 1560 691 1616 Sexcenties
712 1555 1134 1622 animadverteS‚
1170 1559 1214 1610 si
1245 1557 1342 1611 hoc
1375 1574 1531 1628 ageS,
1567 1562 1773 1611 veteres
1794 1558 1988 1613 ἐνδῦναι
2026 1558 2232 1623 dicere,
2268 1574 2346 1612 se·
2388 1543 2390 1546 ’

385 1650 598 1721 quiores
631 1646 962 1708 ἐνδύσασθαι,
1003 1644 1281 1699 Atticistas
1322 1651 1373 1698 et
1408 1662 1621 1710 omnes,
1661 1646 1754 1715 qui
1789 1644 2085 1716 elegantius
2118 1645 2352 1701 scribere

384 1735 700 1801 studebant,
742 1732 896 1786 niodo
929 1739 1134 1787 veteres
1171 1733 1400 1796 imitari,
1443 1731 1598 1786 modo
1634 1732 1699 1787 ad
1725 1733 2028 1804 aequalium
2064 1741 2349 1788 consuetu-

385 1825 563 1880 dinem
604 1822 791 1877 delabi.
853 1820 1005 1892 Apud
1038 1820 1326 1875 Diodorum
1354 1819 1595 1875 Siculum
1636 1827 1818 1875 utrum
1855 1821 1995 1882 ἐνδύς
2033 1839 2099 1876 an
2142 1821 2351 1877 ἐνδυσά-

384 1934 530 1980 μενος
584 1912 793 1982 legatur
844 1908 1066 1980 perinde
1103 1915 1183 1963 est
1230 1909 1282 1961 in
1336 1909 1575 1962 oratione
1614 1915 1691 1963 tot
1744 1909 2053 1980 sequiorum
2093 1910 2240 1965 vitiis
2276 1912 2354 1965 in-

385 2002 622 2073 quinata.
705 1997 805 2056 Sed
852 1998 905 2050 in
955 1997 1311 2068 Antiquorum
1353 1997 1570 2067 scriptis
1609 1998 1655 2052 si
1705 1997 1915 2068 quando
1963 1997 2212 2052 δύσασθαι
2261 2006 2352 2054 aut

385 2089 738 2159 compositum
802 2087 1037 2140 occurrit
1098 2085 1244 2139 fraus
1288 2083 1570 2140 manifesta
1623 2092 1854 2140 tenetur.
1949 2085 2113 2140 Nemo
2171 2103 2354 2142 eorum

384 2177 558 2248 potuit
613 2174 780 2228 forma
833 2173 1060 2227 barbara
1111 2174 1190 2228 uti
1246 2172 1575 2243 aliquamdiu
1628 2181 1745 2245 post
1799 2173 2158 2229 Alexandrum
2214 2182 2355 2230 nata.
2410 2228 2412 2233 ,

386 2265 506 2319 Scio
544 2263 821 2334 irrepsisse
871 2261 1151 2332 aliquoties
1191 2268 1243 2314 et
1293 2260 1497 2314 scribas
1543 2262 1760 2333 impune
1814 2261 2034 2316 tulisse:
2090 2265 2355 2334 expromsi

385 2352 547 2406 huius
588 2351 798 2422 generis
836 2351 965 2403 vitia
1023 2348 1280 2421 quaedam
1330 2350 1386 2402 in
1431 2351 1605 2420 priore
1645 2355 1823 2421 parte:
1867 2348 1958 2403 sed
1998 2347 2108 2404 sore
2148 2351 2258 2404 scio
2300 2357 2361 2405 ut

386 2440 518 2495 haec
557 2439 734 2492 omnia
769 2436 1053 2508 aliquando
1090 2443 1424 2508 purgentur,
1481 2454 1652 2508 neque
1692 2437 1942 2492 credetur
1982 2437 2211 2509 amplius
2252 2438 2356 2493 He-

387 2527 608 2583 rodotus
664 2525 897 2580 scribere
949 2525 1186 2596 potuisse
1226 2525 1287 2578 V.
1333 2529 1472 2580 106:
1533 2527 1666 2587 θεοὺς
1722 2525 1978 2591 ἐπόμνυμι
2031 2527 2148 2587 τοὺς
2204 2527 2357 2592 βασι·

389 2618 557 2679 ληΐους
597 2617 669 2681 μὴ
710 2615 804 2680 μὲν
843 2614 1075 2682 πρότερον
1117 2614 1527 2668 ἐκδύσασθαι
1584 2615 1668 2668 τὸν
1705 2614 1839 2682 ἔχων
1899 2615 2077 2668 κιθῶνα
2115 2617 2354 2681 καταβή-

390 2725 544 2771 σομαι
598 2705 647 2765 ἐς
700 2703 885 2764 Ἰωνίην
944 2703 1054 2756 κτὲ.
1097 2717 1326 2772 namque
1367 2701 1653 2757 barbarum
1708 2702 1807 2757 hoc
1858 2718 1971 2756 esse
2031 2719 2134 2757 non
2177 2704 2357 2758 minus

391 2809 549 2863 quam
585 2789 901 2854 τεύξασθαι,
940 2789 1266 2857 φεύξασθαι,
1306 2789 1553 2854 δήξασθαι
1593 2790 1924 2861 similiaque,
1966 2807 2102 2861 quae
2143 2792 2354 2862 saepius

391 2885 701 2935 occurrunt.
781 2877 1079 2931 Herodotus
1132 2894 1257 2948 ergo
1310 2879 1551 2932 omnium
1605 2895 1867 2932 consensu
1920 2879 2139 2950 recipiet
2199 2895 2355 2932 suum

390 2967 686 3022 ἐκδύσεσθαι
729 2972 781 3019 et
822 2965 1082 3036 quidquid
1123 2965 1426 3020 istiusmodi
1469 2967 1520 3019 in
1578 2967 1922 3037 antiquorum
1979 2965 2130 3020 libris
2177 2965 2356 3037 depre-

390 3055 656 3110 hendetur
695 3053 928 3107 librariis
969 3053 1324 3124 imputabitur
1358 3070 1482 3108 suas
1536 3053 1746 3108 dicendi
1802 3053 1983 3109 sordes
2026 3053 2356 3124 negligenter

391 3141 774 3214 ingerentibus
854 3140 966 3194 Non
1010 3157 1114 3194 uno
1156 3142 1371 3196 nomine
1419 3141 1796 3212 turpissimum
1851 3148 1932 3196 est
1983 3142 2361 3205 ὑποδύσασθαι,

392 3231 531 3303 quod
572 3228 925 3285 commaculat
954 3228 1325 3299 Aristophanis
1364 3229 1564 3299 Vespas
1604 3246 1680 3282 vs.
1719 3234 1890 3284 1159:

541 3327 647 3373 ΒΔ.
726 3316 830 3382 άγε
871 3338 952 3371 νυν
993 3316 1204 3371 ὑποδύου
1243 3316 1340 3376 τας
1382 3315 1704 3382 καταράτους
1746 3316 1987 3382 ἐμβάδας
2011 3362 2025 3382 ,

727 3405 877 3460 τασδὶ
919 3406 962 3458 δ’
1002 3403 1196 3465 άνύσας
1239 3404 1437 3458 ὑπόδυθι
1479 3404 1576 3464 ’τάς
1615 3405 1939 3466 Λακωνικάς.

542 3504 676 3550 ΦΙΛ.
729 3496 828 3560 ἐγὼ
867 3494 970 3561 γάρ
1009 3492 1072 3547 ἂν
1112 3493 1296 3554 τλαίην
1346 3492 1797 3547 ὑποδύσασθαί
1835 3515 1959 3548 ποτε

729 3584 912 3652 ἐχθρῶν
953 3588 1073 3649 φιαρ5
1112 3582 1294 3649 άνδρῶν
1335 3581 1556 3648 δυσμενῆ
1595 3582 1950 3649 καττύματα;
