2436 4068
1354 230 1423 278 40

387 394 443 427 ευ
477 370 699 427 confusa
737 376 894 435 sunt,
935 375 987 423 et
1023 371 1115 440 qui
1147 369 1248 423 sihi
1277 367 1557 422 videbatur
1589 388 1798 435 ευρακαι
1836 369 2014 427 videre
2044 370 2374 426 confidenter

385 459 692 515 vocabulum
715 459 838 512 bene
865 458 1118 511 Graecum
1137 454 1353 524 εὕρηκας
1378 456 1673 510 substituit.
1717 456 1864 510 Idem
1887 458 2155 513 scribendi
2177 459 2372 514 vitium

387 548 691 620 inquinavit
729 546 874 600 hunc
913 543 1190 598 Menandri
1227 543 1403 598 locum
1444 544 1586 615 apud
1629 543 1773 598 Stob.
1807 544 1986 599 Floril.
2026 547 2115 601 IX.
2155 552 2243 600 11.

690 637 745 689 οὐ
781 635 861 688 δεῖ
890 634 994 700 γαρ
1031 633 1224 686 ἀδικεῖν
1264 633 1381 693 τοὺς
1422 632 1598 693 ἱκέτας
1624 675 1639 694 ,
1682 631 1858 694 ἄλλως
1888 655 1946 687 τε
1982 634 2074 689 καί

688 718 812 775 ὅταν
848 725 968 786 μετ’
1002 721 1198 781 εὐνοίας
1236 741 1318 784 τι,
1357 722 1432 785 μη
1465 722 1677 790 πονηρία

690 807 979 863 πταίσωσιν
1003 851 1015 861 .
1061 808 1278 877 αἰσχρόν
1317 809 1392 865 ἕςι
1426 813 1576 862 τοῦτο
1623 809 1728 876 γὰρ
1769 808 1937 863 πάνυ.

389 897 468 952 sic
519 895 662 950 enim
703 895 835 950 haec
876 895 1149 951 Dohraeus
1197 897 1508 961 constituit,
1560 914 1719 968 quem
1761 896 2057 951 Meinekius
2107 897 2368 967 sequitur.

387 981 590 1039 Vellem
627 983 793 1038 'etiam
835 1001 864 1038 a
898 983 1145 1054 Pssugkio
1174 987 1294 1050 μετ’
1317 986 1535 1049 ἀγνοίας
1571 985 1895 1056 accepisset,
1936 1000 2266 1056 quamquam
2305 999 2373 1038 ne

385 1073 465 1127 sic
505 1070 724 1144 quidem
774 1070 924 1126 locus
963 1078 1284 1144 pei-sanatus
1321 1079 1433 1127 est:
1483 1074 1602 1133 τοὺς
1643 1072 1822 1133 ἱκέτας
1871 1072 2001 1125 vitio
2054 1078 2206 1126 natos
2258 1087 2375 1127 esse

385 1159 580 1224 credo,
629 1175 802 1231 neque
843 1160 986 1214 enim
1042 1165 1251 1214 caetera
1295 1177 1420 1213 cum
1463 1159 1564 1214 hac
1603 1159 1831 1214 lectione
1871 1159 2002 1214 satis
2045 1159 2374 1214 conveniunt

386 1254 440 1303 et
468 1249 527 1303 τὸ
560 1248 754 1302 ἀδικεῖν
788 1249 906 1308 τοὺς
937 1247 1114 1309 ἱκέτας
1146 1265 1248 1301 non
1282 1247 1499 1316 αἰσχρόν
1532 1255 1641 1312 est,
1682 1247 1774 1302 sed
1811 1246 2035 1302 ἀνόσιον;
2074 1263 2178 1301 non
2215 1253 2374 1318 turpe

385 1342 467 1391 est
507 1334 717 1390 facinus
740 1377 755 1400 ,
797 1334 888 1389 sed
929 1336 1175 1407 impium.
1259 1336 1460 1390 Verum
1497 1353 1611 1390 esse
1649 1335 1881 1390 arbitror
1918 1338 1972 1390 οὐ
2010 1335 2090 1389 δεῖ
2119 1335 2224 1402 γὰρ
2263 1334 2372 1389 ἀδι-

387 1431 493 1480 κεῖν
522 1423 725 1485 οἰκέτας
761 1429 814 1478 et
845 1422 910 1476 ab
944 1423 1202 1478 iracundo
1236 1423 1452 1478 domino
1482 1424 1823 1479 clementiam
1862 1439 1992 1494 erga
2026 1438 2235 1487 serVOS,
2277 1422 2371 1494 qui

385 1513 568 1567 nescio
621 1511 751 1583 quid
805 1510 1176 1582 imprudentes
1230 1513 1600 1583 peccaverint,
1658 1511 1951 1583 implorari.
2044 1511 2244 1565 Mirum
2289 1515 2372 1565 est

361 1615 549 1671 -quam
586 1616 743 1670 saepe
787 1599 960 1661 ἱκέτης
1002 1605 1055 1653 et
1094 1599 1291 1662 οἰκέτης
1333 1598 1748 1653 confundantur.
1830 1599 1988 1653 Peius
2024 1598 2186 1652 etiam
2227 1597 2371 1670 apud

383 1687 537 1742 Diod.
570 1686 734 1742 Sicul.
767 1687 882 1742 XII.
921 1691 955 1741 9
991 1687 1198 1742 scribae
1237 1694 1532 1759 peccarunt
1565 1688 1619 1740 in
1657 1686 1771 1741 his:
1814 1686 2137 1757 προτεθείσης
2173 1687 2370 1751 βουλῆς

384 1775 595 1844 πότερον
641 1777 744 1842 χρὴ
785 1775 905 1836 τοὺς
954 1776 1260 1836 Ἰταλιώτας
1304 1776 1533 1830 ἐκδοῦναι
1580 1782 1685 1836 τοῖς
1730 1775 2091 1843 Συβαρίταις,
2134 1773 2226 1828 ubi
2263 1789 2370 1828 non

385 1863 609 1919 debehat
641 1861 1036 1932 Wesselingius
1076 1862 1352 1927 dubitare,
1388 1865 1516 1933 quin
1560 1863 1758 1934 optime
1798 1862 2079 1917 lectionem
2114 1860 2371 1916 Codicum

382 1953 509 2008 τοὺσ
542 1952 847 2012 σικελιώτας
887 1950 1268 2005 Rhodomanus
1299 1951 1586 2005 mutaverit
1633 1950 1687 2003 in
1739 1951 1858 2010 τοὺς
1889 1949 2099 2011 ἱκέτας.
2139 1952 2371 2005 ’Imma-

381 2060 479 2102 τας
520 2044 723 2093 temere
763 2038 1056 2108 repositum
1091 2045 1172 2093 est
1201 2039 1268 2094 ab
1300 2056 1390 2104 e0‚
1430 2039 1524 2109 qui
1563 2039 1882 2098 Σικελιώτας
1913 2037 1978 2091 de
2007 2037 2151 2092 coelo
2188 2036 2365 2109 delap-

381 2145 467 2182 sos
497 2125 817 2180 mirahatur.
903 2125 1002 2179 Sed
1045 2126 1237 2196 exigua
1280 2133 1333 2180 et
1371 2126 1504 2180 levis
1540 2143 1601 2180 ea
1642 2124 1946 2196 corruptela
1983 2131 2067 2179 est
2100 2141 2227 2196 prae
2269 2125 2369 2179 im-

381 2215 532 2272 mani
586 2229 799 2277 errore,
859 2229 964 2284 quo
1016 2213 1305 2268 Menander
1363 2213 1418 2267 in
1477 2212 1667 2268 Gnom.
1722 2212 2068 2267 Monostichis
2119 2230 2198 2269 vs,
2254 2216 2363 2267 446

380 2303 583 2359 dixisse
621 2306 873 2373 putatur:

686 2390 912 2450 πολλοὺς
943 2390 965 2443 o‘
1004 2389 1173 2457 καιρὸς
1213 2391 1302 2444 οὐκ
1329 2388 1480 2450 ὄντας
1522 2396 1661 2443 ποιεῖ
1695 2389 1916 2458 φίλους,

383 2478 492 2531 imo
529 2493 690 2530 verOt
747 2478 1025 2537 πολλοὺςό
1065 2477 1234 2544 καιρὸς
1270 2477 1474 2538 οἰκέτας
1514 2483 1652 2531 ποιεῖ
1685 2477 1902 2545 Φίλους,
1961 2474 2102 2546 quod
2141 2474 2367 2531 Athenis

384 2581 542 2636 saepe
594 2563 797 2619 factum
840 2570 956 2628 est,
1005 2571 1066 2618 ut
1110 2565 1311 2619 Romae
1359 2565 1413 2618 in
1459 2565 1875 2636 proscriptione,
1930 2579 2054 2618 nam
2090 2563 2370 2618 verissime

384 2651 675 2708 Menander
715 2653 771 2706 in
814 2652 959 2707 Stob.
1003 2653 1184 2708 Floril.
1214 2653 1369 2707 XLII.
1412 2656 1462 2708 6.

685 2738 810 2795 ὅταν
847 2741 988 2811 τύχη
1026 2762 1105 2802 τις
1143 2744 1426 2802 εὐνοοῦντος
1466 2741 1657 2795 οἰκέτου

688 2830 778 2882 οὐκ
817 2827 922 2886 ἔςιν
962 2829 1099 2883 οὐδὲν
1140 2836 1320 2895 κτῆμα
1363 2829 1578 2883 κάλλιον
1617 2828 1733 2896 βίῳ.

384 2916 589 2970 Iterum
641 2936 677 2969 α
728 2923 781 2971 et
821 2937 876 2970 ευ
927 2916 1147 2972 confusa
1180 2934 1295 2971 esse
1345 2917 1590 2989 suspicor
1639 2915 1695 2969 in
1747 2913 2026 2970 Menandri
2066 2913 2180 2968 loco
2222 2914 2365 2988 apud

385 3002 533 3058 Stob.
575 3001 756 3057 Floril.
794 3004 971 3059 XCVI.
1018 3009 1108 3060 21.

687 3092 904 3159 αἰσχρὸν
935 3093 1174 3158 γενέσθαι
1214 3093 1427 3161 πτωχὸν
1460 3094 1646 3155 ἀσθενῆ
1686 3093 1729 3145 θ’
1763 3089 1913 3157 ἅμα.

384 3196 489 3235 non
525 3178 668 3233 enim
712 3177 810 3233 hoc
851 3186 1010 3251 turpe
1043 3188 1153 3245 est,
1209 3181 1301 3236 sed
1347 3182 1392 3235 si
1433 3181 1555 3252 quis
1598 3195 1820 3250 corpore
1866 3177 2084 3232 robusto
2132 3177 2270 3232 valet
2311 3183 2365 3232 et

384 3268 578 3338 stipem
617 3265 866 3337 colligere
915 3284 1074 3338 quam
1116 3286 1249 3342 opus
1290 3268 1465 3325 facere
1505 3267 1742 3324 mavult:
1798 3267 1977 3338 itaque
2018 3282 2048 3320 a
2090 3271 2244 3337 poeta
2283 3271 2366 3320 est

382 3355 596 3422 πτωχὸν
627 3355 834 3417 εὐσθενῆ
868 3356 909 3408 θ’
945 3354 1080 3421 ἅμα.
