2436 4068
1343 203 1406 251 14

373 347 692 420 Antiphanis
725 344 1005 400 versiculis
1045 345 1235 397 vitium
1275 343 1536 395 remansit
1577 342 1629 394 in
1668 341 1752 395 his
1787 343 1994 397 verbis:

747 432 842 488 εἶτ’
884 436 972 487 οὐκ
1013 430 1231 499 ἐπῳδούς
1272 434 1436 498 φασιν
1477 429 1677 496 ἰσχύειν
1716 429 1889 492 τινές.·,

748 522 849 587 ἐγὼ
891 521 995 587 γαρ
1033 520 1122 583 ἤδη
1164 525 1299 586 τρεῖς
1339 520 1426 585 ὁρῶ
1472 516 1807 584 μασωμένους

749 614 838 662 σοῦ
880 612 1055 662 ταῦτα
1089 606 1445 675 συςρέφοντος.

373 715 478 753 non
519 698 661 752 enim
702 695 922 764 ἐπῳδούς
961 694 1054 749 sed
1093 694 1294 763 ἐπῳδάς
1332 694 1423 748 alii
1459 694 1662 761 ἰσχύειν
1705 691 2000 763 negabant,
2041 691 2205 745 stulte
2244 707 2355 746 cre·

371 786 566 841 debant
605 785 724 848 alii,
765 783 857 854 qui
893 781 1106 836 easdem
1148 782 1213 837 ab
1250 799 1570 854 unoquoque
1611 780 1745 835 disci
1784 797 1938 851 posse
1970 777 2355 851 opinabantur:

372 874 493 927 vide
546 871 781 926 Platonis
834 870 1103 924 Charmid.
1148 887 1266 942 pag.
1315 875 1437 924 15¹5.
1480 872 1539 924 F.
1578 869 1702 924 ἄνευ
1748 869 1799 922 δὲ
1846 875 1938 931 τῆς
1988 868 2182 935 ἐπῳδῆς
2218 868 2356 922 οὐδὲν

370 960 558 1030 ὄφελός
594 961 669 1017 ἐςι
710 962 799 1013 τοῦ
833 959 1060 1027 φύλλου.
1123 959 1222 1013 Καὶ
1259 957 1342 1020 ὅς·
1383 957 1768 1025 ἀπογραψομαι
1802 957 1992 1018 τοίνυν,
2035 956 2170 1025 ἔφη,
2211 955 2357 1024 παρὰ

372 1054 460 1104 σοῦ
501 1051 592 1111 την
633 1047 844 1115 ἐπῳδήν.
2406 1115 2413 1117 ξ

447 1137 508 1190 In
548 1133 788 1190 eiusdem
842 1133 1164 1205 Antiphanis
1216 1133 1518 1204 fragmento
1568 1132 1710 1204 apud
1758 1132 1950 1187 Athen.
2000 1131 2088 1186 VI.
2131 1134 2258 1187 240.
2294 1129 2356 1185 F.

373 1224 640 1279 sententia
674 1222 777 1276 levi
818 1221 1122 1292 corruptela
1160 1220 1406 1275 funditus
1443 1221 1619 1292 periit.
1699 1220 1926 1275 Editur:

749 1311 906 1377 οέρετη
943 1312 1001 1364 τὸ
1039 1316 1225 1376 προῖκα
1263 1315 1370 1370 τοῖς
1410 1309 1584 1377 φίλοις
1625 1310 1911 1376 ὑπηρετεῖν.

636 1408 690 1451 B.
751 1398 926 1462 λέγεις
965 1395 1168 1452 ἔσεσθαι
1207 1398 1293 1451 τὸν
1332 1396 1671 1461 Τιθύμαλλον
1704 1395 1966 1450 πλούσιον.

750 1484 1088 1552 εἰσπράξεται
1129 1485 1234 1554 γὰρ
1269 1485 1447 1550 μισθὸν
1487 1485 1544 1537 ἐκ
1583 1489 1672 1539 τοῦ
1714 1489 1803 1539 σοῦ
1842 1483 2002 1549 λόγου

750 1577 873 1642 παρ’
912 1569 982 1645 οἷς
1023 1575 1238 1629 ἐδείπνει
1279 1580 1463 1641 προῖκα
1504 1572 1748 1637 σύλλεξιν
1785 1573 1998 1639 συχνήν.

374 1663 505 1717 haec
554 1678 726 1733 neque
778 1660 951 1716 faceta
1003 1670 1129 1715 sunt
1182 1678 1355 1733 neque
1408 1661 1625 1714 omnino
1684 1660 1976 1732 quidquam
2032 1658 2357 1733 significant.

376 1750 514 1818 Quid
552 1751 781 1814 mirum,
825 1751 869 1802 si
910 1749 1043 1803 haec
1083 1757 1162 1803 est
1200 1765 1324 1802 vera
1364 1748 1551 1803 lectio:

674 1839 717 1892 εἰ
759 1836 1018 1906 πράξεται
1059 1837 1165 1904 γαρ
1205 1838 1382 1901 μισθὸν
1420 1837 1478 1890 ἐκ
1508 1842 1598 1890 τοῦ
1639 1841 1728 1890 σοῦ
1765 1835 1925 1900 λόγου

677 1929 800 1993 παρ’
837 1921 908 1986 οἷς
947 1925 1161 1979 ἐδείπνει
1195 1930 1382 1992 προῖκα
1421 1923 1661 1986 συλλέξει
1701 1923 1892 1991 συχνοί.

372 2031 510 2088 quae
546 2031 649 2068 non
691 2019 850 2084 egent
885 2013 1196 2084 interprete.
1250 2013 1311 2066 In
1353 2010 1543 2066 Codice
1578 2017 1658 2065 est
1694 2010 1963 2075 συλλέξειν
2003 2013 2224 2079 συχνήνε
2266 2011 2361 2083 qui

373 2105 570 2171 συχνήν
610 2101 758 2156 dedit
797 2099 994 2154 sciolus
1039 2116 1163 2154 cum
1200 2107 1386 2168 προῖκα
1424 2098 1711 2170 iungebat,
1755 2099 2069 2154 acutissime
2108 2115 2262 2154 sane:
2305 2106 2361 2154 at

374 2192 466 2245 isti
501 2197 680 2261 tamen
715 2203 1039 2259 quamquam
1077 2186 1213 2240 nihil
1250 2186 1562 2258 intelligunt
1595 2185 1795 2241 formas
1839 2186 2121 2241 verborum
2157 2203 2222 2241 ex
2262 2203 2360 2242 sua

373 2277 594 2332 libidine
633 2275 905 2346 refingunt
939 2276 986 2328 si
1021 2273 1151 2346 quid
1192 2291 1292 2328 non
1333 2276 1464 2329 satis
1500 2291 1624 2329 cum
1675 2274 1870 2328 vicinis
1920 2274 2192 2329 vocabulis
2232 2291 2361 2347 qua-

374 2366 531 2420 drare
570 2363 810 2427 videtur,
850 2362 1182 2434 reliquorum
1224 2369 1277 2416 et
1318 2364 1485 2417 totius
1526 2363 1823 2417 sententiae
1863 2363 2058 2417 securi.
2130 2361 2199 2416 Et
2234 2362 2362 2416 alibi

375 2453 504 2507 talia
554 2452 906 2522 designarunt
946 2457 998 2504 et
1039 2451 1092 2503 in
1127 2450 1404 2521 Euripidis
1444 2450 1619 2504 faceto
1666 2448 1966 2521 fragmento
2017 2450 2130 2519 περὶ
2170 2455 2268 2505 τῶν
2309 2451 2360 2504 ἕν

376 2541 584 2609 Κορίνθῳ
621 2539 876 2607 ἑταιρίδων
914 2538 1055 2610 apud
1093 2537 1363 2592 Pollucem
1405 2537 1494 2592 IX.
1540 2542 1607 2592 75

679 2626 765 2682 καὶ
806 2626 904 2687 τοὶς
942 2627 1038 2692 μὲν
1077 2625 1193 2689 ἄξει
1231 2633 1400 2680 πῶλον
1439 2624 1504 2680 ἂν
1543 2626 1683 2694 διδῷς
1722 2623 1835 2689 ἕνα,

681 2714 781 2775 τοὶς
821 2714 873 2768 δὲ
911 2713 1151 2783 ξυνωρίδ’,
1190 2717 1245 2768 αἱ
1286 2714 1337 2767 δὲ
1379 2713 1508 2768 κοέπὶ
1545 2712 1807 2781 τεσσάρων

678 2807 920 2871 φοιτῶσιν
958 2799 1127 2857 ἵππων
1164 2804 1424 2870 ἀργυρῶν.
1466 2807 1679 2871 φιλοῦσι
1728 2802 1780 2855 δὲ

679 2890 778 2951 τοὶς
819 2889 878 2952 ἐξ
917 2891 1134 2953 Ἀθηνῶν
1172 2891 1445 2959 παρθένους
1481 2886 1605 2944 ὅταν
1644 2889 1776 2959 φέρη

680 2977 903 3039 πολλοίς.
1422 3051 1425 3052 ⁷

377 3069 671 3127 Salmasius
717 3066 874 3136 φέρῃς
923 3083 1020 3137 pro
1070 3067 1201 3137 φέρῃ
1241 3066 1413 3131 dedit,
1454 3082 1613 3137 quem
1658 3081 1842 3118 omnes
1879 3071 2203 3135 sequuntur,
2243 3081 2360 3137 per-

377 3174 587 3231 peram:
629 3172 733 3210 non
770 3155 912 3209 enim
950 3155 1006 3207 in
1046 3153 1238 3208 ultimo
1275 3154 1533 3209 vocabulo
1578 3154 1771 3207 vitium
1811 3158 1894 3207 est
1932 3151 2024 3207 sed
2065 3153 2118 3206 in
2164 3153 2357 3224 primo,

377 3244 685 3316 Legendum
723 3243 865 3296 enim
907 3247 987 3296 est
1026 3245 1237 3311 φιλοῦσι
1273 3242 1325 3295 δὲ
1373 3240 1380 3316 Ι
1423 3243 1509 3296 τὸν
1549 3241 1608 3306 ἐξ
1646 3243 1895 3305 Ἀθηνῶν,
1935 3240 2207 3309 παρθένους
2235 3237 2360 3295 ὅταν

377 3327 774 3404 φέρηπολλοὶς,
815 3335 877 3383 ut
914 3328 1054 3400 apud
1094 3329 1348 3384 Babrium
1387 3335 1468 3384 est
1507 3334 1600 3394 14,
1645 3334 1693 3384 7.

608 3452 609 3456 =
680 3421 702 3473 ὃ
737 3418 782 3472 δ’
816 3415 874 3481 ἐξ
907 3419 1126 3479 Ἀθηνῶν
1166 3417 1349 3484 ἔλεγεν
1387 3421 1452 3481 ὡς
1492 3418 1626 3474 πολὺ
1663 3417 1902 3493 κρείσσων

681 3505 878 3570 Θησεὺς
914 3504 1127 3583 γένοιτο.

379 3598 529 3651 etsie
552 3612 708 3668 saepe
729 3593 879 3652 alibi:
903 3592 1354 3668 quemadmodum
1378 3601 1572 3652 natum¹
1588 3596 1657 3651 sit
1678 3594 1871 3651 vitium
1894 3592 2237 3650 manifestum
2259 3597 2353 3648 est.
