2436 4068
1290 223 1358 274 92

635 370 949 436 ἀσεβοῦντες
986 371 1040 422 οὐ
1080 366 1301 422 διδόασιν
1343 365 1519 425 εὐθέως
1560 366 1734 430 δίκην,

635 459 731 512 τίν’
772 457 1031 523 αἰελούρου
1069 454 1248 521 βωμὸς
1289 454 1601 522 ἐπιτρίψειεν
1635 453 1738 517 ἄνς

337 550 390 599 et
428 545 710 605 verissima
756 551 837 599 est
883 543 1179 597 sententia:
1222 541 1316 612 qui
1366 557 1471 595 non
1526 547 1812 595 contentus
1864 545 1946 595 est
1998 541 2134 594 veris
2178 540 2330 596 bonis

337 640 391 692 et
430 632 653 693 meliora
691 632 902 702 quaerit
943 630 1184 685 invenire
1231 628 1362 683 solet
1401 628 1622 683 malum.

415 718 567 796 Quod
603 717 881 773 Menandri
915 717 1281 788 fragmentum
1327 717 1561 771 servavit
1599 715 1832 790 Etymol.
1867 715 1935 771 M.
1981 732 2030 787 p.
2064 720 2165 780 45,
2204 719 2292 770 25.

639 807 796 876 ὁρᾷςς
837 807 1033 879 ἀκαρὴς
1075 804 1469 875 παραπόλωλας
1510 804 1695 878 ἀρτίως

341 896 416 955 ita
455 882 852 953 restituendum
893 892 1134 948 videtur:

642 982 797 1051 ὅρᾷςς
841 982 965 1050 παρ’
1003 982 1171 1048 οὶκαρῆ
1206 981 1311 1048 γὰρ
1351 979 1637 1041 ἀπόλωλας
1670 979 1874 1047 οέρτίως.

416 1070 582 1124 Docet
619 1069 927 1124 Demetrius
963 1068 1077 1135 περὶ
1119 1068 1385 1137 ἑρμηνείαις
1429 1066 1468 1140 S
1508 1070 1634 1121 194.
1682 1064 1758 1121 ὅτι
1813 1066 2100 1134 Μένανδρον
2142 1066 2338 1134 ὑποκρί-

343 1178 511 1223 νονται
566 1157 848 1224 λελυμένον
901 1159 952 1211 ἒν
987 1163 1094 1218 τοῖς
1150 1156 1420 1219 πλείςοις,
1461 1156 1730 1220 Φιλήμονα
1769 1154 1821 1209 δὲ
1875 1156 2336 1220 ἀναγινώσκουσιν,

345 1243 537 1299 deinde
576 1243 723 1299 hunc
779 1243 1058 1299 Menandri
1096 1241 1433 1298 versiculum*
1483 1240 1640 1296 affert
1696 1241 2043 1318 παράδειγμα
2089 1239 2166 1296 ὅτι
2222 1243 2340 1295 ὑπο-

342 1334 561 1401 κριτικὸν
602 1335 631 1396 ἧ
671 1333 851 1394 λύσις·

646 1418 937 1486 ἐδεξάμην,
978 1418 1210 1484 ἔτικτον,
1249 1418 1513 1487 ἕκτρέφω,
1552 1417 1700 1487 φίλε.

345 1508 540 1574 melius
576 1508 738 1563 etiam
773 1507 1078 1580 apparebit,
1119 1508 1165 1562 si
1199 1522 1296 1578 pro
1329 1506 1458 1576 φίλε
1501 1503 1871 1559 emendaveris
1901 1510 2059 1575 φιλῶ.

418 1597 539 1652 Dici
585 1597 784 1651 Graece
823 1613 927 1650 non
970 1601 1145 1668 potest
1184 1593 1326 1666 quod
1366 1592 1721 1649 Menandrum
1762 1593 2059 1648 Meinekius
2098 1592 2224 1648 fecit
2263 1592 2340 1647 di·

346 1691 581 1740 centem:
621 1688 711 1740 οὐκ
740 1684 814 1742 ἔςι
848 1684 954 1752 γὰρ
993 1684 1308 1751 γλυκύτερον
1344 1682 1374 1745 ἢ
1411 1681 1569 1737 πάντ’
1598 1681 1816 1743 εἰδέναι,
1861 1682 2161 1752 requiritur
2196 1683 2339 1736 enim

346 1775 436 1828 οὐκ
478 1772 555 1831 ἔςι
599 1773 704 1841 γαρ
760 1772 1074 1839 γλυκύτερον
1126 1771 1281 1826 οὐδέν.
1360 1769 1533 1824 Locus
1571 1785 1602 1823 a
1639 1767 1828 1822 multis
1874 1767 2126 1823 laudatus
2164 1785 2340 1824 emen-

347 1861 470 1916 date
509 1862 744 1932 scriptus
792 1867 873 1913 est
927 1860 983 1914 in
1019 1859 1291 1922 Ciceronis
1333 1857 1574 1929 Epistola
1610 1855 1680 1911 ad
1709 1856 1951 1911 Atticum
1987 1857 2075 1912 IV.
2124 1862 2227 1922 11,
2266 1858 2344 1911 ni·

346 1949 391 2002 si
434 1947 576 2024 quod
614 1949 718 2007 ἐςιν
757 1946 984 2002 excidit:
1025 1945 1311 2017 legendum
1353 1945 1532 2000 enim:

649 2037 786 2091 οὐδὲν
825 2034 1142 2107 γλυκύτερόν
1178 2035 1283 2093 ἕςιν
1319 2034 1349 2097 ἢ
1385 2031 1543 2088 πάντ’
1585 2031 1787 2089 εἰδέναι.

420 2124 489 2178 111
514 2124 797 2188 sententiis
831 2123 1182 2178 monostichis
1215 2121 1386 2180 multa
1416 2126 1708 2194 supersunt
1746 2118 2088 2191 corrigenda,
2129 2119 2195 2175 de
2226 2121 2339 2193 qui-

347 2211 450 2269 bus
488 2211 598 2266 duo.
633 2218 848 2267 tantum
890 2228 1036 2266 nunc
1076 2210 1334 2265 delibabo·
1414 2209 1476 2263 In
1516 2225 1595 2262 vs,
1633 2211 1760 2262 459.
1803 2206 2015 2264 editur:

652 2299 812 2360 οὐδεὶς
845 2304 945 2366 πῦρ
983 2301 1054 2366 εἷς
1094 2299 1356 2366 χρήματα
1400 2297 1560 2357 διδοὺς
1600 2296 1907 2359 ἐπαύσατο,

349 2385 512 2441 verba
547 2402 710 2440 sensu
741 2403 939 2441 vacua:
982 2385 1208 2441 emenda
1237 2385 1397 2448 οὐδεὶς
1434 2383 1697 2451 πυρέττων
1735 2385 1996 2452 χρήματα
2031 2383 2143 2446 δοὺς
2182 2384 2342 2439 ε’παύ·

347 2495 476 2530 σατο
498 2516 513 2539 ,
554 2473 867 2529 violentiore
906 2473 1177 2529 medicina
1213 2474 1268 2527 in
1304 2471 1456 2538 foeda
1490 2471 1794 2542 corruptela
1825 2477 1942 2526 erat
1978 2488 2130 2543 opus,
2211 2471 2341 2525 Con-

348 2570 435 2618 tra
475 2579 579 2617 non
614 2567 694 2617 est
733 2561 913 2616 lenius
950 2560 1282 2625 remedium,
1324 2577 1487 2632 quam
1519 2576 1624 2630 quo
1663 2575 1742 2613 vs,
1766 2563 1894 2623 464,
1935 2560 2115 2621 sanari
2152 2565 2341 2634 potest.¹

653 2651 775 2718 πρὸς
815 2647 871 2706 εὖ
910 2651 1168 2715 λέγοντας
1209 2649 1349 2713 οὐδὲν
1388 2651 1653 2714 οὶντειπεῖν
1693 2646 1818 2726 ἔχω.
2163 2635 2165 2639 ’

349 2739 404 2803 in
445 2746 841 2806 ΛΕΓΟΝΤΑΣ
881 2737 1078 2792 latebat
1119 2737 1348 2815 λέγοντα
1390 2741 1456 2791 σ’.

428 2825 489 2893 1¹¹
522 2825 798 2893 Menandri
832 2825 1025 2897 fragm.
1062 2824 1206 2897 apud
1245 2824 1438 2880 Athen.
1468 2824 1558 2878 IX.
1602 2827 1728 2878 585.
1765 2823 1828 2877 E.

1085 2912 1432 2980 ἐπιθυμιάσας
1467 2913 1537 2980 τῷ
1577 2911 1732 2981 Βορέα
1769 2910 1890 2966 ἴδιον

807 3001 1015 3070 σ’ψοέριον
1054 3002 1191 3056 οὐδὲν
1228 3000 1457 3067 ἔλαβον,
1496 3001 1670 3066 ἑψήσω
1710 3004 1905 3067 φακῆν.

357 3089 525 3144 miror
564 3087 790 3143 Dobraei
841 3091 1140 3154 rationem,
1181 3089 1274 3160 qui
1313 3090 1384 3156 τῷ
1436 3087 1591 3156 Βορέα
1640 3087 1863 3157 κρεᾴδιον
1920 3085 2245 3141 rescribebat
2294 3095 2346 3147 et

358 3175 683 3242 Meinekium
724 3177 855 3231 haec
896 3178 972 3243 ita
1022 3176 1373 3249 probantem,
1413 3183 1476 3228 ut
1528 3173 1639 3229 ἐπεὶ
1689 3173 1936 3236 θυσιασας
1993 3174 2344 3231 substitueret

358 3280 455 3334 pro
495 3263 839 3331 ἐπιθυμιάσας
861 3307 879 3331 ,,
934 3265 1087 3336 quasi
1129 3281 1253 3319 vero
1299 3263 1524 3333 κρεᾴδιον
1564 3262 1838 3327 ἐπιθυμιῶν
1892 3261 1997 3316 dici
2045 3263 2210 3333 possit
2250 3271 2346 3318 aut

359 3352 586 3420 κρεᾴδιον
639 3351 770 3417 θύειν
826 3353 907 3407 vel
956 3351 1224 3421 θυσιάζειν.
1305 3350 1480 3411 Verba
1520 3357 1648 3405 sunt
1695 3349 2009 3421 pauperculi
2059 3352 2344 3421 piscatoris

359 3439 450 3508 qui
488 3455 545 3493 se
582 3437 785 3499 frustra
826 3439 1021 3501 Boreae
1060 3439 1344 3494 adolevisse
1383 3438 1630 3509 queritur
1658 3469 1733 3478 —
1766 3436 1895 3508 quid
1931 3437 2129 3508 igitur?
2169 3437 2347 3494 thuris.

358 3526 783 3596 aliquantulum,
825 3526 985 3599 idque
1020 3528 1195 3598 ipsum
1230 3527 1353 3581 olim
1387 3525 1658 3581 Bentleius
1679 3525 1879 3596 reperit
1900 3526 2245 3591 ἐπιθυμιάσας
2268 3560 2342 3568 -—

357 3614 672 3679 λιβανίδιον,
729 3615 781 3668 in
825 3631 928 3685 quo
983 3616 1182 3685 optime
1234 3616 1650 3687 acquiescemus.
1732 3613 1931 3684 Nempe
1982 3613 2076 3668 hos
2118 3613 2344 3676 honores
2392 3597 2398 3604 ¹
