2436 4068
1324 190 1428 239 772

388 337 513 402 μιάν
559 335 868 403 προτιθέναι,
910 332 1155 402 sequitur
1195 331 1458 391 θάνατος
1513 331 1636 404 (ηοη
1679 332 1917 405 θανάτου)
1961 333 2121 400 ζημία
2163 336 2354 403 πρόκει·

388 446 473 479 ται
517 423 713 478 Graece
754 421 858 472 diei
901 426 952 472 et
994 435 1023 471 a
1066 418 1376 490 Thucydide
1419 418 1621 472 dictum
1666 436 1795 474 esse.

466 512 523 564 In
567 510 652 564 IV.
698 511 800 560 22:
858 508 899 560 εἷ
946 506 997 559 δέ
1046 528 1123 567 τις
1177 509 1319 560 τοῦτ’
1360 508 1649 572 ἐνθυμεῖται
1703 510 1778 567 ὡς
1820 509 2024 562 ἐπειδὰν
2063 512 2242 565 πολλοὶ
2284 514 2356 580 ἐρ·

389 599 554 664 >solvas
611 595 857 660 γένωνται
907 594 1087 648 πολλοὶ
1138 599 1425 662 φανοῦνται
1480 595 1565 648 καὶ
1608 597 1650 648 οἱ
1701 595 2098 662 μισθωσάμενοι,
2154 599 2228 651 ita
2269 599 2355 654 de·

389 703 534 740 mum
579 682 843 752 intelliges
879 681 1007 752 quid
1049 681 1191 735 dicat
1227 682 1517 753 Xenophon
1558 682 1601 734 si
1652 699 1748 752 pro
1786 686 1849 743 ὡς
1893 686 2192 754 reposueris
2227 688 2354 747 πῶς.

392 773 708 843 Suspicatur
741 771 882 823 enim
924 768 1035 823 fore
1076 771 1165 840 qui
1207 771 1279 823 ita
1337 788 1515 824 seeum
1556 771 1825 839 cogitent:
1883 778 2002 831 πῶς
2057 773 2144 827 καὶ
2184 776 2226 827 οἱ
2272 795 2357 839 μι-

388 860 686 925 σθωσάμενοι
747 858 926 911 πολλοὶ
984 862 1295 926 φανοῦνταις
1337 875 1472 929 quae
1513 857 1808 911 dubitantis
1845 860 2014 912 oratio
2055 867 2134 914 est
2175 870 2226 914 et
2266 862 2357 915 ob-

388 949 639 1003 iicientis.

483 1036 675 1089 Contra
718 1033 1037 1088 sententiam
1095 1033 1294 1104 legitur
1329 1033 1416 1087 IV.
1625 1033 1732 1088 οέπό
1787 1055 1852 1099 γε
1900 1037 2001 1100 μὴν
2052 1037 2230 1090 τούτου
2270 1042 2356 1092 τοῦ
2390 1041 2399 1074 V

390 1126 600 1192 αριθμου
641 1124 697 1186 ἢν
730 1122 909 1188 ὀβολὸν
947 1119 1128 1183 έκαςος
1164 1125 1330 1185 ατελῆ
1366 1130 1458 1185 τῆς
1499 1125 1594 1187 ἧμ,
1579 1123 1690 1189 ’ρας
1730 1124 1885 1192 φέρη
1928 1127 1955 1187 ἦ
1994 1125 2087 1189 μὲν
2129 1120 2407 1194 πρόσοδοςξῇ

391 1212 636 1276 ἑξήκοντα
672 1210 916 1265 ταλαντα
951 1215 1040 1264 τοῦ
1075 1212 1323 1265 ἐνιαυτοῦ.
1403 1210 1600 1281 Nempe
1629 1212 1776 1276 ὅβο)
1759 1231 1809 1264 ον
1849 1212 2067 1279 φέρειν
2109 1220 2199 1275 τῆς
2241 1214 2359 1278 ἧμέ·
2391 1205 2436 1303 l·

391 1321 481 1368 ρας
522 1308 600 1354 est
642 1317 840 1352 merere
876 1299 929 1350 in
971 1297 1110 1352 diem
1154 1298 1390 1362 obolum,
1433 1304 1492 1352 ut
1528 1305 1711 1352 notum
1756 1306 1836 1352 est
1870 1306 1921 1353 et
1960 1299 2146 1353 multis
2188 1317 2360 1354 exem·
2395 1322 2436 1383 J}

392 1388 494 1460 plis
546 1404 707 1458 supla
763 1385 1109 1439 ostendimuS.
1190 1387 1356 1453 Φέρειν
1410 1387 1627 1451 ὀβολόν,
1684 1387 1761 1441 δύ’
1802 1388 2001 1453 ὀβολώ,
2054 1389 2402 1454 τριώβολον,

393 1477 669 1543 δραχμήν,
712 1474 793 1528 δύο
833 1473 1078 1540 δραχμας
1121 1481 1171 1527 et
1214 1474 1411 1527 similia
1452 1475 1630 1527 omnia
1670 1481 1980 1529 constanter
2014 1475 2077 1529 ab
2117 1475 2363 1530 omnibus
2391 1454 2436 1547 ξ”ἐ

394 1564 651 1618 dicuntur
677 1561 740 1615 de
764 1561 994 1614 mercede
1035 1568 1128 1614 aut
1168 1562 1454 1631 scipendw,
1493 1561 1631 1633 quod
1667 1563 1788 1632 quis
1826 1572 2052 1627 mereat,
2095 1571 2155 1617 ut
2192 1565 2366 1629 μισθὸν
2390 1555 2436 1607 l·

393 1653 580 1722 φέρειν.
661 1649 816 1703 Certa
855 1656 907 1702 et
947 1648 1247 1702 indubitata
1291 1666 1375 1702 res
1424 1657 1519 1703 est.
1601 1649 1738 1716 Quid
1785 1650 1952 1720 igitur
2000 1649 2098 1704 hoo
2139 1651 2254 1704 loco
2294 1649 2366 1705 sa·
2391 1611 2436 1714 ³3}

395 1739 640 1795 oiemus?
702 1737 1056 1792 Retrahemus
1098 1754 1124 1791 e
1166 1736 1290 1807 suga
1342 1738 1824 1808 praepositionem,
1881 1739 2035 1792 cuius
2084 1738 2217 1809 sigla
2258 1755 2366 1794 sae·
2392 1740 2436 1821 ᾖ·

394 1829 612 1900 pissime
663 1827 968 1896 sequiorum
1025 1832 1329 1896 temporum
1383 1825 1586 1879 scribas
1638 1826 1692 1878 in
1741 1843 1975 1880 errorem
2030 1827 2276 1898 impulit,
2317 1833 2399 1882 et
2395 1806 2436 1901 335,

394 1916 718 1971 setibemus:
761 1915 787 1977 ἢ
824 1913 1052 1980 ἅβολον
1038 1911 1219 1974 έκαςος
1253 1922 1344 1976 τῆς
1385 1915 1574 1981 ἡμέρας
1613 1917 1779 1977 ατελῆ
1821 1916 2177 1984 προσφέρῃ.
2260 1915 2411 1970 Hoe':¹

396 2007 538 2059 enim
578 2003 795 2057 verbum
839 2010 947 2065 est,
990 2019 1092 2073 quo
1137 2004 1186 2055 in
1234 2003 1323 2055 tali
1363 2019 1416 2056 re
1460 2008 1688 2056 utuntur
1710 2020 1893 2056 omnes
1931 2003 2177 2074 quodque
2212 1999 2436 2062 verbor.

394 2092 647 2162 προσιέναι
681 2099 732 2145 et
768 2092 969 2144 nomini
1005 2090 1238 2157 πρόσοδος
1277 2090 1574 2161 respondet.
1641 2092 1810 2145 Tanta
1845 2099 1925 2145 est
1963 2091 2157 2162 ubique
2194 2108 2366 2146 exem·
2412 2095 2436 2160 ζ

395 2182 601 2253 plorum
647 2179 944 2250 frequentia
988 2186 1046 2232 ut
1085 2181 1170 2232 vix
1219 2196 1350 2249 opus
1392 2180 1460 2232 sit
1506 2196 1669 2232 unum
1724 2186 1777 2233 et
1817 2179 2043 2234 alterum
2088 2197 2366 2251 apponere.

394 2270 455 2324 In
511 2269 608 2323 hoe
663 2269 777 2339 ipso
831 2266 1004 2320 libello
1047 2266 1132 2319 IV.
1182 2271 1264 2320 15.
1334 2267 1640 2320 simillimus
1684 2267 1829 2321 loeus
1886 2275 1998 2321 est:
2059 2268 2262 2332 ἐγένετο
2321 2269 2371 2322 δὲ

396 2358 480 2411 καὶ
523 2357 790 2425 Ἱππονίκῳ
832 2355 1076 2418 ἑξακόσια
1115 2355 1446 2422 ἀνδράποδα,
1503 2352 1538 2408 οἳ
1590 2356 1966 2424 προσέφερε
2024 2378 2158 2421 μναν
2205 2359 2410 2419 οΞτελῆ

395 2452 486 2507 τῆς
529 2444 736 2510 ἡμέρας.
819 2444 930 2498 Cur
969 2443 1089 2511 πρός
1131 2442 1373 2496 excidere
1415 2443 1578 2497 soleat
1629 2444 1840 2514 saepius
1896 2442 2257 2498 ostendimus:

396 2551 505 2604 rep.
546 2531 847 2585 Lacedaem.
881 2533 918 2586 Ι.
951 2535 1001 2585 9.
1045 2530 1247 2584 videbis
1281 2531 1642 2584 necessarium
1682 2532 2106 2598 προσλαμβανειν
2141 2533 2195 2585 in
2231 2461 2370 2597 λαμῃ

397 2621 576 2686 βανειν
629 2619 768 2691 apud
822 2619 1104 2674 Stobaeum
1155 2618 1503 2689 depravatum
1555 2636 1685 2674 esse.
1769 2620 1856 2674 Sio
1897 2627 1948 2673 et
1997 2618 2134 2691 apud
2157 2620 2436 2734 ”³¹¹¹‘3'}

400 2710 642 2763 sthenem
686 2725 803 2779 pag.
848 2712 1019 2771 1168,
1062 2711 1160 2761 25:
1200 2705 1448 2774 ἐξαίφνης
1488 2707 1642 2771 λόγον
1682 2729 1766 2773 μοι
1809 2708 2111 2776 προσφέρει,
2154 2708 2207 2760 in
2251 2707 2368 2761 aliis
2400 2727 2423 2807 ᾖ

398 2798 587 2850 vitiose
625 2796 768 2863 φέρει
811 2795 1035 2866 legitur,
1077 2802 1128 2849 et
1169 2801 1249 2848 est
1290 2793 1388 2846 hoc
1431 2796 1623 2849 vitium
1660 2795 1943 2850 admodum
1984 2795 2269 2866 frequens,
2312 2801 2370 2849 ut
2402 2810 2419 2862 ’ς

401 2884 613 2954 saepius
658 2883 1005 2937 ostendimus
2401 2859 2422 2970 Ξ

477 2972 533 3025 In
575 2971 664 3025 IV.
708 2975 804 3024 51:
847 2972 1000 3025 οὐδενι
1041 2976 1139 3025 τῶν
1179 2971 1602 3038 παρεληλυθότων
1643 2973 1870 3037 ἐοικός,
1912 2988 2096 3026 verum
2137 2988 2251 3026 esse
2292 2972 2365 3025 vi-
2401 2974 2422 3048 εξ

402 3060 560 3114 detul
597 3058 768 3113 ἔοικεν.
850 3058 962 3111 Non
1005 3065 1085 3112 est
1138 3058 1355 3112 ferenda
1411 3059 1464 3111 in
1522 3059 1903 3130 §41.sorma
1958 3059 2370 3124 ἕννοησατωσαν,
2401 3049 2421 3124 ’ἓ

400 3164 573 3218 neque
602 3147 663 3200 V.
697 3152 746 3200 5.
788 3145 1069 3215 utrobique
1111 3147 1348 3200 Atticum
1383 3147 1719 3210 ἐννοησοὲντων
1760 3164 1989 3218 repone,
2031 3147 2170 3218 quod
2211 3164 2369 3218 quam
2402 3125 2419 3200 i

399 3233 553 3288 facile
594 3235 647 3287 in
687 3235 876 3288 vitium
931 3233 1178 3287 flectatur
1219 3251 1373 3306 saepe
1427 3236 1752 3289 monuimus,
1831 3235 1888 3287 In
1933 3235 2020 3288 IV.
2064 3240 2155 3290 41.
2199 3253 2262 3289 ne
2304 3235 2373 3289 le·
2404 3223 2417 3290 ᾗ

399 3324 547 3393 gitur
587 3322 802 3393 quidem
841 3323 892 3374 in
935 3319 1091 3374 Godd.
1135 3321 1546 3385 ἐννοησοὲτωσαν,
1591 3322 1682 3376 sed
1731 3322 2027 3384 ἐννοησάτω.
2108 3323 2165 3376 ln
2212 3325 2240 3392 §
2280 3326 2366 3376 46.
2410 3324 2416 3341 ²

397 3411 624 3481 repetita
678 3410 878 3483 syllaba
935 3407 1312 3463 scribendum:
1363 3417 1467 3471 πῶς
1511 3411 1561 3464 δὲ
1616 3409 1701 3463 καὶ
1756 3412 2025 3478 ὁρμήσειαν
2080 3410 2183 3483 (ἄν)
2242 3431 2364 3464 ποτε

398 3498 631 3563 πολέμιοι
681 3500 801 3566 πρὸς
855 3499 925 3551 τα
966 3496 1254 3562 μέταλλα;
1317 3497 1376 3551 In
1421 3501 1448 3568 §
1493 3501 1579 3551 47.
1635 3501 1959 3555 correxerim
2010 3500 2138 3560 εἰκὸς
2179 3499 2362 3559 αὐτοὺς

400 3587 798 3650 ἀπολέσθαι,
841 3603 933 3657 pro
977 3585 1324 3640 ἀπόλλυσθαι.
