2436 4068
1275 252 1379 302 424

356 402 452 456 vn.
496 405 547 454 5.
607 395 1034 466 προλέγομεν
1089 394 1209 458 ὑμῖν
1261 394 1533 447 ἀπιέναι
1593 397 1650 449 ἐκ
1708 401 1798 456 τῆς
1849 397 2060 464 χώρας,
2119 401 2172 449 et
2226 403 2342 466 post

365 505 536 561 pauca
593 490 744 559 §15.
801 488 960 536 καλεῖ
1014 482 1203 540 αὐτοὺς
1252 486 1516 548 προερῶν
1563 483 1835 537 (ἐπιέναι
1888 485 1945 537 ἐκ
1983 488 2076 544 τῆς
2129 484 2340 550 χώρας,

360 583 417 631 et
457 576 495 628 I.
537 591 591 627 11.
637 578 686 626 7.
736 573 778 625 οἱ
816 571 869 624 δὲ
923 571 1098 622 ταῦτα
1152 576 1459 635 προεῖπον
1513 577 1618 630 τοῖς
1662 572 1987 638 ςρατιώταις.
2068 570 2234 642 Saepe
2272 570 2342 624 le·

363 664 511 734 gitur
551 657 908 727 προαγορεύειν
947 657 1043 710 τινὶ
1086 656 1338 721 θάνατον,
1380 658 1643 724 πόλεμον,
1687 659 1906 723 δεσμόν,
1947 658 2128 713 eodem
2181 673 2344 712 sensu

363 749 504 820 apud
557 745 970 802 Demosthenem
1018 751 1099 797 est
1148 762 1199 816 p.
1237 750 1376 808 719,
1422 750 1510 801 25.
1552 749 1595 800 οἱ
1651 745 1788 812 νόμοι
1828 747 2012 813 δεσμὸν
2064 746 2341 814 προλέγον·

366 858 464 891 σιν.
544 835 632 890 Sic
668 833 870 888 dicitur
911 839 1147 900 προεῖπεν
1181 832 1256 887 ὅτι
1290 836 1354 894 ὡς
1398 835 1662 900 πολεμίοις
1702 836 1992 903 χρήσεται,
2032 833 2107 889 ὅτι
2151 834 2345 895 πάντες

364 926 738 980 ἀποθανοῦνται
777 927 831 975 et
873 921 994 975 sim.
1038 919 1131 974 sed
1179 938 1335 975 nemo
1382 939 1638 993 umquam
1687 922 1777 975 illo
1799 922 1970 983 „verbo
2009 923 2211 987 utitur,
2255 922 2344 976 ubi

367 1015 456 1067 cui
491 1012 788 1083 praemium
825 1015 920 1063 aut
968 1026 1166 1062 merces
1210 1011 1546 1080 proponitur.
1626 1009 1793 1064 Credo
1827 1011 2110 1082 irrepsisse
2154 1010 2348 1064 emble·

372 1118 458 1155 ma
504 1116 568 1154 ex
611 1101 764 1165 521,
804 1096 1034 1162 ἔγνωσαν
1073 1098 1114 1150 οἱ
1152 1103 1431 1164 ςρατιῶται
1475 1095 1550 1152 ὅτι
1596 1100 1735 1159 κενὸς
1787 1100 1810 1152 ὃ
1849 1099 2018 1168 φόβος
2062 1099 2139 1162 εἴη
2181 1098 2268 1152 καὶ
2303 1099 2346 1154 οἱ

365 1188 615 1257 ἄρχοντες
669 1187 818 1254 σῷοι,
861 1191 1008 1239 recte
1047 1183 1101 1237 id
1151 1184 1227 1238 illi
1273 1184 1487 1256 quidem
1530 1202 1592 1239 ex
1632 1187 1746 1257 ipso
1785 1187 2083 1255 κηρύγματι
2138 1185 2349 1256 collige·

368 1277 528 1331 bant:
586 1276 687 1335 “Oc
731 1274 794 1328 ἂν
829 1305 906 1313 -—
943 1272 1172 1340 μηνύση,
1212 1273 1443 1340 λήψεται
1491 1273 1750 1328 τάλαντον
1791 1275 2047 1342 ἀργυρίου.

447 1366 505 1419 In
548 1364 734 1418 11.111.
795 1364 879 1415 16.
938 1361 1220 1414 verissima
1274 1361 1432 1415 lectio
1491 1361 1782 1425 ἐξηυαίνετο
1842 1380 1872 1417 a
1922 1363 2154 1417 Porsono
2211 1378 2350 1415 com·

372 1452 626 1507 menduta
682 1449 862 1505 nescio
913 1447 1176 1519 quomodo
1214 1448 1492 1521 repudiata
1534 1457 1615 1504 est
1668 1451 1724 1504 in
1769 1451 1978 1506 verbis:
2035 1452 2056 1505 ὅ
2094 1451 2146 1506 δὲ
2181 1448 2357 1519 φοίνιξ

372 1539 479 1595 ὅθεν
518 1538 791 1606 ἐξαιρεθείη
846 1538 868 1590 ὃ
922 1537 1222 1606 ἐγκέφαλος
1271 1535 1385 1598 ὅλος
1436 1537 1747 1601 ἐξηυαίνετο.
1830 1540 1993 1594 Recte
2054 1540 2354 1593 Porsonus:

378 1654 400 1678 2>
420 1627 619 1682 Tardus
658 1625 726 1679 sit
766 1632 961 1695 oportet
994 1625 1085 1696 qui
1121 1633 1368 1695 quantam
1415 1626 1518 1680 vim
1558 1627 1716 1681 addat
1762 1628 2071 1700 praepositio
2110 1644 2206 1680 non
2245 1645 2355 1681 sen·

375 1716 523 1774 tiat.''
605 1714 663 1767 In
706 1711 860 1766 libris
901 1719 982 1766 est
1032 1711 1353 1779 ἕξηραίνετο,
1407 1713 1471 1768 de
1513 1731 1618 1785 quo
1657 1722 1710 1769 et
1750 1716 1899 1787 ipse,
1955 1716 2116 1770 sicuti
2172 1716 2356 1769 Porso-

377 1821 506 1864 nus,
550 1800 736 1856 dubito
778 1800 1049 1871 »ylossane
1082 1802 1150 1854 sit
1183 1820 1250 1854 an
1290 1819 1442 1856 verae
1477 1802 1710 1857 lectionis
1747 1804 2100 1875 depravatio.''
2179 1803 2358 1857 Potest

377 1909 493 1946 esse
552 1889 765 1960 glossa,
826 1887 1280 1963 quemadmodum
1349 1887 1440 1942 ubi
1495 1888 1719 1945 affertur
1790 1891 2184 1946 Heracliteum:
2245 1891 2357 1953 Αὔη

377 1981 530 2047 ψυχὴ
572 1976 855 2047 σοφωτάτη
898 1976 1104 2031 scribae
1141 1975 1302 2030 dant:
1345 1977 1444 2038 αὕη
1481 1976 1603 2046 ξηρὴ
1643 1981 1815 2047 ψυχή.
1896 1979 2000 2034 Sed
2037 1987 2209 2052 potest
2246 1996 2361 2033 esse

375 2062 580 2122 librarii
622 2065 1004 2128 hallucinatiO,
1046 2065 1172 2135 quia
1211 2073 1254 2118 T
1296 2070 1349 2118 et
1385 2074 1421 2118 P
1465 2071 1575 2120 tam
1618 2068 1807 2122 crebro
1846 2067 2268 2122 confunduntur.

453 2154 587 2209 Male
628 2153 851 2208 Suidam
887 2153 1057 2206 secuti
1098 2151 1342 2206 homines
1395 2152 1537 2208 docti
1595 2156 1787 2210 vitium
1832 2156 2150 2210 invexerunt
2198 2157 2250 2210 in
2293 2155 2358 2210 ll.

378 2261 452 2305 ιιι.
501 2246 585 2296 18.
640 2242 751 2305 ἐπεὶ
794 2243 934 2306 ὑμᾶς
991 2237 1116 2294 εἶδον
1165 2242 1236 2300 εἷς
1296 2242 1472 2295 πολλοὶ
1520 2243 1709 2316 [κακὰ]
1759 2243 1847 2298 καὶ
1887 2245 2151 2312 ἀμήχανα
2200 2246 2360 2310 ἐμπε-

382 2330 692 2392 πτωκότας,
733 2329 824 2383 ubi
861 2328 1003 2382 κακοὶ
1046 2329 1343 2382 resecueris
1382 2329 1530 2384 locus
1569 2332 1890 2386 sanissimus
1924 2332 2044 2386 erit.

457 2417 857 2488 Ludimagistro
897 2424 950 2471 et
989 2415 1270 2486 discipulis
1310 2416 1472 2488 (ligna
1512 2419 1955 2474 annotatiuncula
1997 2436 2061 2474 ex
2101 2436 2191 2473 ora
2238 2419 2362 2474 libri

386 2506 681 2560 insinuavit
722 2522 837 2560 sese
892 2505 947 2558 in
988 2505 1054 2558 ΙΙ.
1098 2521 1171 2557 111.
1220 2509 1303 2558 19.
1360 2505 1610 2572 συνέμιξα
1657 2508 1882 2573 βασιλεῖ
1917 2509 1965 2561 ἐν
2015 2510 2084 2575 τῷ
2140 2509 2364 2576 ὑμετέρῳ

386 2595 680 2662 ςρατοπὲδῳ
739 2592 877 2666 [ἔνθα
919 2593 1174 2657 βασιλεὺς
1214 2594 1437 2661 ἀφίκετο
1479 2594 1591 2648 ἐπεὶ
1639 2600 1795 2663 Κῦρον
1832 2596 2189 2669 οὶπέκτεινεν],
2229 2613 2364 2668 quae

387 2699 545 2736 nemo
597 2680 754 2737 facile
807 2679 1162 2735 desiderasset
1211 2697 1428 2745 eorum,
1490 2683 1580 2753 qui
1635 2691 1751 2737 tum
1807 2685 2216 2756 Tissaphernem
2276 2702 2365 2738 au-

390 2770 642 2834 diebant,
699 2776 792 2823 aut
843 2785 986 2822 nunc
1040 2767 1365 2824 desiderabit
1418 2771 1703 2842 quisquam
1761 2773 1851 2843 qui
1911 2772 2100 2844 legerit
2158 2771 2280 2825 libri
2327 2773 2365 2825 1.

377 2874 502 2928 cap.
537 2875 586 2911 x.

460 2945 742 2999 Intercidit
783 2947 963 3000 nescio
1003 2947 1267 3018 quomodo
1301 2948 1619 3002 vocabulum
1658 2947 1722 3001 ad
1762 2965 1973 3002 sensum
2016 2964 2237 3019 prorsus
2276 2964 2364 3002 nc-

380 3034 681 3088 eessarium
722 3034 787 3087 II.
830 3052 897 3088 lv.
942 3040 992 3088 5.
1048 3037 1150 3101 ἐγὼ
1191 3038 1502 3101 ἐνθυμοῦμαι
1543 3037 1638 3101 μὲν
1679 3037 1765 3090 καὶ
1801 3041 1975 3090 ταῦτα
2007 3036 2209 3098 πάντα,
2255 3052 2365 3089 cor-

385 3124 501 3193 rige
536 3122 622 3175 καὶ
669 3121 866 3194 (αὐτὸς)
921 3127 1096 3177 ταῦτα
1151 3125 1366 3186 πάντα,
1425 3123 1873 3194 quemadmodum
1926 3141 2108 3179 omnes
2164 3125 2218 3177 in
2275 3123 2365 3178 tali

381 3227 440 3265 re
480 3216 533 3265 et
567 3209 766 3264 Graece
801 3215 854 3262 et
895 3209 1080 3264 Latine
1122 3211 1293 3265 solent
1334 3211 1528 3265 dicere.

458 3299 746 3352 Immemor
788 3298 948 3367 patrii
991 3300 1254 3351 sermonis
1297 3298 1584 3370 Xenophon
1635 3298 1738 3351 suit
1777 3316 1941 3370 quum
1998 3300 2256 3355 scriberet
2297 3300 2360 3353 ll.

385 3405 452 3440 lv.
506 3390 592 3441 25.
653 3384 1046 3464 καιέπιςήσας
1102 3388 1158 3439 τὸ
1221 3388 1403 3439 ἑαυτοῦ
1460 3388 1732 3453 ςροὶτευμα
1807 3389 2361 3455 παρερχομένους

381 3476 494 3535 τοὺς
531 3474 798 3535 Ἕλληνας
840 3473 1043 3538 ἐθεώρει.
1124 3473 1288 3528 Nemo
1328 3475 1470 3527 enim
1514 3475 1816 3528 Atticorum
1862 3475 2071 3529 dicebat
2111 3476 2363 3543 παρερχό-

380 3584 528 3630 μενος
565 3562 656 3616 sed
708 3562 896 3629 παριών
937 3578 1156 3626 omnes,
1212 3579 1382 3637 neque
1423 3561 1663 3629 ἔρχεσθαι
1722 3569 1815 3616 aut
1863 3564 2127 3631 ἠρχόμην,
2178 3564 2359 3632 ἔρχου,

380 3651 623 3719 ἐρχοίμην
677 3659 768 3706 aut
828 3650 1091 3718 ἔρχωμαι,
1154 3657 1202 3705 et
1267 3651 1398 3704 nihil
1457 3657 1667 3722 praeter
1728 3652 1898 3721 ipsum
1962 3653 2180 3721 ἔρχομαι
2242 3667 2363 3706 cum
