2436 4068
1350 226 1410 242 ιῑυ

1347 226 1454 275 000

409 387 507 443 pra
542 368 795 423 nonnulla
834 366 1077 438 exempla
1110 366 1377 420 dedimus,
1461 367 1617 437 Apud
1658 367 2065 423 Demosthenem
2110 387 2226 442 pag.
2257 375 2388 436 100,

413 462 498 512 12.
543 462 732 524 πρῶτον
770 454 864 520 μὲν
920 455 977 516 δὴ
1028 458 1176 508 τοῦτο
1231 455 1310 507 δεῖ
1347 454 1522 508 Codex
1579 455 1614 508 S
1654 456 1749 520 μὲν
1801 454 1863 509 ἄν
1923 457 2172 523 exhibet,
2225 460 2387 512 sicuti
2429 462 2436 533 ξ

408 565 460 619 p.
503 550 641 607 615,
688 547 772 596 14.
817 559 911 613 pro
949 545 1012 602 ὡς
1054 543 1111 605 δὴ
1153 543 1342 603 δίκαιος
1383 544 1445 596 ὤν
1487 542 1633 596 dedit
1671 546 1734 604 ὥς
1778 542 1876 609 ἄν,
1919 562 2196 616 perperam
2243 553 2387 600 utro-

406 634 585 704 bique.
664 632 828 685 Recte
874 630 1014 684 idenl
1078 649 1125 701 p.
1169 635 1348 695 1147,
1408 635 1494 684 16.
1548 647 1643 700 pro
1695 629 1791 688 εἵς-ε
1830 640 2092 697 τολμῆσαι
2145 634 2204 696 δή
2259 654 2386 688 ποτε

409 721 642 776 servavit
682 719 746 773 ἄν
779 739 923 773 ποτε.
1002 719 1082 772 Ex
1124 718 1207 772 his
1249 717 1402 772 facile
1437 725 1518 773 est
1565 718 1630 772 ad
1676 720 2081 790 intelligendum
2122 721 2249 791 quid
2303 738 2386 776 re·
2424 770 2427 771 ⁷

408 810 673 880 scriptum
728 815 967 878 oporteat
1024 808 1077 860 in
1138 807 1369 861 Midiana
1423 825 1470 877 p.
1514 811 1655 871 585,
1697 811 1786 862 26.
1848 808 1937 862 ἑοὶν
1992 830 2050 863 τε
2107 773 2436 871 διακοσίουςΙ

408 897 496 952 εὀὶν
537 918 596 952 τε
635 897 836 964 χιλίους
889 895 979 950 εὀὶν
1018 897 1059 949 θ’
1099 896 1309 956 ὁπόσους
1361 895 1423 950 ἂν
1473 899 1501 958 ἦ
1541 897 1691 957 πο’λις
1746 897 1961 966 καθίσῃ,
2022 914 2212 968 nempe
2270 899 2384 952 ὅπο-
2428 825 2436 939 1

409 986 606 1048 σουςδή.
2426 941 2436 1024 l

484 1074 545 1128 In
590 1075 696 1143 §Q
738 1073 824 1126 καὶ
870 1072 1007 1126 male
1041 1070 1276 1125 abundat
1311 1072 1365 1124 in
1410 1071 1612 1126 verbis:
1655 1074 1785 1133 εἰκὸς
1827 1071 2162 1144 οὖν-[καὶ]
2205 1073 2386 1127 εἰδέναι

409 1184 467 1218 σε
488 1166 696 1229 μαλλον
738 1162 879 1227 ἐμοῦ.
924 1159 1187 1214 Similiter
1222 1159 1458 1214 abundat
1498 1159 1625 1214 ibid.
1669 1160 1854 1214 vocula
1889 1182 1948 1214 τε
1973 1162 2022 1213 111
2048 1169 2119 1230 πῇ
2157 1162 2384 1230 διαφέρει

408 1252 759 1321 ὂψτυραννικὸς
806 1249 910 1322 [τε]
956 1249 1042 1303 καὶ
1084 1250 1325 1308 ἰδιωτικὸς
1365 1249 1514 1313 βίος,
1556 1256 1608 1302 et
1654 1250 1779 1303 item
1839 1256 1954 1320 post
1996 1265 2164 1319 pauca
2204 1251 2295 1303 καί
2334 1257 2388 1303 et

408 1362 474 1406 γε
509 1341 564 1393 111
616 1340 797 1392 hisce:
855 1338 908 1392 τί
947 1335 1027 1392 οὖν
1082 1338 1200 1404 οὐχὶ
1249 1337 1382 1409 [καὶ]
1430 1338 1492 1391 σύ
1534 1344 1586 1390 et
1630 1339 1740 1391 ἐπεὶ
1786 1341 1870 1391 νῦν
1919 1337 2032 1409 [γε]
2074 1336 2148 1391 ἔτι
2191 1338 2386 1400 ἰδιώτης

411 1426 471 1484 εἷ.
553 1427 707 1500 Apud
756 1426 1041 1481 Stobaeum
1090 1441 1221 1480 sana
1261 1433 1387 1479 sunt
1427 1426 1638 1479 onmia:
1695 1427 1748 1478 in
1797 1426 1997 1496 optimo
2045 1424 2235 1479 Codice
2295 1425 2389 1479 Pa-

411 1519 577 1573 risino
620 1516 663 1570 A
702 1536 761 1570 τε
802 1521 855 1569 et
894 1515 986 1569 καί
1024 1520 1077 1568 et
1115 1535 1180 1579 γε
1233 1531 1336 1566 11011
1389 1520 1715 1584 comparent.
1797 1513 2005 1567 Codicis
2049 1514 2275 1567 Parisini
2316 1507 2416 1578 Β,

412 1608 505 1679 qui
549 1605 744 1688 ubique
790 1602 994 1656 frivolis
1034 1602 1280 1656 Graeculi
1340 1601 1785 1655 correctiunculis
1840 1603 2152 1672 inquinatus
2202 1609 2282 1655 est
2336 1609 2420 1655 01Ἰ

410 1697 467 1750 in
506 1695 608 1748 hac
667 1699 816 1764 parte
871 1693 1069 1763 passim
1113 1708 1140 1745 e
1181 1690 1544 1761 Xenophontis
1597 1688 1750 1743 libris
1796 1689 2183 1760 interpolatus,
2239 1689 2417 1745 nulla.

410 1785 550 1840 ratio
607 1780 851 1835 habenda
905 1787 1003 1833 est.
1084 1779 1143 1832 In
1201 1782 1229 1849 §
1276 1784 1326 1833 5.
1383 1795 1566 1833 verum
1610 1786 1690 1832 est
1735 1777 1874 1849 quod
1918 1777 2175 1832 Stobaeus
2230 1771 2419 1846 1131101,<

410 1876 473 1929 δι’
510 1875 672 1934 αὐτῆς
727 1876 819 1931 τῆς
873 1874 1054 1936 ψυχῆς
1104 1887 1189 1933 μοι
1243 1868 1482 1932 δοκοῦμεν
1524 1867 1730 1932 ἥδεσθαί
1780 1888 1838 1920 τε
1879 1868 1965 1920 καὶ
2021 1868 2294 1921 λυπεῖσθαι
2337 1855 2417 1937 etl?

411 1967 531 2034 post
573 1975 740 2031 pauca
781 1966 914 2026 κοινῇ
955 1956 1039 2010 διοὲ
1077 1978 1135 2011 τε
1172 1964 1264 2020 τῆς
1305 1961 1486 2023 ψυχῆς
1528 1955 1614 2009 καὶ
1657 1959 1746 2009 τοῦ
1787 1955 2059 2020 σώματος,
2106 1955 2207 2007 11181
2248 1946 2410 2030 (111011Δ

409 2072 470 2106 τε
510 2049 647 2102 male
689 2046 855 2101 abest.
934 2046 996 2099 In
1050 2047 1079 2115 ξ
1121 2050 1169 2099 7.
1223 2049 1310 2099 οὐκ
1350 2042 1461 2098 οἶδα
1502 2047 1551 2099 εἴ
1594 2065 1689 2098 τινι
1745 2044 1973 2111 διαφέρει
2031 2044 2053 2096 ὁ
2102 2045 2389 2110 τυραννικὸς

410 2139 524 2206 βίος
563 2142 651 2192 τοῦ
707 2137 954 2190 ἰδιωτικοῦ
1003 2135 1119 2199 βίου
1168 2151 1261 2204 pro
1301 2133 1348 2186 εἴ
1401 2154 1498 2187 τινι
1553 2132 1915 2203 reponendum
1966 2139 2046 2185 est
2101 2129 2131 2184 δ’
2166 2153 2247 2194 τι,
2300 2133 2418 2186 οὐκ

408 2225 498 2283 οἶδ’
539 2225 568 2282 δ’
601 2245 651 2280 τι
689 2223 944 2292 διαφέρει,
996 2222 1136 2293 quod
1191 2221 1449 2276 Stohaeus
1485 2221 1800 2283 confirmat,
1842 2227 1894 2273 et
1928 2220 2044 2284 βίου
2085 2235 2410 2291 expungen-v

412 2317 561 2371 dum.
642 2312 900 2367 Stobaeus
940 2327 1218 2382 perperam
1260 2311 1370 2375 βίος
1429 2310 1648 2362 omittit.
1729 2309 1955 2363 Gravius
2012 2315 2292 2379 peccatum
2332 2309 2436 2365 in.

415 2410 444 2478 §
487 2410 538 2460 8.
602 2406 652 2457 ε’ν
707 2401 874 2455 τοῖσδε
927 2399 1195 2467 διαφέρει,
1258 2397 1642 2452 πολλαπλάσια
1699 2398 1792 2463 μὲν
1844 2398 1904 2451 δι’
1962 2396 2147 2454 ἑκάςου
2200 2396 2390 2450 τούτων
2432 2393 2436 2448 ·]

415 2492 746 2563 εὐφραίνεται
797 2490 905 2542 κτὲ.
988 2487 1279 2542 Stobaeus:
1332 2488 1381 2540 ἐν
1417 2488 1510 2552 μὲν
1561 2487 1728 2540 τοῖσδε
1785 2486 2010 2554 διαφέροι
2064 2484 2126 2539 ἂν
2180 2486 2221 2538 εἶ
2262 2497 2432 2539 πολ-

413 2580 697 2638 λαπλάσια
736 2579 844 2632 κτὲ.
886 2577 940 2630 111
984 2576 1178 2647 quibus
1225 2575 1390 2628 latere
1439 2575 1678 2646 suspicor
1730 2573 1866 2627 hanc
1919 2574 2277 2644 scripturam:

414 2672 586 2738 μέντοι
626 2668 740 2722 τάδε
782 2665 1009 2732 διαφέροι
1047 2663 1129 2719 ἄν.
1212 2662 1514 2718 insanabile
1554 2662 1709 2716 ulcus
1762 2669 1843 2716 est
1891 2662 1945 2714 in
1991 2663 2019 2731 §
2064 2667 2148 2714 11.
2191 2662 2243 2715 ἐν
2284 2666 2388 2724 τοῖς
2423 2650 2430 2700 Ᾰ

413 2760 498 2817 δια
538 2766 631 2822 τῆς
679 2755 840 2824 ὅψεως
882 2753 1143 2819 θεάμασι,
1187 2754 1339 2823 quasi
1384 2768 1504 2805 vero
1552 2758 1763 2822 praeter
1810 2750 1939 2804 haec
1985 2749 2088 2802 3113
2130 2749 2330 2820 quaeda
2366 2772 2375 2799 ι
2424 2740 2430 2807 {j

413 2847 660 2914 θεάματα
705 2861 818 2898 0880
863 2849 1109 2914 possent,
1170 2857 1341 2911 neque
1402 2841 1582 2892 minus
1640 2838 1931 2892 absurdum
1986 2844 2067 2891 est
2117 2837 2360 2903 θεαματω
2420 2838 2428 2865 ”

414 2936 565 2992 ἕνεκα
615 2932 857 2988 additum
911 2929 1087 2984 verbis
1143 2929 1226 2983 ἐπὶ
1269 2930 1320 2983 δὲ
1374 2930 1563 2983 τούτων
1618 2925 1821 2991 ἕκαςα,
1881 2935 1933 2980 et
1985 2925 2420 2979 mendosissim

414 3031 542 3081 sunt
590 3023 645 3075 in
698 3019 883 3074 eadem
940 3020 968 3087 ὃ
1107 3016 1222 3071 ἔνθα
1266 3018 1338 3071 τα
1393 3016 1804 3080 αξιοθεατότατα
1851 3015 1990 3068 δοκεῖ
2024 3012 2151 3067 εἶναι
2206 3014 2324 3081 οὲνθρ
2387 3071 2389 3083 Α

415 3134 526 3174 ποις
561 3108 984 3174 συναγείρεσθαι,
1042 3105 1131 3158 11111
1173 3105 1445 3176 complura
1485 3104 1744 3159 excidisse
1778 3103 2037 3173 suspicor.
2117 3102 2176 3154 In
2221 3104 2250 3172 §
2297 3105 2362 3156 13
2387 3094 2433 3186 5

414 3204 539 3258 ἀλλ’
579 3198 681 3266 ἄρα
722 3195 933 3263 ἔρχεται
975 3195 1150 3253 αὐτοῖς
1202 3194 1272 3247 τα
1323 3197 1543 3246 τοιαῦτα
1597 3191 1682 3245 καὶ
1739 3190 1857 3243 οἴκοι
1909 3188 2140 3253 μένουσιν
2202 3175 2431 3243 vocatu*

417 3290 519 3359 ἄρα
560 3282 928 3343 concludentis
969 3287 1049 3334 est
1097 3287 1148 3334 et
1190 3297 1411 3351 prorsus
1452 3280 1517 3334 ah
1556 3279 1716 3333 huius
1754 3277 1856 3331 loci
1897 3278 2160 3331 sententia
2202 3261 2431 3356 abhores!

415 3385 516 3434 ret.
595 3375 675 3429 Ex
726 3368 1086 3440 dittographia
1142 3375 1327 3421 natum
1379 3368 1612 3422 arbitror
1654 3374 1707 3420 et
1747 3363 2147 3429 inducendum,
2202 3372 2262 3418 ut
2309 3362 2427 3453 Si-x'

416 3463 659 3522 monides
701 3460 922 3514 dixerit:
962 3457 1090 3510 αλλ’
1132 3455 1343 3523 ἔρχεται
1381 3458 1554 3516 αὐτοῖς
1591 3455 1660 3508 τὰ
1695 3459 1932 3508 τοιαῦτα.
2013 3454 2207 3507 Contra
2247 3451 2394 3506 exet-‘w
2428 3449 2436 3547 Ξ

418 3555 497 3609 dit
537 3551 639 3621 ἄρα
687 3550 742 3603 111
787 3551 816 3619 §
854 3550 942 3600 26.
985 3545 1380 3621 κινδυνεύουσιν,
1420 3543 1520 3613 ἔφη
1564 3545 1586 3596 ὂ
1628 3544 1941 3609 Σιμωνίδης,
1985 3545 2183 3596 αἰτῶν
2229 3543 2384 3609 οέφρο·
2428 3551 2436 3647 A

417 3643 583 3699 δισίων
618 3640 764 3707 μόνον
806 3638 925 3703 ὑμῖν
974 3623 1292 3695 ἀπολαύσεις
1341 3637 1429 3690 τοῦ
1470 3639 1727 3700 τυραννεῖν
1774 3632 1872 3694 τας
1919 3629 2188 3696 ἐπιθυμίας
2231 3626 2380 3695 παρέ·
2427 3645 2429 3661 1
