2436 4068
1296 244 1400 294 408

375 395 556 443 nostro
597 388 710 442 loco
747 388 1070 458 importuna.
1128 386 1368 456 Ineptius
1389 388 1549 440 etiam
1585 384 2009 441 additamentum
2040 388 2255 458 irrepsit
2289 389 2342 441 in

376 476 418 531 I.
460 496 514 531 11.
559 479 645 529 26.
687 477 776 537 την
810 495 868 527 τε
910 474 1057 527 πόλιν
1106 473 1241 545 [τοὺς
1281 473 1543 543 Ταρσούς]
1582 474 1867 539 διήρπασαν
1900 502 1976 514 —-
2009 475 2097 528 καὶ
2137 475 2209 529 τά
2245 476 2348 540 βα-

375 566 546 619 σίλεια
586 564 656 617 τα
713 565 760 615 ἐν
797 565 967 629 αὐτῇ,
1009 561 1188 631 arguit
1227 559 1468 614 fraudem
1517 562 1676 615 etiam
1716 561 1975 615 articulus
2010 562 2147 617 male
2202 563 2349 616 addi-

376 660 483 707 tus.
565 651 695 717 Quis
735 649 919 703 credat
971 665 1162 703 sanum
1203 665 1318 703 esse
1355 649 1394 702 Ι.
1437 667 1491 702 11.
1535 652 1622 702 ⁶37.
1683 649 2087 717 ἀφαρπαζεσθαι
2128 651 2183 703 in
2232 667 2346 704 ver-

376 741 457 794 bis
495 739 581 792 καὶ
637 740 726 799 την
766 737 939 804 χώραν
993 736 1178 801 μηκέτι
1218 736 1661 804 ἀφαρπάζεσθαι,
1703 753 1875 807 neque
1927 738 2069 791 enim
2123 737 2345 805 ἀρπάζε-

375 829 488 880 σθαι
531 829 558 888 ἧ
600 827 745 892 χώρα
796 824 902 878 ullo
942 831 1096 895 pacto
1137 833 1311 895 potest
1367 841 1539 895 neque
1585 823 2028 892 ἀφαρπάζεσθαι,
2081 825 2174 879 sed
2214 827 2347 893 διαρ-

375 914 666 981 πάζεσθαι,
710 920 768 966 ut
807 912 846 965 I.
890 930 943 965 11.
991 917 1076 966 19.
1126 915 1218 976 την
1255 915 1429 980 χώραν
1476 912 1730 980 ἐπέτρεψε
1776 911 2090 978 διαρπάσαι,
2129 918 2181 966 et
2229 929 2346 983 pas-

377 1004 476 1054 sim
518 1001 661 1054 alihi.
741 999 912 1054 Affine
953 1001 1144 1054 vitium
1193 1008 1273 1055 est
1314 1001 1354 1054 I.
1398 1018 1473 1053 111.
1519 1004 1604 1053 14.
1667 998 1729 1053 ὧν
1766 1002 1987 1060 πολλοὺς
2041 999 2128 1053 καὶ
2169 1001 2347 1055 πολλοὶ

373 1091 634 1158 χρήματα
673 1087 863 1155 ἔχομεν
905 1088 1291 1154 ἀνηρπακότες,
1333 1087 1568 1141 alienum
1609 1095 1689 1141 est
1739 1087 1959 1142 verbum
1998 1087 2350 1156 ἀναρπάζειν,

372 1177 641 1248 repentino
679 1195 739 1229 ac
780 1177 935 1230 celeri
973 1177 1167 1246 impetu
1219 1178 1541 1247 opprimere,
1582 1193 1612 1229 a
1653 1175 1890 1229 nlilitum
1938 1177 2142 1247 rapinis
2193 1192 2349 1247 agros

375 1265 612 1319 hostium
650 1263 874 1318 licenter
914 1263 1351 1335 depopulantium
1403 1262 1868 1335 revocandamque
1923 1263 2150 1334 simplex
2188 1266 2347 1331 ἥρπα-

374 1354 538 1414 κότες.

453 1440 763 1494 Turharunt
818 1438 965 1493 scioli
1020 1439 1073 1491 in
1115 1439 1154 1492 Ι.
1206 1458 1279 1493 111.
1326 1445 1374 1494 7.
1434 1440 1693 1506 λαβόντες
1749 1439 1821 1493 τα
1881 1437 2023 1494 ὅπλα
2074 1441 2347 1507 ἐςρατοπε-

377 1530 621 1584 δεύσαντο
663 1528 806 1594 παρα
846 1526 1132 1594 Κλεάρχῳ,
1172 1529 1438 1582 sententia
1477 1527 1578 1581 loci
1633 1527 1890 1582 suadente
1948 1529 2156 1599 corrige
2207 1529 2352 1596 παρα

376 1617 683 1683 Κλέαρχον,
736 1615 790 1667 in
851 1614 1088 1667 Clearchz‘
1136 1624 1304 1669 castra
1357 1616 1687 1669 transierunt.
1768 1615 2024 1687 Compara
2064 1616 2104 1669 I.
2146 1634 2254 1670 vin.
2298 1621 2350 1671 5.

375 1709 555 1765 ἱππεῖς
597 1706 666 1763 εἷς
705 1703 906 1770 χιλίους
949 1699 1092 1769 παρά
1126 1703 1394 1770 Κλέαρχον
1435 1703 1654 1767 ἔςησαν,
1695 1710 1747 1758 et
1788 1703 2157 1776 Thucydidem
2191 1703 2257 1757 II.
2302 1707 2354 1758 2.

378 1793 468 1846 fin.
510 1793 716 1844 ἀνεῖπεν
759 1792 781 1843 ὁ
821 1788 978 1856 κη’ρυξ
1011 1790 1060 1843 εἴ
1093 1812 1170 1850 τις
1206 1792 1458 1855 βούλεται
1512 1791 1654 1845 κατα
1707 1791 1778 1844 τοὶ
1829 1790 2025 1858 πάτρια
2076 1798 2173 1846 τῶν
2220 1791 2351 1846 πάν-

376 1902 473 1934 των
514 1881 735 1933 Βοιωτῶν
775 1878 1088 1945 ὲζ-ὐμμαχεῖνΥ
1121 1878 1343 1933 τίθεσθαι
1385 1882 1520 1947 παρ’
1572 1881 1817 1939 αὐτοὺς
1866 1879 1937 1933 τά
1976 1876 2136 1934 ὅπλα.
2218 1879 2351 1934 Insi-

378 1969 506 2022 ticia
555 1967 714 2021 verba
765 1973 890 2020 sunt
931 1967 971 2019 Ι.
1012 1984 1087 2019 111.
1134 1971 1219 2020 15.
1279 1966 1365 2019 καὶ
1415 1965 1668 2035 ἄρχεο-θαι
1709 1968 1997 2032 ἐπίςαμαι,
2051 1966 2114 2028 ὥς
2153 1988 2230 2028 τις
2264 1968 2350 2022 καὶ

378 2054 541 2116 ἄλλος
589 2054 817 2128 [μάλιςα
857 2054 1144 2126 ἀνθρώπων]
1172 2095 1184 2115 ,
1225 2056 1356 2108 satis
1398 2071 1664 2126 superque
1704 2061 1785 2108 est
1834 2053 1897 2115 ὥς
1937 2076 2014 2117 τις
2051 2056 2137 2110 καὶ
2191 2054 2352 2117 ἄλλος

378 2161 406 2198 e
447 2161 674 2214 persona
711 2142 904 2196 veteris
945 2142 1109 2195 Ducis
1147 2150 1198 2195 et
1234 2143 1507 2213 imperiosi
1545 2143 1683 2205 viri,
1724 2142 1932 2208 μάλιςα
1970 2144 2233 2210 ἀνθρώπων
2276 2145 2353 2197 ni-

379 2233 547 2285 mium
606 2238 686 2284 est
726 2238 776 2284 et
825 2231 1219 2297 ἀνδραποδῶδες.
1302 2230 1578 2284 Caeterum
1622 2232 1715 2300 qui
1765 2230 1971 2284 addidit
2019 2230 2227 2296 μάλιςα
2265 2233 2355 2285 ἀν,

331 2367 336 2371 .
379 2318 578 2386 θρώπων
619 2335 686 2372 ne
726 2316 987 2371 intellexit
1026 2318 1242 2387 quidem
1282 2317 1459 2372 locum
1507 2326 1560 2372 et
1605 2318 1739 2371 duas
1778 2317 2072 2373 locutiones
2113 2318 2352 2373 confudit

380 2405 442 2468 ὥς
483 2428 561 2466 τις
613 2406 699 2459 καὶ
756 2404 916 2465 ἄλλος
959 2412 1010 2459 et
1050 2406 1098 2459 εἴ
1134 2427 1211 2466 τις
1253 2406 1338 2460 καὶ
1382 2406 1571 2471 ἀλλος,
1630 2423 1766 2477 quae
1818 2424 1979 2477 quam
2032 2406 2242 2461 diversa
2281 2408 2356 2461 Si-

385 2494 641 2565 gnificent
677 2501 862 2547 notum
901 2501 981 2547 est
1021 2500 1073 2547 et
1112 2494 1288 2564 colligi
1319 2501 1523 2565 potest,
1564 2495 1752 2564 siquis
1793 2495 2152 2566 composuerit
2188 2495 2355 2550 Anah.

380 2583 537 2637 ILv1.
564 2586 612 2635 8.
655 2583 861 2645 ἱκανὸς,
898 2579 960 2642 ὥς
1000 2603 1079 2643 τις
1113 2584 1200 2636 καὶ
1238 2581 1431 2647 ἄλλος,
1471 2582 1788 2651 φροντίζειν,
1829 2600 1952 2637 cum
1993 2583 2159 2637 Anab.
2199 2583 2239 2637 l.
2282 2601 2352 2637 lv.

350 2684 353 2686 ’
389 2676 475 2725 15.
531 2670 779 2727 ἐπίςαται
822 2672 896 2733 δ’,
931 2669 979 2723 εἴ
1015 2692 1093 2731 τις
1135 2671 1220 2725 καὶ
1260 2670 1456 2733 ἀλλος,
1510 2670 1608 2724 hoc
1649 2670 1863 2724 demum
1920 2678 2002 2725 est
2033 2670 2219 2737 μάλις’
2269 2673 2358 2725 ἀν’-

380 2760 594 2826 θρώπων.
675 2757 986 2812 Mendosum
1026 2765 1108 2812 est
1148 2759 1187 2811 I.
1231 2777 1303 2812 111.
1351 2763 1435 2812 18.
1489 2761 1613 2812 ἀλλ’
1655 2758 1825 2824 ἔγωγέ
1864 2764 2002 2827 φημι
2043 2763 2220 2813 ταῦτα
2258 2760 2354 2824 μὲν

375 2847 640 2915 φλυαρίας
701 2843 826 2899 εἶναι
888 2852 942 2900 et
995 2845 1387 2901 emendandum
1435 2849 1716 2916 φλυαρίαν.
1797 2847 1898 2900 Res
1956 2846 2153 2901 nullius
2193 2847 2352 2917 pretii

375 2933 710 3005 appellantur
758 2934 1007 3001 φλυαρίαι
1062 2934 1148 2988 καὶ
1190 2943 1256 2998 λῆ
1274 2956 1372 3002 ροι,
1413 2936 1572 2989 oratio
1617 2952 1754 2989 vana
1795 2941 1846 2989 et
1886 2935 2167 3005 nugatoria
2206 2941 2353 3002 λῆρος

382 3029 476 3074 aut
515 3023 750 3089 φλυαρία
813 3021 1030 3076 dicitur.
1113 3023 1173 3076 ln
1216 3027 1361 3097 520.
1420 3041 1524 3076 non
1579 3024 1708 3077 satis
1759 3029 1905 3077 recte
1943 3022 2000 3085 ἢν
2050 3022 2144 3086 μὲν
2179 3020 2206 3089 ᾖ
2247 3023 2358 3076 ἐκεῖ

326 3131 330 3135 ·
379 3117 431 3164 et
472 3110 527 3172 ἢν
585 3110 634 3162 δὲ
685 3109 860 3178 φεύγῃ
916 3112 1057 3163 inter
1112 3128 1167 3164 sc
1217 3119 1592 3181 opponuntur:
1647 3111 1889 3182 suspicor
1930 3110 1986 3172 ἣν
2042 3111 2138 3175 μὲν
2190 3109 2353 3178 μένῃ

375 3200 482 3251 ἐκεῖ
522 3197 697 3250 verius
748 3213 877 3250 esse.

454 3284 663 3338 Insulsa
702 3285 950 3352 magistri
994 3285 1330 3355 interpolatio
1372 3287 1700 3357 conspicitur
1730 3286 1769 3338 1.
1812 3302 1878 3338 lv.
1919 3288 1971 3340 2.
2015 3284 2113 3354 [ὅτι
2154 3294 2349 3339 Τισσα-

381 3373 549 3440 φέρνει
589 3373 719 3441 φίλη
763 3369 817 3431 ἦν
856 3372 942 3424 καὶ
987 3374 1322 3438 συνεπολέμει
1361 3373 1500 3441 Κύρῳ
1541 3374 1659 3440 πρὸς
1714 3372 1913 3445 αὐτόν].
1993 3373 2216 3427 Dicendi
2268 3390 2352 3444 ge-

380 3477 482 3513 nus
518 3459 758 3513 fraudem
813 3460 1007 3529 retegit
1059 3460 1111 3512 in
1152 3461 1283 3528 φίλη
1320 3460 1375 3524 ἧν
1417 3468 1469 3515 et
1505 3462 1528 3513 ὁ
1567 3463 1762 3526 Ταμὼς
1803 3461 2136 3526 συνεπολέμει
2177 3461 2346 3529 Κύρῳ;

371 3547 551 3618 puella
591 3547 723 3602 hene
764 3547 964 3600 dicitur
1001 3548 1132 3615 φίλη
1174 3545 1336 3614 εἶναι,
1382 3557 1434 3603 et
1474 3567 1620 3620 reyes
1654 3556 1747 3603 aut
1787 3550 2015 3603 civitates
2050 3565 2197 3602 arma
2229 3565 2348 3601 con-

376 3636 635 3689 sociantes
696 3643 1049 3702 συμπολεμεῖν
1114 3644 1255 3691 rectc
1319 3637 1607 3701 dicuntum
1671 3644 1728 3691 ut
1784 3638 1950 3692 111.1.
2002 3643 2048 3692 5.
2112 3637 2267 3691 ἐδόκει
2329 3636 2347 3686 ὁ
