2436 4068
1345 186 1451 237 818

380 333 552 394 δύντος
595 364 668 372 -
704 330 928 389 δύνοντος
974 332 1098 383 790.

380 420 542 484 δύνω,
582 418 794 481 ἐνδύνω,
835 415 1019 470 ἐκδύνω
1060 432 1155 487 pro
1197 416 1378 482 δύομαι
1422 424 1521 472 cet.
1565 418 1744 472 Ionica
1787 424 1910 475 790.

385 509 469 562 δύο
513 506 698 562 τιθέναι
744 503 988 578 (ςιγμοὶς)
1037 509 1122 558 17.

384 597 516 650 δυοῖν
554 626 628 634 -
666 593 749 648 δύο
789 595 916 648 696.

391 681 611 756 (ΔΤΩ).
653 681 870 747 δύομαι,
910 697 1016 735 non
1055 681 1150 735 δύω
1196 685 1301 736 785
1339 697 1452 753 sqq.

386 772 512 839 δφον
554 771 611 823 in
650 768 808 823 Codd.
852 769 1111 824 scribitur
1151 786 1247 841 pro
1296 770 1576 839 δίφθογγον
1618 775 1744 826 494.

384 859 448 912 δῶ
489 889 563 897 ——
601 857 691 912 δέω
735 860 861 912 494.

386 946 478 1000 δῶν
518 977 593 986 ——-
631 945 750 1000 δέων
791 948 916 1000 529.

387 1036 699 1102 δωροδοκεῖν,
739 1051 844 1088 non
885 1034 1255 1102 δωροδοκεῖσθαι
1297 1037 1422 1088 502.

387 1124 670 1191 δωροδοκεῖν
707 1144 824 1178 τινα
867 1122 1055 1177 vitiose
1095 1139 1190 1192 pro
1229 1121 1458 1191 δεκάζειν
1499 1126 1627 1180 502.

387 1213 541 1267 δωσεῖ
577 1211 721 1266 δίκαν
761 1244 835 1256 ---
873 1211 1015 1266 δώσει
1056 1211 1193 1273 δίκην
1236 1214 1360 1265 525.

386 1301 672 1367 δωσίδικος,
713 1317 815 1355 non
856 1300 1094 1360 δοσίδικος
1137 1303 1261 1355 576.

1337 1461 1402 1508 E.

388 1580 422 1625 ε
460 1572 514 1620 et
557 1574 589 1620 c
629 1563 850 1619 confusa
895 1566 1018 1619 178.

383 1653 411 1708 ἕ
446 1652 646 1708 excidit
689 1655 830 1716 114,
872 1654 998 1706 471.

382 1744 472 1797 ἐοῖν
510 1774 586 1782 -
624 1741 748 1805 εὀὶν,
789 1739 854 1794 ἄν
895 1744 1021 1795 505.

385 1832 474 1886 ἐαν
514 1830 678 1899 ἔχητε
728 1833 872 1894 νοῦν,
928 1828 1068 1898 εἴπερ
1121 1826 1177 1882 εὖ
1215 1833 1483 1898 φρονεῖτε,
1542 1831 1598 1894 ἣν
1651 1835 1941 1902 σωφρονῆτε
1993 1849 2116 1889 cum
2178 1834 2370 1906 futuro]

455 1921 757 1991 iunguntur
797 1921 927 1975 525.
2411 1911 2418 1930 '

383 2008 473 2063 εὀὶν
513 2007 652 2062 male
691 2023 788 2079 pro
826 2005 927 2071 ἄν,
967 2007 1021 2060 in
1060 2003 1156 2060 ὅσα
1196 2005 1284 2060 ἐάν
1323 2013 1376 2061 et
1416 2007 1535 2060 sim.
1578 2011 1702 2062 551.

378 2095 628 2164 ἑβδομάς.
670 2095 923 2161 ἓβδομοέσι
962 2127 1036 2135 --
1077 2093 1396 2161 ἕβδομοὲταις
1439 2099 1526 2148 71.

382 2187 599 2253 ἐβήσετο
639 2217 714 2224 —
752 2186 981 2251 ἐβήσατο
1025 2187 1149 2239 789.

381 2275 532 2342 ἐβίων
571 2303 645 2314 ·—-
683 2273 879 2338 ἐβίωσα
921 2274 1045 2325 576.
2372 2318 2408 2341 ,ἱ

382 2363 535 2428 ἐβίων
575 2360 763 2415 dieunt
801 2359 1049 2421 Veteres,
1095 2376 1197 2412 non
1239 2359 1428 2428 ἔζησα,
1469 2367 1521 2416 et
1558 2361 1835 2428 βεβίωκα,
1878 2378 1980 2416 non
2027 2362 2185 2431 ἔζηκα
2227 2367 2365 2420 494.
2359 2339 2410 2426 ῖρ

382 2449 662 2516 ἐβλοέςήκα
700 2481 776 2489 --
809 2447 1132 2514 βεβλοὶςήκα
1175 2452 1299 2503 161.
2360 2423 2403 2579 ὅ

382 2538 651 2604 ἐβούλευον
686 2568 761 2576 -
792 2537 1119 2603 ἐβουλεύοντο
1164 2540 1288 2590 742.

380 2627 445 2690 ἐγ
481 2657 558 2666 -
593 2631 646 2679 et
680 2644 783 2689 συγ
817 2656 892 2665 -
930 2623 1149 2680 confusa
1191 2628 1317 2679 512.

382 2711 634 2779 ἐγαμήσα
675 2712 863 2767 vitiose
907 2729 1004 2784 pro
1043 2713 1222 2780 ἔγημα
1265 2717 1351 2768 70.

382 2803 628 2867 ἐγκαλεῖν
669 2807 722 2855 et
760 2802 1058 2867 ἐγκλήματ’
1099 2801 1239 2869 ἔχειν
1279 2816 1522 2858 accusare
1561 2809 1615 2856 θῑ
1653 2804 1888 2858 accusari
1927 2809 2052 2860 501.

382 2888 651 2954 ἐγκαλέσω
693 2890 882 2944 vitiose
922 2906 1018 2961 pro
1057 2892 1268 2955 ἐγκαλῶ
1309 2895 1415 2956 65,
1457 2894 1584 2946 458.

385 2977 720 3042 ἐγκέλευσμα
759 3009 831 3018 —-
872 2978 1171 3043 ἐγκέλευμα
1213 2983 1335 3034 778.

387 3065 800 3131 ἐγκαλινδεῒσθαι
842 3065 895 3118 in
936 3081 995 3118 re
1034 3066 1314 3120 immunda
1352 3074 1406 3122 et
1447 3068 1594 3140 turpi
1635 3070 1760 3122 637.

386 3152 681 3219 ἐγκαμπτω
723 3152 893 3206 forma
932 3151 1085 3205 nihili
1129 3157 1253 3208 782.

386 3240 848 3309 ἐγκεκοισυρωμένή
888 3272 964 3280 -
1001 3240 1436 3308 ἐγκεκριωρωμένή
1484 3247 1604 3298 180.

385 3330 696 3396 ἐγκυλίνδω,
736 3329 1013 3394 ἐγκυλῖσαι
1054 3331 1179 3383 658.

386 3418 662 3483 ἕγλυμμαι
686 3458 700 3480 ,
740 3415 1110 3482 ἐξέγλυμμαι,
1152 3417 1511 3486 διέγλυμμαι,
1553 3435 1656 3473 non
1697 3418 2014 3489 γέγλυμμαι
2059 3424 2179 3476 161.

383 3505 587 3570 ἔγνωκα
624 3503 864 3558 inlelleoei
903 3508 952 3559 6.

383 3593 611 3662 ἔγραφεν
650 3625 722 3635 -—
762 3593 1056 3664 ἀνέγραφεν
1101 3598 1221 3649 775.
