2436 4068
1331 253 1435 304 150

400 394 698 466 fragmento
740 395 877 466 apud
919 396 1105 449 Athen.
1152 412 1203 464 p.
1251 398 1378 450 226.
1420 396 1478 449 D.

701 480 795 537 εἶτ’
837 487 888 538 οὐ
930 483 1077 550 σοφοὶ
1119 483 1229 544 δῆτ’
1270 483 1393 537 εἰσὶν
1437 486 1478 537 οἱ
1521 483 1715 538 Σκύθαι
1754 485 1984 552 σφόδρα,

705 569 749 625 οἳ
788 571 1127 634 γενομένοισιν
1167 571 1344 632 εὐθέως
1386 578 1489 631 τοῖς
1532 572 1748 630 παιδίοις

704 658 923 712 διδόασιν
961 655 1130 711 ἵππων
1171 659 1258 712 καὶ
1298 661 1430 725 βοῶν
1470 661 1630 714 πίνειν
1669 659 1851 725 γάλα,

706 745 822 813 οὐχὶ
865 746 946 810 μοὶ
988 747 1094 799 Δία
1133 747 1312 808 τίτθας
1355 747 1620 812 εἰσάγουσι
1660 747 1957 813 βασκάνους

402 834 487 887 καὶ
532 834 901 898 παιδαγωγοὺς
941 831 1082 894 αὖθις
1125 832 1187 887 ὧν
1222 836 1378 903 μείζω
1417 857 1483 900 γε
1520 837 1684 902 μαίας
1720 837 1777 897 νὴ
1818 835 1941 890 Δία.
2004 833 2219 888 Grotius
2256 851 2379 905 sup·

403 921 590 992 plevit:

703 1009 792 1063 καὶ
832 1009 1200 1075 παιδαγωγοὺς
1241 1009 1415 1073 αὖθις,
1458 1011 1520 1066 ὧν
1559 1013 1733 1080 μεῖζον
1767 1013 1925 1066 κακὸν

702 1101 792 1153 οὐκ
831 1096 934 1154 ἔςιν
971 1099 1140 1161 οὐδὲν,
1180 1099 1324 1164 μετά
1364 1120 1430 1164 γε
1468 1101 1661 1166 μαίας,
1701 1101 1757 1162 νὴ
1799 1099 1924 1154 Δία.

401 1185 533 1239 satis
573 1185 943 1257 probabiliter,
984 1186 1075 1240 sed
1116 1188 1242 1257 quia
1280 1189 1439 1255 μείζω
1476 1195 1721 1259 superest
1760 1186 2086 1258 probabilius
2134 1203 2249 1241 esse
2296 1202 2377 1240 ar-

399 1272 572 1327 bitror
610 1272 855 1328 lacunam
897 1276 974 1330 sic
1005 1276 1240 1347 explere:

701 1363 787 1416 καὶ
831 1364 1199 1429 παιδαγωγοὺς
1241 1362 1411 1428 αὖθις,
1452 1363 1516 1418 ὧν
1553 1363 1740 1431 μείζων
1778 1362 1966 1428 βλάβη

703 1452 792 1504 οὐκ
831 1451 894 1505 ἂν
934 1451 1154 1516 γένοιτο,
1191 1450 1334 1517 μετά
1373 1473 1438 1517 γε
1478 1452 1670 1517 μαίας,
1707 1453 1762 1514 νὴ
1805 1451 1928 1504 Δία.

478 1537 642 1608 Saepe
672 1538 1027 1593 animadverti
1056 1539 1291 1593 codicem
1329 1539 1586 1594 Athenaei
1621 1540 1840 1593 unicum
1875 1538 2206 1592 Marcianum
2260 1536 2376 1610 (un-

400 1624 464 1679 de
499 1632 551 1679 et
591 1626 834 1696 Epitome
876 1628 1111 1682 manavit
1151 1634 1204 1682 et
1242 1627 1503 1699 quidquid
1554 1627 1751 1699 ubique
1803 1633 1883 1680 est
1926 1623 2377 1697 apographorum)

399 1713 727 1784 descriptum
781 1731 898 1768 esse
961 1731 1023 1769 ex
1073 1723 1283 1769 vetusto
1337 1715 1472 1769 libro
1524 1714 1826 1770 uncialibus
1879 1714 2074 1768 litteris
2124 1720 2372 1773 exarato,

396 1800 641 1854 versibus
682 1800 1010 1857 brevioribus
1050 1804 1376 1877 syllabarum
1425 1820 1609 1858 novem
1652 1802 1932 1865 decemve,
1974 1808 2026 1855 et
2066 1801 2379 1864 librarium,

397 1889 489 1960 qui
528 1888 888 1960 pulcherrime
933 1891 1197 1945 scribebat
1246 1892 1337 1946 sed
1392 1899 1608 1963 stupore
1659 1898 1709 1945 et
1760 1891 2043 1944 oscitantia
2092 1888 2373 1960 superabat

398 1983 661 2041 caeteroS,
688 1977 919 2033 subinde
954 1996 1166 2034 versum
1205 1997 1371 2034 unum
1408 1979 1552 2034 aliud
1588 1985 1834 2050 agentem
1856 1979 2114 2032 omisisse.
2172 1978 2376 2032 Descri-

398 2065 528 2119 bens
567 2066 735 2135 igitur
774 2074 1007 2122 veterem
1049 2068 1315 2132 codicem,
1359 2069 1411 2122 in
1452 2085 1556 2139 quo
1595 2074 1731 2123 erat:

891 2146 1891 2215 ΔΑΓΩΓΟΎΣΑΤΘΙΣΩΝΜΕΙΖᾘ

888 2255 1897 2303 ΒΛΛΒΗΟΤΚΑΝΓΕΝΟΙΤΟΜΕΤΛ

891 2343 1764 2391 ΓΕΜΑΙΑΣΝΗΔΙΑΑΎΤΑΙΔΕ

401 2422 691 2476 oscitanter
713 2424 893 2477 omisit
915 2442 1130 2479 versum
1154 2424 1415 2486 medium,
1456 2431 1508 2478 et
1530 2439 1684 2494 saepe
1707 2421 1759 2475 id
1781 2423 1836 2475 in
1871 2420 2140 2475 Athenaeo
2177 2418 2376 2474 sactum

397 2527 512 2563 esse
551 2510 882 2575 observabis,
924 2520 983 2566 ut
1026 2514 1077 2565 in
1117 2519 1393 2582 poetarum
1438 2511 1566 2565 locis
1614 2527 1800 2564 novem
1847 2509 2096 2563 decemve
2144 2508 2379 2582 syllabae

401 2598 712 2653 exciderint.
794 2600 962 2667 Quam
1004 2600 1136 2654 nihil
1175 2600 1349 2654 scriba
1391 2599 1647 2653 Marciani
1687 2597 1886 2652 codicis
1931 2598 2166 2667 cogitare
2215 2597 2378 2651 soleat

405 2687 456 2738 in
501 2704 643 2757 seqq.
688 2687 1016 2742 luculentum
1062 2689 1321 2743 indicium
1368 2695 1472 2750 est,
1515 2687 1605 2741 ubi
1647 2703 1810 2757 quum
1866 2686 1920 2738 in
1972 2686 2192 2755 antiquo
2245 2684 2380 2738 libro

400 2782 1225 2832 ΜΗΤΡΑΓΤΡΤΟΤΝΤΑΣΓΕ
1267 2777 1526 2847 scriptum
1570 2781 1710 2830 esset
1743 2780 1795 2828 et
1834 2774 2259 2845 suprascriptum
2302 2771 2380 2825 su-

404 2861 496 2914 tile
535 2862 1070 2934 interpretamentum
1113 2869 1459 2928 οὶπατῶντας,
1497 2863 1708 2936 stupide
1748 2861 1877 2916 haec
1917 2863 1990 2916 ita
2029 2862 2246 2914 miscuit
2282 2882 2379 2926 μη-

403 2970 814 3017 σραρπατωντασ-
861 2958 1288 3020 γυργοῦντασγε,
1339 2969 1499 3024 quem
1553 2967 1787 3005 errorem
1842 2952 2047 3021 primus
2105 2948 2377 3018 Schweig-

405 3036 697 3091 haeuserus
738 3043 1024 3113 perspexit.
1114 3043 1171 3095 In
1224 3042 1451 3095 caeteris
1503 3056 1715 3111 quoque
1757 3037 1926 3092 multa
1976 3037 2188 3092 turbata
2232 3044 2376 3091 sunt.
2434 3059 2436 3062 ¹

402 3125 463 3178 In
508 3126 666 3178 tertio
704 3142 860 3181 versu
901 3130 1168 3200 scriptura
1211 3129 1430 3183 codicis:

705 3216 821 3281 οὐχὶ
862 3217 941 3281 μοὶ
984 3219 1088 3271 Δία
1128 3219 1306 3278 τίτθας
1347 3217 1611 3281 εἰσάγουσι
1650 3215 1945 3281 βασκάνους

402 3301 455 3354 in
496 3301 654 3355 metri
694 3301 836 3372 leges
876 3313 1083 3374 peccat,
1124 3305 1467 3376 quamobrem
1509 3307 1561 3358 οὐ
1596 3305 1677 3370 μα
1716 3306 1821 3358 Δία
1863 3307 2237 3373 reposuerunt,
2282 3299 2375 3354 sed
2432 3367 2433 3370 Ἴ

402 3388 546 3442 aliud
607 3389 903 3443 remedium
962 3392 1062 3445 loci
1123 3395 1260 3446 ratio
1328 3393 1588 3464 postulat,
1649 3391 1789 3463 quod
1846 3389 1988 3444 facili
2046 3389 2256 3458 negotio
2310 3404 2373 3442 ex
2424 3384 2426 3390 ⁸

403 3484 766 3531 ΓΑΛΑΟΤΧΙ
807 3493 990 3542 eruaS,
1034 3496 1253 3551 nempe:

776 3567 902 3620 ἀλλ’
942 3566 1058 3634 οὐχὶ
1100 3569 1277 3627 τίτθας
1318 3567 1583 3633 εἰσάγουσι
1619 3567 1940 3634 βασκάνους,

399 3657 458 3705 ut
494 3652 807 3710 manifestus
843 3660 1089 3710 teneatur
1130 3655 1501 3727 interpolator,
1542 3657 1632 3728 qui
1673 3657 1754 3724 μα
1793 3656 1897 3710 Δία
1938 3670 2059 3709 cum
2104 3653 2261 3707 metri
2303 3650 2371 3705 la·
