2436 4068
1035 245 1101 321 331

977 391 1032 444 οὐ
1069 389 1335 452 καθήσεις,
1377 386 1576 451 τάλαν,

381 477 504 541 μηδ’
543 476 795 544 ἀγροίκως
834 474 938 530 ἄνω
984 481 1074 531 τοῦ
1115 475 1337 541 γόνατος
1374 476 1604 545 οὶμφιεῖς

80 563 222 631 Quos
260 562 512 618 Cratinus
545 563 803 619 dimetros
835 564 1129 635 scripserat
1164 563 1531 635 perelegantes
1572 562 1754 618 hosce:

301 651 391 707 ἴτω
431 653 484 706 δὲ
522 652 610 707 καὶ
653 651 946 721 τραγῳδίας
991 649 1001 724 Ι
1050 655 1073 707 ὃ
1107 652 1428 720 Κλεομάχου
1467 650 1804 716 διδάσκαλος,

301 745 683 809 παρατιλτριῶν
721 740 859 807 ἔχων
896 738 1049 808 χορόν
1098 737 1107 813 Ι
1149 741 1333 799 Anam>
1374 741 1658 796 τιλλουσῶν
1693 739 1832 807 μέλη

304 828 517 897 πονηροὶ.

73 915 215 989 apud
250 915 443 971 Athen.
483 916 624 974 XIV.
660 919 789 971 658.
826 914 887 970 F.
932 932 997 971 ex
1030 913 1116 969 his
1154 914 1406 970 Editores
1444 915 1620 973 fecere
1659 917 1936 973 trimetros
1972 917 2071 973 hos

73 1005 359 1076 pessimos:

918 1090 1009 1146 ἴτω
1045 1092 1098 1146 δὲ
1134 1091 1222 1147 καὶ
1264 1091 1558 1160 τραγῳδίαις

374 1181 398 1234 ὅ
438 1181 760 1248 Κλεομάχου
795 1179 1139 1244 διδάσκαλος,
1178 1186 1562 1249 παρατιλτριῶν

371 1267 508 1336 ἔχων
545 1269 698 1338 χορὸν
736 1268 921 1327 Λυδιςὶ
964 1273 1249 1325 τιλλουσῶν
1287 1267 1427 1334 μέλη

372 1355 586 1424 πονηροὶ.

69 1443 378 1500 huiusmodi
428 1446 707 1500 trimetros
758 1444 1109 1517 Apollodorus
1148 1447 1200 1500 ἐν
1250 1450 1504 1514 Χρονικοῖς
1557 1444 1837 1517 scripsisse
1888 1449 2063 1519 potuit

67 1532 364 1605 scribitque
402 1530 673 1606 Scymnus
711 1532 906 1597 Chius,
963 1541 1015 1589 et
1052 1533 1261 1605 siquis
1309 1533 1449 1599 alius
1495 1533 1737 1606 poeticae
1789 1533 2064 1593 facultatis

67 1638 257 1695 expers
295 1623 536 1678 senarios
579 1623 813 1695 pepigit,
856 1623 1108 1678 Cratinus
1158 1639 1264 1677 non
1311 1622 1489 1694 potuit
1529 1638 1704 1694 neque
1744 1622 1882 1678 alius
1921 1627 2064 1697 quis·
2142 1621 2144 1623 ’

67 1727 230 1782 quam
269 1727 483 1776 eorum,
523 1712 618 1783 qui
655 1719 828 1767 artem
881 1710 1190 1766 tractabant
1238 1711 1518 1766 Musicam.
1598 1710 1748 1767 Idem
1791 1719 1947 1785 poeta
1987 1716 2063 1770 vi·

67 1797 228 1854 detur
266 1799 467 1855 dixisse
506 1799 648 1872 apud
681 1799 881 1855 Polluc.
920 1800 1034 1855 VII.
1074 1803 1163 1854 28.

368 1887 670 1950 νακότιλτος
710 1889 925 1957 ὡσπερεὶ
957 1887 1196 1956 κωδάριον
1236 1886 1544 1957 ἐφαινόμην.

67 1975 160 2030 ubi
207 1977 532 2031 Meinekius:
586 1976 846 2031 :Metram
898 1985 974 2030 est
1023 1975 1379 2030 Cratineum.”
1457 1975 1574 2030 Non
1624 1976 1808 2033 credo:
1861 1995 2058 2052 repone

63 2064 231 2133 ὥσπερ
272 2082 368 2137 pro
404 2064 623 2134 ὡσπερεί
661 2070 715 2119 et
754 2081 955 2136 purum
995 2069 1189 2135 putum
1225 2064 1500 2118 senarium
1541 2062 1780 2120 habebis,

140 2152 419 2226 Eupolidis
458 2170 522 2208 ex
561 2151 761 2207 Polluc.
803 2151 895 2205 111.
941 2155 1047 2206 115
1090 2150 1222 2206 haec
1261 2150 1594 2210 afferuntur:

368 2242 460 2306 ἤδη
495 2241 723 2308 χορηγὸν
761 2242 972 2294 πώποτε
1010 2239 1356 2308 ῥυπαρώτερον

361 2330 499 2384 τοῦδ’
538 2327 703 2392 stam

62 2419 156 2491 qui
195 2419 408 2473 numeri
455 2434 560 2472 non
609 2423 825 2472 tantum
866 2416 1087 2489 pessimi
1120 2422 1249 2470 sunt
1285 2415 1379 2472 sed
1419 2417 1637 2471 omnino
1674 2416 1909 2489 ἄμετροι.
1969 2422 2056 2477 Di-

8 2567 11 2571 >
59 2505 181 2561 vide
217 2507 324 2561 sic:
366 2508 457 2572 ἤδη
496 2507 723 2575 χορηγὸν
770 2507 979 2561 πώποτε
1023 2503 1033 2578 Ι
1074 2506 1419 2574 ῥυπαρώτερον
1466 2506 1603 2562 τοῦδ’
1642 2503 1811 2571 εἶδεςς
1866 2509 2056 2566 Eidem

0 3045 7 3071 l

0 3117 18 3302 ζ

61 2610 127 2650 cx
160 2593 394 2669 Etymol.
433 2595 500 2649 M.
538 2612 589 2667 p.
634 2599 772 2660 207,
816 2599 886 2649 55
925 2592 1270 2648 tribuuntur:

360 2686 502 2753 ψῆχ’
543 2683 709 2753 ἠρέμα
753 2684 841 2739 τὸν
878 2682 1215 2753 βουκέφαλον
1255 2682 1348 2737 καί

362 2772 450 2826 τὸν
484 2771 805 2827 κοππατίαν.

61 2856 183 2914 God.
217 2860 420 2927 ψύχετ’
459 2860 628 2928 ἠρέμα
666 2866 721 2915 et
756 2859 844 2914 καὶ
883 2859 1217 2923 κοππατίαν,
1258 2855 1402 2912 unde
1434 2856 1639 2915 scribo:

360 2949 563 3016 ψύχετ’
600 2946 767 3016 ἠρέμα
809 2947 818 3022 Ι
858 2949 945 3003 τὸν
984 2946 1321 3017 βουκέφαλον
1361 2944 1449 3000 καὶ
1481 2949 1804 3005 κοππατίαν.

0 3075 10 3102 e
58 3033 172 3090 Non
200 3035 361 3091 credo
400 3036 675 3091 Athenaeo
703 3036 766 3091 X.
807 3039 934 3091 446.
972 3036 1033 3091 E.
1070 3036 1302 3108 primam
1339 3034 1395 3088 in
1428 3034 1616 3102 πίομαι
1651 3039 1850 3111 corripi
1872 3055 2054 3111 posse,

60 3122 243 3196 itaque
282 3125 557 3179 senarium
597 3139 759 3197 quem
800 3122 955 3179 affert
995 3140 1024 3179 e
1058 3122 1278 3178 Platone
1314 3122 1555 3180 Comico:

361 3213 463 3267 οὐδ’
502 3211 608 3276 ὅςις
649 3215 813 3276 αὐτῆς
851 3212 1090 3267 ἐκπίεται
1127 3233 1199 3267 τα
1235 3213 1520 3281 χρήματα,

61 3298 231 3371 ipsius
262 3299 620 3371 negligentiae
659 3300 869 3366 tribuo,
910 3317 1077 3373 quum
1110 3307 1267 3372 poeta
1307 3301 1362 3354 in
1395 3303 1726 3357 tetrametris
1762 3305 2048 3374 posuisset.

361 3389 463 3443 οὐδ’
500 3389 607 3448 ἐςὶν
643 3387 748 3452 όςις
785 3390 948 3453 αὐτῆς
993 3403 1002 3462 Ι
1045 3389 1286 3443 ἐκπίεται
1322 3410 1395 3443 τα
1426 3390 1739 3457 χρήματα*

0 3473 320 3529 Meinekio
370 3477 422 3530 in
465 3478 674 3533 minore
724 3477 958 3533 editione
1009 3477 1349 3533 Comicorum
1395 3494 1515 3550 pag.
1561 3482 1669 3533 558
1711 3477 1912 3549 aliquid
1953 3477 2051 3533 hu-

58 3563 204 3617 mani
239 3563 451 3620 accidit.

133 3651 388 3708 Eiusdem
430 3661 615 3726 poetae
655 3656 818 3713 verba
858 3654 999 3730 apud
1037 3654 1227 3712 Athen.
1272 3655 1337 3713 X.
1376 3658 1504 3713 424.
1539 3654 1601 3711 Α.
1645 3651 1858 3716 κυάθους
1905 3650 2047 3720 ὅσους
