2436 4068
1021 183 1127 234 799

89 331 251 385 etiam
313 330 438 385 alibi
479 328 614 382 dixit
671 326 995 398 Xenophon,
1048 326 1138 381 sed
1190 343 1291 380 non
1334 327 1464 380 satis
1523 326 1619 380 hoc
1654 334 1750 380 est.
1836 328 2062 384 Videant

91 419 183 473 alii
224 436 288 473 an
338 419 512 473 locum
557 417 710 488 plane
748 415 997 487 expedire
1033 416 1254 487 possint.

167 508 353 561 Finem
413 506 606 559 faciam
659 506 711 557 in
769 504 881 558 loco
933 503 1094 558 huius
1141 502 1301 566 libri,
1361 504 1516 557 cuius
1557 519 1722 574 quun]
1765 512 1966 560 certam
2012 516 2066 562 et

92 595 391 651 evidentem
434 593 860 648 emendationem
912 594 1227 663 reperissem
1254 634 1267 653 ‚
1320 593 1551 663 comperi
1605 592 1824 647 eandem
1866 594 1991 648 olim
2036 613 2067 650 a

91 683 356 738 Ludovico
396 681 667 737 Dindorfio
718 697 835 734 esse
871 687 1155 751 repertam.
1238 679 1507 733 Proferam
1562 697 1677 734 eam
1722 689 1896 735 tamen
1941 685 2067 754 quia

89 771 224 826 nihil
264 789 380 826 esse
421 771 531 824 scio
567 767 892 823 iuvenilibus
941 769 1171 839 ingeniis
1225 768 1492 821 salubrius
1543 786 1703 839 quam
1753 771 2067 828 manifestae

89 859 424 931 corruptelae
466 858 803 913 manifestam
846 857 1272 911 emendationem
1330 863 1607 927 spectare,
1662 857 1752 911 ubi
1794 861 1844 912 vi
1884 877 2065 932 reper-

16 955 19 962 '
91 956 176 1002 tae
216 949 457 1002 veritatis
498 946 839 1002 vehementer
879 945 1104 1000 feriatur
1144 945 1374 998 animus,
1454 945 1685 999 Exuitur
1738 948 1813 1001 sie
1866 951 2065 1020 optime

14 3382 17 3406 1

91 1035 179 1089 illa
219 1037 563 1107 superstitio,
605 1052 709 1107 qua
750 1035 1060 1089 etiamnunc
1114 1031 1272 1086 multi
1320 1032 1571 1086 Codicum
1613 1034 1735 1087 Mss,
1778 1039 2066 1093 auctorita-

90 1131 196 1179 tem
239 1123 401 1179 stulte
441 1130 765 1179 venerentur
802 1132 855 1178 et
907 1139 1009 1176 non
1050 1120 1152 1174 alio
1197 1119 1352 1174 modo
1399 1121 1569 1190 magis
1620 1122 1930 1194 intelligunt
1987 1128 2066 1180 iu-

90 1213 267 1266 niores
329 1212 754 1286 (nonnumquam
808 1212 971 1265 etiam
1024 1216 1196 1264 aetate
1247 1208 1580 1282 grandiores)
1624 1227 1783 1280 qnam
1827 1220 1974 1268 certa
2014 1225 2067 1270 et

91 1299 391 1355 indubitata
434 1317 620 1373 parere
674 1300 843 1372 possit
896 1298 986 1352 illa
1034 1297 1354 1352 coniiciendi
1403 1305 1456 1352 et
1489 1297 1763 1353 divinandi
1802 1299 2064 1368 facultaS,

89 1405 250 1460 quam
297 1406 436 1444 unus
477 1398 528 1444 et
569 1389 705 1443 alter
739 1387 851 1441 vult
884 1393 1228 1441 contemnere
1267 1385 1456 1440 videri.
1537 1388 1882 1444 Praemittam
1919 1391 2066 1447 aliud

89 1477 389 1549 exemplum
446 1494 507 1532 ex
551 1477 872 1548 Cynegetico
909 1475 974 1529 V.
1020 1479 1118 1528 51:
1176 1475 1219 1549 (ὅ
1262 1474 1463 1548 λαγὼς)
1517 1477 1668 1536 τιθεὶς
1716 1479 1787 1538 εἷς
1838 1480 1895 1532 τὸ
1948 1482 2064 1535 ἕπε’-

86 1586 229 1619 κεινοι
272 1572 369 1620 τῶν
424 1565 701 1633 ἔμπροσθεν
753 1565 913 1619 ποδῶν
959 1565 1076 1623 τοὺς
1120 1562 1321 1617 ὄπισθεν
1360 1595 1435 1602 —
1475 1564 1552 1619 θεῖ
1591 1562 1745 1626 οὕτως
1771 1584 1782 1596 ”
1823 1568 1970 1630 δῆλον
2011 1571 2064 1624 δὲ

85 1654 315 1708 τούτου
377 1656 448 1708 τὸ
510 1654 751 1722 ἔνχροι.
850 1651 1213 1723 Interpretum
1285 1658 1586 1706 commenta
1647 1653 1846 1709 nullius
1905 1658 2065 1728 pretii

89 1749 245 1803 sunt,
288 1743 391 1797 nisi
432 1742 569 1796 sorte
609 1741 675 1795 ad
727 1739 1042 1795 refellendas
1083 1739 1469 1794 eiusdemmodi
1510 1741 1889 1813 explicationes
1932 1754 2066 1800 'con-

84 1828 326 1901 fragosas
364 1839 418 1885 et
459 1837 765 1894 contortas,
805 1829 1000 1900 quibus
1038 1828 1211 1883 adhuc
1255 1828 1410 1882 multi
1450 1829 1742 1885 multorum
1786 1832 1923 1899 loci,
1965 1835 2062 1890 im·

23 1908 25 1913 ⁴
86 1920 278 1991 primis
314 1925 592 1991 poetarum
616 1961 630 1982 ,
682 1926 945 1973 vexantur
982 1924 1036 1972 et
1074 1917 1497 1988 distorquentur.
1577 1919 1807 1991 Reperta
1845 1923 2065 1980 tandem

84 2023 210 2062 vera
259 2009 528 2080 scriptura
582 2007 912 2061 demonstrat
968 2023 1127 2078 quam
1179 2007 1287 2060 sint
1343 2023 1402 2061 ea
1443 2016 1746 2063 commenta
1798 2011 1975 2083 inepta
2013 2021 2066 2068 et

87 2096 316 2151 ridicula
357 2105 410 2151 et
463 2096 647 2168 quales
682 2095 760 2149 illi
808 2097 918 2150 sint
956 2095 1194 2159 iudieeS‚
1245 2096 1336 2167 qui
1378 2112 1538 2150 sensu
1579 2114 1774 2152 vacuas
1806 2098 2062 2156 lectiones

84 2185 316 2239 mirifica
355 2184 809 2240 comminiscendo
850 2185 991 2238 tueri
1033 2191 1086 2238 et
1123 2184 1398 2257 defendere
1437 2192 1700 2257 satagant.
1782 2187 1842 2241 td
1884 2189 2061 2260 ipsum

83 2273 225 2346 quod
262 2274 550 2346 Xenophon
588 2276 877 2346 scripserat
918 2272 1225 2328 felicissima
1270 2273 1640 2329 emendatione
1675 2279 1914 2346 reposuit
1952 2280 2063 2333 Bri-

84 2370 285 2418 tannus
324 2363 514 2428 Blane‚
569 2379 791 2434 nempe:
846 2364 994 2423 δῆλον
1043 2363 1092 2416 δὲ
1132 2365 1281 2416 τοῦτο
1333 2363 1394 2415 ἐν
1439 2363 1634 2430 χιόνι.
1714 2365 1914 2420 Eadem
1954 2369 2059 2422 evi-

83 2450 264 2506 dentia
304 2451 578 2506 emendari
620 2452 791 2524 potuit
831 2451 981 2506 locus
1026 2451 1080 2504 in
1124 2451 1510 2523 Hipparchico,
1563 2453 1614 2505 in
1663 2470 1767 2524 quo
1809 2454 1934 2509 olim
1976 2456 2060 2510 In-

84 2546 347 2612 terpretes
396 2539 572 2594 oleum
612 2547 663 2595 et
702 2557 918 2611 operam
970 2539 1335 2612 perdiderunt.
1419 2540 1477 2593 ln
1520 2540 1671 2595 libris
1728 2550 1808 2596 est
1853 2543 1910 2598 V.
1953 2550 2055 2601 10:

82 2628 238 2683 ὁπότε
282 2650 348 2694 γε
392 2629 480 2698 καὶ
521 2630 563 2682 οἱ
611 2630 794 2690 παῖδες
831 2627 953 2683 ἕτοον
995 2628 1214 2695 παίζουσι
1252 2628 1399 2682 ποσὶ
1452 2630 1514 2683 δὲ
1555 2626 1591 2683 ἑὲ
1640 2631 1881 2686 δύνανται
1917 2635 2057 2688 oin-x-

82 2720 181 2770 τᾶν
227 2718 559 2785 προΐσχοντες
602 2715 698 2773 ὥςε
752 2718 913 2781 ὀλίγοι
966 2717 1016 2771 τ’
1058 2716 1267 2785 ἔχοντες
1320 2718 1541 2779 πολλοὺς
1582 2719 1740 2773 δοκεῖν
1788 2719 1929 2788 ἔχειν
1970 2722 2059 2776 κοοὶ

84 2806 307 2866 πολλοὺς
348 2805 651 2873 προέχοντες
703 2805 906 2870 ὀλίγους
940 2806 1213 2873 (postumam
1256 2804 1428 2873 ἔχειν,
1487 2808 1592 2867 πῶς
1631 2810 1720 2862 οὐκ
1772 2806 1944 2877 ἄνδρες
1993 2832 2058 2877 γε

83 2896 155 2961 τῷ
215 2892 488 2957 ἐξαπατᾶν
530 2895 868 2963 προσέχοντες
920 2895 1005 2949 τὸν
1061 2899 1168 2949 νοῦν
1222 2896 1445 2950 δύναιντ’
1487 2895 1550 2950 ἂν
1602 2900 1823 2952 τοιαῦτα
1876 2921 2059 2970 μηχα-

84 2983 300 3043 nicom:
354 2982 576 3054 Reliqua
638 2984 817 3037 omnia
870 2989 998 3037 sunt
1049 2983 1167 3038 luce
1219 2983 1480 3049 clariora,
1534 2985 1624 3039 sed
1667 2986 1795 3057 quid
1839 2988 1892 3042 in
1934 2987 2058 3045 ὅταν

84 3069 304 3138 maigeo-e
344 3071 497 3125 ποσὶ
540 3072 603 3126 δὲ
644 3070 680 3126 ἅ
722 3071 910 3127 lateret
945 3070 997 3125 id
1035 3088 1159 3126 vero
1191 3079 1307 3127 erat
1337 3072 1797 3129 obscurissimum.
1879 3077 2062 3132 Ludus

13 3216 16 3236 X
85 3158 197 3231 ipse
237 3175 301 3214 ex
352 3159 553 3232 reliqua
612 3168 764 3233 parte
823 3160 923 3215 loci
964 3161 1163 3232 optime
1207 3163 1583 3233 cognoscitur,
1626 3163 1707 3217 vel
1748 3168 2065 3236 agnoscitur

88 3247 298 3318 potine,
338 3264 570 3321 namque
610 3250 688 3303 sic
729 3265 883 3322 saepe
921 3256 973 3304 et
1019 3250 1118 3321 ipsi
1163 3251 1315 3321 pueri
1358 3250 1599 3305 lusimus.
1682 3252 2058 3319 Quaerendum

88 3342 203 3389 erat
256 3335 517 3407 quomodo
570 3337 770 3393 Graece
826 3337 912 3393 hic
969 3336 1128 3393 ludus
1175 3338 1550 3411 appellaretur.
1631 3338 1740 3393 Non
1793 3349 1909 3397 erat
1962 3344 2060 3399 hoc

90 3422 156 3477 ad
199 3423 557 3496 indagandum
600 3426 886 3482 admodum
930 3427 1163 3484 difficile.
1243 3428 1449 3482 Habent
1501 3427 1639 3499 apud
1682 3429 1910 3486 Graecos
1955 3433 2060 3505 ple-

15 3535 19 3563 :
94 3525 256 3584 raquo
314 3512 560 3571 ludorum
618 3532 811 3586 genera
869 3515 1178 3573 adverbium
1241 3523 1416 3572 certae
1475 3515 1672 3572 formae
1725 3535 1846 3575 cum
1903 3522 2068 3577 verbo
