2436 4068
1038 213 1145 263 299

96 362 307 418 censuit
344 358 642 414 secundum
683 357 956 412 senarium
1006 356 1132 410 hinc
1179 353 1559 411 removendum
1608 372 1751 411 esse:
1803 356 2074 430 etsprofe·

95 458 182 506 cto
221 448 459 504 adversis
499 462 663 518 paene
703 444 967 499 frontibus
1002 451 1334 499 concurrunt
1368 444 1471 497 ista
1511 444 1653 498 inter
1692 460 1844 507 sese,
1890 453 1950 500 ut
1981 441 2075 517 qui

96 539 180 592 bis
220 544 407 592 utatur
448 534 552 588 illis
603 533 902 588 necessario
947 531 1134 587 debeat
1178 531 1463 587 abstinere.
1542 532 1640 587 Est
1693 538 1870 588 tamen
1919 534 2075 589 Euri·-

98 625 239 698 pidis
277 622 574 679 versiculus
612 621 780 675 bonae
819 626 1006 675 notae:

395 709 583 770 ἄπολις
606 749 622 773 ,
663 707 871 769 ἄοικος,
913 707 1102 776 φυγὰς
1139 707 1406 768 ἀλητεύων
1444 709 1644 776 χθόνοο,

95 798 188 854 sed
230 797 447 853 aliunde
486 814 518 852 a
565 796 745 852 nescio
801 811 908 867 quo
947 801 1165 867 propter
1201 793 1438 866 aliquam
1479 798 1786 868 argumenti
1826 797 2080 854 similitu⁴

94 886 275 942 dinem
316 888 371 941 in
422 885 666 956 margine
705 882 1029 955 adscriptuS.
1108 881 1285 936 Etiam
1327 882 1454 937 olim
1509 883 1666 939 multi
1717 884 1894 952 suere,
1936 903 2083 959 quos

96 975 324 1030 mirifice
372 977 580 1030 iuvaret
636 972 777 1026 locos
830 971 1032 1025 similes
1085 970 1365 1041 reperisse.
1448 971 1646 1026 Malum
1694 972 1897 1030 factum
1940 974 2083 1047 quod

94 1073 206 1119 tam
245 1080 401 1135 saepe
433 1080 497 1118 ex
530 1078 624 1116 ora
656 1059 780 1114 libri
816 1075 933 1114 sese
971 1059 1027 1112 in
1061 1056 1288 1112 alienam
1326 1057 1506 1114 sedem
1548 1060 1909 1118 insinuabant.
1966 1061 2082 1117 Non

97 1153 221 1208 alibi
264 1151 459 1207 melius
498 1151 599 1205 iste
651 1164 802 1204 error
844 1144 1209 1219 deprehensus
1247 1153 1329 1201 est
1370 1163 1531 1218 quam
1573 1147 1716 1220 apud
1756 1149 2084 1224 Aeschylum

98 1243 153 1296 in
200 1242 377 1296 Persis
417 1257 492 1293 νε.
529 1242 672 1293 255:
1000 1244 1001 1247 ’

399 1329 521 1394 ὤμοι
544 1369 559 1389 ,
602 1326 758 1381 κακὸν
797 1325 892 1391 μὲν
916 1328 1124 1390 πρῶτον
1164 1323 1456 1388 ἀγγέλλειν
1495 1323 1638 1379 κακοὶ
1658 1362 1673 1390 ,

99 1417 190 1472 ubi
226 1418 279 1471 in
318 1433 411 1471 ora
446 1413 647 1470 codicis
688 1412 910 1468 Medicei
951 1410 1284 1482 adscriptum
1322 1419 1439 1466 est:

402 1506 573 1572 ςέργει
614 1503 719 1570 γὰρ
760 1500 919 1561 οὐδεὶς
959 1497 1195 1564 ἄγγελον
1234 1506 1403 1555 κακῶν
1443 1502 1591 1556 ε’πῶν.

97 1594 190 1667 qui
244 1609 432 1648 versus
480 1593 535 1645 in
596 1588 930 1662 Apographis
989 1595 1238 1660 receptus
1291 1596 1374 1644 est
1429 1589 1484 1643 in
1540 1589 1791 1664 Aeschyli
1849 1597 2083 1647 textum:

94 1683 354 1756 pessime,
396 1697 520 1734 nam
564 1678 887 1751 Sophocleus
942 1683 1023 1731 est
1067 1693 1130 1731 ex
1188 1676 1452 1748 Antigone
1487 1681 1632 1742 277,
1686 1686 1748 1734 ut
1798 1679 1901 1733 viri
1942 1679 2085 1736 docti

96 1776 439 1826 monuerunt.
522 1766 610 1821 Sic
663 1767 729 1822 ad
778 1764 1155 1821 Prometheum
1219 1782 1297 1819 vs,
1343 1769 1474 1820 155:
1534 1765 1684 1829 σύθην
1743 1768 1786 1822 δ’
1837 1768 2083 1831 ἀπέδιλος

94 1858 371 1915 annotavit
428 1856 658 1927 aliquis:
718 1856 945 1921 γείτονες
1005 1853 1189 1921 ἄζωςοι
1255 1853 1418 1908 ἔκιονε
1482 1870 1637 1909 nemo
1692 1863 1873 1911 autem
1927 1857 2084 1930 paulo

95 1948 301 2003 doctior
340 1945 613 2000 nesciebat
653 1943 972 1998 Hesiodeum
1016 1941 1075 1996 Ο.
1113 1950 1167 1996 et
1201 1942 1262 1996 l).
1306 1946 1442 1995 345:

398 2034 624 2099 γείτονες
665 2033 849 2101 ἄζωςοι
892 2031 1018 2085 ἔκιον
1046 2073 1058 2094 ,
1104 2031 1330 2099 ζώσαντο
1372 2031 1423 2083 δὲ
1464 2032 1599 2093 πηοί.

100 2126 188 2182 Sic
228 2122 356 2179 ibid.
399 2122 466 2176 ad
507 2139 583 2175 vs,
618 2126 744 2176 578.

581 2212 732 2277 ὀργῆς
773 2208 982 2276 ζεούσης
1020 2209 1147 2262 εἰσὶν
1186 2206 1344 2274 ἰατροὶ
1384 2207 1549 2271 λόγοι.

95 2300 379 2372 adscripsit
421 2298 600 2352 nescio
635 2299 756 2368 quis
793 2295 1083 2351 versiculos
1119 2295 1494 2350 Menandreos:

396 2387 552 2453 λόγος
592 2387 698 2453 γὰρ
737 2387 1059 2453 ἀνθρώποιο-ιν
1100 2386 1247 2438 ἶοῖτοιι
1285 2383 1456 2444 νόσους
1481 2427 1494 2447 ,

397 2480 579 2544 ψυχῆς
619 2475 725 2542 γὰρ
764 2471 909 2534 οὗτος
949 2472 1099 2539 μόνος
1139 2471 1252 2540 ἔχει
1294 2474 1584 2540 θελκτήριος.

95 2574 150 2622 et
185 2564 436 2619 similiter
476 2563 691 2635 passim.
771 2562 884 2616 Non
926 2562 1082 2616 aliter
1117 2560 1471 2632 interpolatus
1510 2569 1591 2616 est
1632 2560 1782 2617 locus
1822 2562 1877 2618 in
1915 2562 2079 2620 Phoe÷

98 2655 259 2709 nissis
299 2670 377 2707 vs,
415 2657 541 2708 555.

399 2741 531 2795 οὗτοι
571 2739 644 2792 τὰ
683 2739 919 2806 χρήματ’
959 2737 1062 2792 731oe
1101 2739 1376 2799 κέκτηνται
1416 2739 1616 2805 βροτοί,

399 2830 472 2883 τοὶ
508 2834 607 2883 τῶν
643 2829 761 2881 θεῶν
800 2826 843 2880 δ’
883 2825 1091 2894 ἔχοντες
1134 2827 1521 2892 ἐπιμελούμεθα
1542 2868 1557 2891 ,

396 2915 520 2972 ὅταν
561 2917 614 2970 δὲ
651 2915 875 2983 χρῄζωσ’
898 2956 912 2979 ,
951 2915 1069 2969 αὔτ’
1108 2917 1453 2983 ἀφαιροῦνται
1494 2915 1674 2971 πάλιν.

29 3039 40 3053 s
96 3005 409 3064 recordatus
446 3011 530 3060 est
569 3002 635 3058 ad
677 3002 807 3058 baec
846 3002 1042 3075 aliquis
1079 3004 1277 3058 senarii
1327 3003 1642 3076 Euripidei:

400 3095 423 3147 ὁ
461 3094 504 3148 δ’
544 3092 699 3159 ὄλβος
734 3094 790 3147 οὗ
831 3092 1050 3157 βέβαιος
1088 3093 1216 3146 ἀλλ’
1255 3093 1546 3162 ἐφήμερος,

97 3198 329 3254 eumque
370 3182 423 3235 in
466 3181 708 3252 margine
748 3181 1030 3252 apposuit:
1072 3178 1264 3236 deinde
1306 3182 1357 3236 in
1404 3188 1610 3236 textum
1653 3183 1870 3255 irrepsit
1909 3183 2075 3239 donec

97 3270 513 3326 Valckenaerius
552 3286 786 3324 errorem
832 3266 1118 3340 patefecit,
1159 3269 1250 3340 qui
1297 3270 1590 3341 permultos
1645 3269 1776 3327 alios
1822 3272 1876 3326 in
1927 3289 2073 3343 prac-

10 3343 13 3388 3
97 3360 428 3414 stantissima
473 3356 767 3428 Tragoedia
823 3356 1085 3428 singulari
1130 3359 1378 3413 acumine
1430 3360 1638 3431 primus
1693 3360 2073 3415 animadvertit

97 3455 150 3503 et
202 3448 364 3502 certis
420 3446 754 3517 argumentis
804 3445 1055 3510 confixit,
1117 3446 1222 3502 vid.
1278 3446 1548 3504 phoeniss,
1606 3465 1711 3503 vSS.
1749 3452 1890 3512 756,
1932 3451 2073 3515 946,

13 3599 15 3605 ¹
105 3539 279 3594 1562,
327 3537 732 3596 1569-1571,
781 3537 960 3597 1576,
1011 3539 1189 3601 1450,
1235 3539 1375 3591 1465
1416 3543 1469 3591 et
1512 3540 1673 3591 1634.
1727 3535 1917 3590 deinde
1967 3537 2070 3593 alia

1603 3626 1692 3661 2³*
