2436 4068
1309 248 1415 297 448

381 397 505 454 tur,
557 390 718 444 etiam
772 387 962 442 menda
1016 388 1193 441 omnia
1240 395 1292 442 et
1333 389 1499 452 vitia,
1555 404 1689 459 quae
1730 389 1939 443 incuria
1988 388 2127 443 fudit
2162 397 2216 443 et
2254 388 2344 443 ho·

379 478 725 532 muncionum
763 475 907 530 aliud
946 476 1219 546 agentium
1259 476 1558 530 oscitantia.
1640 475 1792 547 Apud
1842 476 2112 531 Eubulum
2152 476 2346 531 Athen.

379 582 428 637 p.
468 568 575 619 622
616 565 677 618 E.
723 564 775 616 in
823 562 1114 635 archetypo
1149 564 1416 617 Marciano
1458 561 1632 616 scriba
1672 562 1966 618 dormitans
2018 563 2163 618 dedit
2214 564 2346 618 ἑνω-

376 652 652 717 γαλιςαι
707 651 890 715 σεμνὸς
941 652 1202 712 οὶλλᾶντος
1242 650 1426 716 τόμος,
1466 650 1607 705 idem
1650 650 1902 705 mendum
1956 652 2012 705 in
2063 651 2345 722 Epitomen

377 739 700 792 translatum
746 743 856 802 est,
897 754 1003 808 qua
1042 737 1149 791 sola
1191 738 1535 793 Eustathium
1571 755 1729 793 usum
1764 755 1879 793 esse
1918 746 2145 794 constat.
2208 737 2347 804 Quid

377 825 588 896 igitur?
646 824 849 879 nullius
889 824 1075 881 iudicii
1127 825 1285 880 homo
1334 827 1525 897 arripit
1575 825 1767 897 cupide
1807 826 2059 880 mendum
2101 843 2196 897 pro
2235 826 2348 880 sin.-

376 930 499 967 cera
546 913 747 977 forma,
801 912 941 968 unde
992 913 1204 984 collegit
1244 915 1449 969 scilicet
1502 915 1707 968 Atticos
1759 913 2071 979 ἑνωγαλιςαι
2114 913 2348 978 dixisse,

377 1000 826 1071 quemadmodum
881 1002 1396 1068 κατεγλωττισμένος
1419 1044 1431 1065 ,
1485 1001 1867 1067 ἐξεγλυμμένος
1890 1043 1904 1065 ,
1954 1001 2307 1066 ἐβλαςηκότες
2330 1044 2346 1063 ,

373 1089 876 1155 κατεβλακευμένως
918 1095 972 1143 et
1012 1089 1114 1143 alia
1154 1089 1437 1152 dicebant,
1480 1106 1615 1160 quae
1649 1089 1795 1143 vides
1836 1105 1996 1161 quam
2038 1095 2181 1143 recte
2221 1104 2345 1142 cum

371 1176 687 1241 ἔνωγαλιςαι
742 1183 1148 1247 componantur.
1235 1176 1476 1245 Alterum
1534 1175 1836 1248 exemplum
1891 1183 1973 1231 est
2026 1177 2082 1230 in
2134 1175 2348 1230 Cratino

370 1264 567 1320 Athen.
608 1282 659 1335 p.
701 1268 806 1318 158
847 1265 907 1319 Ε.

519 1353 571 1406 ἐν
611 1353 663 1406 δὲ
702 1359 820 1413 ταῖς
860 1353 1108 1421 λέσχαισι
1148 1353 1350 1423 φύσκαι
1393 1352 2057 1422 προσπεπατταλευμέναι,

446 1439 765 1494 Eustathius
811 1441 867 1493 in
908 1458 1006 1495 sua
1045 1442 1291 1512 Epitome
1330 1440 1460 1510 legit
1507 1439 2129 1508 προσεπατταλευμέναι,
2168 1438 2348 1494 lectio·

376 1529 460 1582 nis
500 1544 738 1583 errorem
778 1544 894 1583 esse
931 1546 997 1583 ne
1037 1530 1345 1601 suspicatur
1385 1528 1598 1600 quidem
1623 1570 1636 1592 ,
1690 1535 1923 1583 metrum
1980 1544 2138 1581 ruere
2177 1527 2347 1582 multo

378 1616 541 1669 etiam
589 1617 801 1680 minUS,
845 1622 899 1670 et
939 1633 1096 1670 suum
1140 1616 1727 1684 προσεπατταλευμέναι
1765 1633 1888 1670 cum
1925 1617 2168 1678 ἐκτῆσθαι
2210 1632 2350 1669 com·

373 1708 525 1774 parat
561 1710 613 1756 et
654 1705 708 1757 in
748 1705 935 1775 paucis
989 1705 1370 1759 Ἀττικώτατον
1423 1721 1537 1758 esse
1587 1703 1750 1757 stulte
1801 1703 2067 1774 opinatur.
2146 1702 2346 1758 Eodem

370 1797 524 1861 pacto
563 1793 611 1845 ei
656 1792 913 1862 imposuit
953 1793 1143 1846 vitiosa
1183 1793 1451 1863 scriptura
1490 1791 1814 1860 ἐχαλκευται
1856 1797 1909 1845 et
1946 1790 2253 1856 ἐβούλευκεν
2292 1797 2347 1845 et

368 1878 640 1942 ἐξεπίακεν
696 1878 995 1953 (ἐξίπωκεν,
1054 1880 1248 1942 cred0,
1303 1880 1500 1935 alicubi
1559 1881 1637 1934 sic
1689 1887 1804 1934 erat
1861 1877 2231 1951 depravatum)
2292 1885 2348 1934 et

370 1983 564 2037 magna
617 1984 741 2021 cum
781 1968 1045 2038 gravitate
1086 1967 1238 2022 nobis
1293 1969 1425 2023 istas
1479 1968 1706 2039 ineptias
1752 1966 1985 2038 apponit.
2064 1965 2345 2022 Caeterum

369 2054 535 2108 nihilo
576 2063 702 2109 sunt
736 2054 821 2110 his
861 2056 1072 2109 saniora
1113 2073 1248 2127 quae
1299 2056 1704 2111 Hemsterhusio
1756 2053 2063 2126 placebant,
2115 2059 2170 2108 et
2209 2053 2347 2109 Pho-

367 2143 478 2196 tius
529 2159 740 2213 quoque
795 2149 870 2196 tot
925 2143 1371 2198 hallucinationes
1410 2152 1463 2199 et
1510 2143 1861 2198 deliramenta
1902 2142 1956 2195 in
1997 2157 2148 2194 suam
2202 2140 2341 2206 λέξιν

367 2230 601 2300 recepit,
647 2237 705 2283 ut
757 2229 966 2285 fatuum
1019 2247 1134 2285 esse
1185 2238 1424 2301 oporteat
1472 2233 1564 2302 qui
1617 2232 1709 2285 isti
1763 2231 1888 2284 testi
1942 2228 2143 2299 aliquid
2196 2230 2343 2284 credi

368 2333 521 2388 posse
576 2318 841 2388 opinetur.
934 2319 1121 2390 Itaque
1166 2318 1492 2384 κεκλειμένον
1541 2326 1591 2373 et
1645 2317 1948 2374 κατέκλειςο
2002 2315 2156 2387 plane
2203 2318 2345 2371 eius-

368 2405 488 2460 dem
550 2412 677 2459 sunt
717 2407 911 2477 pretii,
968 2423 1029 2460 ac
1084 2406 1385 2460 tenebimus
1436 2406 1534 2460 hoc
1587 2406 1641 2460 in
1699 2402 2094 2475 antiquioribus
2145 2405 2343 2460 Atticis

367 2494 623 2563 κέκλῃμαι
666 2501 789 2548 cett.
833 2493 1032 2566 ubique
1071 2510 1185 2548 esse
1224 2493 1650 2558 restituendum,
1688 2493 1995 2558 κέκλεισμαι
2032 2492 2342 2563 sequiorum

367 2599 510 2645 esse,
552 2588 603 2636 et
637 2582 910 2648 κέκλειμαι
948 2583 1003 2635 in
1038 2581 1419 2636 Graeculorum
1458 2582 1692 2637 cerebris
1726 2595 1842 2636 esse
1882 2587 2086 2634 natum.
2140 2579 2201 2634 In
2239 2587 2343 2635 ter·

368 2670 662 2723 minatione
720 2670 1077 2741 perfectorum
1120 2672 1173 2724 in
1223 2691 1343 2735 ·μαι
1385 2677 1437 2724 et
1475 2691 1627 2736 -σμαι
1671 2685 1800 2722 usus
1849 2667 2195 2734 dominatur,
2251 2669 2343 2723 sed

367 2763 549 2811 certus
590 2763 642 2811 et
683 2757 909 2812 stabilis,
991 2757 1204 2812 Dicitur
1251 2757 1576 2826 ἔρρωμαι,
1619 2756 1922 2824 ἐρρωμένος,
1962 2757 2341 2824 ἐρρωμενέςερος

369 2844 597 2915 ubique,
638 2862 884 2916 semper,
926 2844 991 2899 ab
1031 2846 1314 2910 omnibuS,
1356 2845 1447 2900 sed
1502 2845 1686 2899 eadem
1739 2845 2039 2898 constantia
2089 2843 2338 2912 ἄρρωςος,

367 2932 616 2999 ἀρρωςία,
656 2935 910 3000 αρρωςεῖν.
990 2935 1201 2988 Dicitur
1248 2934 1321 3002 έζ
1332 2956 1414 2988 ωσ
1429 2955 1586 2999 μαι,
1628 2933 1989 3001 παρέζωσμαι,
2029 2933 2338 3000 διέζωσμαι,

366 3019 744 3087 περιέζωσμαι,
802 3020 891 3075 Sed
950 3021 1133 3088 ζῶμα,
1193 3021 1493 3090 περίζωμα,
1552 3021 1824 3088 διάζωμα,
1884 3019 1975 3074 sed
2036 3019 2227 3087 ἄζωςος
2284 3028 2338 3075 et

364 3108 542 3176 ζωςήρ.
621 3107 832 3161 Dicitur
885 3109 1315 3185 κέχρωσμαι,
1357 3111 1797 3177 συγκέχρωσμαι,
1841 3108 1932 3162 sed
1969 3109 2196 3175 χρῶμα,
2245 3108 2338 3162 sed

360 3195 590 3264 χρωςόςε
632 3195 883 3249 similiter
917 3196 1284 3262 κέχωσμαι,
1325 3199 1516 3264 χῶμα,
1555 3197 1744 3264 χωςός,
1796 3196 2006 3249 Dicitur
2040 3196 2333 3260 σέσωσμαι,

363 3284 455 3339 sed
508 3284 671 3350 σωτήρ
728 3290 782 3338 et
833 3281 1044 3344 ἄσωτος.
1138 3285 1348 3339 Dicitur
1399 3285 1783 3349 έγνωσμαι,
1835 3288 2052 3347 γνῶμα,
2104 3285 2334 3348 γνωςός,

362 3372 454 3426 sed
493 3372 868 3438 τέτρωμαι,
908 3378 1114 3438 τρῶμα,
1167 3371 1381 3439 τρωτός,
1422 3380 1475 3425 et
1513 3373 1902 3437 βέβρωμαι,
1942 3373 2161 3438 βρῶμα,
2203 3374 2331 3439 βρω-

361 3460 479 3522 τός,
539 3459 787 3526 ἄβρωτος.
883 3459 1093 3514 Dicitul·
1146 3459 1596 3527 κέκρουσμαι,
1656 3462 1886 3526 κροῦμα,
1942 3459 2181 3526 κρουςός,
2239 3458 2331 3513 sed

358 3547 775 3614 κεκόλουμαι
817 3553 870 3602 et
908 3548 1246 3612 λέλουμαι
1289 3555 1342 3602 et
1378 3547 1611 3608 ἄλουτος.
1695 3547 1903 3601 Dicitur
1944 3547 2329 3613 πέπαυμαι,

358 3635 652 3701 ἐπαύσθην,
696 3634 933 3697 ἄπαυςος
977 3636 1089 3708 (se-d
1130 3635 1365 3692 librariis
1414 3636 1585 3708 placet
1636 3635 1856 3698 ἐπαύθην
1911 3637 2105 3707 passini
2147 3636 2335 3694 vitioso
