2436 4068
1298 198 1402 248 568

370 348 413 401 δ’
453 346 628 401 εἰκότα
681 349 919 411 ποιοῦμεν
960 343 1045 396 καὶ
1087 339 1203 395 ταδ’
1253 341 1543 404 ἐννοήσατε.
1628 340 1983 411 Saepissime.
2043 345 2104 393 ut
2157 347 2342 394 notum

369 441 485 498 est,
527 433 775 488 Oratores
808 434 883 485 ita
921 431 1234 501 loquuniur.
1314 427 1446 481 Ibid.
1482 427 1572 481 Vl.
1615 445 1668 481 11.
1713 431 1800 481 21.
1855 431 1898 482 οἱ
1935 429 1976 482 δ’
2010 427 2177 481 οὐκέτι
2217 429 2346 481 ἐπα·

368 523 620 590 νέςρεψαν
646 563 658 585 ,
703 520 911 589 corrige
949 518 1273 585 οένέςρεψαν,
1316 522 1374 569 ut
1429 532 1591 584 supra
1631 516 1911 584 οένέςρεφόν
1951 538 2011 570 τε
2050 516 2137 570 καὶ
2181 515 2345 582 ἔβαλ-

369 624 473 664 λον.
557 610 622 662 Ut
672 624 827 678 saepe
881 605 1005 659 alibi
1060 609 1137 658 sie
1190 604 1290 658 hoe
1338 603 1451 657 loeo
1493 612 1615 657 ΕΤΙ
1670 604 1873 674 peperit
1925 603 2344 675 dittographianl

369 708 481 753 ΕΠ.
571 694 847 750 Articulus
902 693 1062 765 periit
1099 692 1212 745 VII.
1266 709 1340 746 111.
1385 696 1436 746 6.
1495 699 1599 753 πῶς
1652 692 1841 745 δίκαιον
1902 692 2040 756 ὑμᾶς
2100 693 2224 759 παρ’
2282 690 2345 746 ὧν

371 786 601 850 ἐλάβετε
657 783 940 850 σπέρματα
998 782 1084 835 τὸν
1139 781 1330 835 τούτων
1381 783 1506 834 ποτὲ
1556 780 1751 846 καρπὸν
1804 780 1967 833 ἐλθεῖν
2021 780 2383 852 δήῶσονταςς,

372 872 559 945 supple
599 871 827 937 ἐλάβετε
872 869 985 942 (τὰ)
1027 869 1328 935 σπέρματα.
1410 866 1747 921 Manifestum
1786 866 2040 920 mendum
2083 868 2223 922 inest
2260 868 2348 922 VI.

371 979 440 1015 lv.
485 965 534 1014 ὅ.
590 960 645 1012 in
688 958 896 1013 verbis:
952 957 1094 1025 εἴπερ
1134 954 1215 1011 οὖν
1256 957 1284 1020 ἢ
1325 960 1517 1010 σαυτοῦ
1564 956 1700 1018 κήδει
1742 956 1770 1018 ἢ
1812 964 1904 1018 τῆς
1959 957 2199 1023 πατρίδος
2243 959 2351 1012 ε’πι-

372 1052 546 1115 θυμεῖς
570 1086 583 1104 ,
625 1053 685 1100 ut
721 1063 875 1117 saepe
910 1045 1036 1099 alibi
1077 1054 1122 1099 H
1164 1052 1350 1099 natum
1386 1051 1464 1098 est
1503 1061 1568 1097 ex
1604 1051 1679 1096 ΤΙ
1719 1042 2170 1114 scribendumque
2210 1044 2352 1112 εἴπερ

375 1135 454 1192 οὖν
495 1159 544 1191 τι
586 1140 777 1190 σαυτοῦ
819 1135 986 1198 κήδει,
1028 1132 1166 1204 qnod
1216 1134 1272 1186 in
1314 1132 1412 1185 hoe
1448 1131 1608 1185 verbo
1649 1130 1882 1184 solemne
1924 1139 2039 1195 est,
2080 1131 2126 1184 si
2163 1150 2263 1203 qua
2304 1142 2353 1186 te

377 1244 502 1280 cura
562 1225 761 1296 tanqit,
820 1220 1275 1294 quemadmodum
1333 1236 1488 1291 saepe
1539 1218 1788 1272 dicebant
1841 1220 1889 1272 εἴ
1936 1240 1986 1273 τι
2039 1223 2212 1287 φιλεῖς
2263 1243 2352 1286 με.

379 1312 663 1385 Sophocles
714 1309 897 1381 Oedip.
941 1310 1193 1382 Tyranno
1232 1311 1392 1362 1060.

678 1401 751 1465 μὴ
792 1399 913 1465 πρὸς
953 1400 1069 1451 θεῶν
1095 1439 1108 1462 ,
1148 1395 1288 1462 εἴπερ
1328 1417 1378 1450 τι
1419 1400 1506 1449 τοῦ
1549 1399 1740 1449 σαυτοῦ
1779 1397 1898 1461 βίου

679 1488 846 1551 κήδει,
887 1486 1152 1553 ματεύσιρς
1193 1485 1343 1538 τοῦθ’.
1385 1480 1504 1544 ἅλις
1545 1486 1736 1537 voa-050³
1777 1485 1898 1548 ἐγώ.

378 1575 760 1648 Aristophanes
800 1575 1032 1628 Acharn.
1075 1576 1234 1626 1028.

679 1665 805 1716 ἀλλ’
845 1661 893 1715 εἴ
929 1683 979 1716 τι
1020 1663 1157 1725 κήδει
1200 1661 1452 1729 Δερκέτου
1493 1660 1782 1724 Φυλασίου,

381 1761 433 1809 ei
475 1755 529 1806 in
570 1750 813 1805 Nubibus
857 1753 978 1804 106.

685 1842 810 1893 αλλ’
850 1838 898 1892 εἴ
931 1859 980 1892 τι
1022 1839 1161 1901 κήδει
1201 1843 1298 1891 τῶν
1339 1835 1582 1903 πατρῴων
1624 1835 1880 1903 ἀλφίτων.

381 1930 531 1984 Plato
571 1929 624 1981 in
668 1927 863 1997 Gorgia
913 1944 960 1997 p.
1002 1929 1108 1980 462
1152 1927 1213 1980 A.
1267 1926 1392 1979 αλλ’
1429 1923 1476 1977 εἴ
1514 1944 1563 1977 τι
1603 1925 1741 1985 κήδει
1779 1927 1866 1976 τοῦ
1907 1923 2064 1988 λόγου
2100 1930 2188 1979 τοῦ
2228 1926 2359 1992 εἰρή-

381 2019 560 2085 μένου,
602 2022 654 2069 et
696 2016 749 2067 in
793 2015 984 2086 Hippia
1026 2015 1222 2068 Maiore
1277 2031 1326 2085 p.
1364 2016 1469 2067 285
1512 2012 1572 2065 E.
1630 2011 1771 2078 εἴπερ
1809 2032 1857 2064 τι
1899 2017 1996 2065 τῶν
2036 2014 2148 2066 υἱῶν
2191 2014 2358 2076 κήδον·

379 2129 487 2162 ται.
568 2102 857 2174 Xenophon
901 2103 1013 2174 ipse
1051 2103 1102 2155 in
1145 2101 1436 2175 Cyropaed.
1474 2101 1534 2155 V.
1578 2118 1623 2153 v.
1669 2105 1755 2154 54.
1812 2099 1859 2152 εἴ
1897 2121 1945 2153 τι
1983 2101 2107 2165 ἐμοῦ
2148 2101 2360 2166 ἐκήδου,

382 2203 434 2250 et
474 2193 616 2248 alibi.
948 2231 951 2234 f

460 2283 517 2336 ln
571 2280 771 2335 Hellen.
808 2278 894 2331 VI.
937 2295 971 2331 ι.
1016 2283 1066 2332 5.
1123 2279 1174 2331 in
1219 2277 1395 2332 verbis
1437 2278 1589 2331 ὁπότε
1631 2277 1682 2330 δὲ
1730 2276 2041 2344 περιγένοιτο
2075 2285 2166 2339 τῆς
2209 2298 2361 2345 προσ·

383 2371 492 2425 ὁδου
543 2368 779 2422 dubitari
825 2383 928 2419 non
987 2373 1158 2437 potest
1214 2366 1342 2436 quin
1403 2386 1451 2419 τι
1493 2363 1752 2418 exciderit
1794 2371 2009 2435 propter
2047 2374 2094 2419 Π
2136 2383 2364 2436 sequens

382 2457 436 2514 e‘t
477 2455 833 2529 supplendum
870 2455 938 2508 sit
992 2455 1145 2509 ὁπότε
1191 2454 1242 2507 δέ
1283 2475 1332 2507 τι
1375 2453 1702 2520 περιγένοιτο.
1785 2451 2104 2522 Saepissime
2156 2452 2358 2508 sactum

385 2553 466 2601 est
504 2553 565 2600 ut
604 2566 652 2599 τι
689 2543 874 2599 eadem
918 2542 982 2597 de
1022 2558 1182 2596 eausa
1233 2542 1468 2612 periret,
1512 2547 1571 2594 ut
1611 2541 1664 2593 in
1721 2539 2007 2594 Hellenicis
2048 2548 2099 2594 et
2147 2541 2270 2595 alibi
2313 2549 2365 2596 et

387 2635 449 2688 V.
493 2652 547 2688 11.
594 2636 699 2697 12,
758 2631 850 2685 ubi
907 2631 1092 2698 σχεδὸν
1149 2629 1342 2689 παντες
1399 2628 1598 2698 legitur
1650 2644 1746 2699 pro
1802 2627 1986 2696 σχεδόν
2049 2650 2098 2682 τι
2145 2628 2363 2690 πάντες.

386 2722 499 2776 Non
541 2728 622 2775 est
655 2720 917 2775 Graecum
955 2717 1094 2789 quod
1137 2716 1276 2788 apud
1333 2716 1714 2788 Antiphontem
1752 2716 1790 2769 Ι.
1840 2720 1926 2771 19.
1980 2717 2243 2787 scriptum
2285 2726 2365 2771 est

384 2810 579 2875 οἰομένη
619 2807 777 2871 δεξιὸν
826 2814 1022 2870 ποιεῖν,
1063 2807 1272 2875 corrige
1314 2804 1471 2868 δεξιόν
1525 2825 1574 2858 τι
1624 2811 1800 2858 ποιεῖν.
1881 2804 2196 2858 Rectissime
2235 2803 2362 2857 dici-

386 2905 478 2951 lur
518 2898 692 2951 δι’καια
740 2903 935 2958 ποιεῖν,
990 2893 1254 2961 πάσχειν,
1313 2894 1524 2958 λέγειν,
1564 2893 1751 2959 μέτρια
1789 2892 2000 2957 λέγειν,
2039 2891 2220 2955 azyaco&
2263 2893 2363 2956 οἰγ-

387 2985 627 3049 γέλλειν,
669 2983 760 3037 sed
796 2984 849 3036 in
887 2981 1152 3052 singulari
1191 2998 1416 3035 numero
1454 2981 1555 3034 nisi
1593 3002 1642 3034 τι
1681 2980 1966 3034 accesserit
2005 2978 2206 3032 soloeoa
2247 2996 2363 3033 ora-

387 3073 462 3126 tio
516 3078 595 3124 est
645 3078 697 3124 et
738 3071 1037 3140 requiritur
1087 3069 1276 3123 δίκαιόν
1323 3091 1410 3133 τι,
1450 3067 1652 3136 μέτριόν
1692 3089 1780 3130 τι,
1823 3067 2017 3132 ἀγαθόν
2058 3087 2125 3120 τι.
2207 3067 2363 3138 Apud

387 3158 812 3230 Theophrastum
857 3159 909 3210 in
959 3157 1201 3210 Charact.
1240 3158 1332 3212 XI.
1375 3174 1471 3228 pro
1517 3156 1603 3210 καὶ
1645 3155 1956 3210 σπενδόντων
2014 3155 2262 3219 ἐκβαλεῖν
2304 3160 2362 3210 τὸ

387 3249 617 3315 ποτήριον
657 3245 743 3299 καὶ
785 3244 1015 3309 γελάσαι
1070 3247 1134 3305 ὡς
1176 3244 1471 3311 τεροὲςιόν
1528 3265 1577 3297 τι
1634 3244 1951 3306 πεποιηκώς,
1993 3244 2191 3314 optime
2249 3260 2360 3297 eor-

386 3342 599 3391 reotum
631 3339 714 3388 est
753 3332 954 3386 dudum
991 3330 1156 3399 ὥσπερ
1187 3331 1360 3389 οΞς-εῖόν
1395 3352 1479 3393 τι,
1516 3330 1607 3384 sed
1648 3348 1803 3384 nemo
1838 3333 2058 3402 recepit.
2140 3331 2363 3385 Isocrati

382 3423 545 3478 redde
604 3423 657 3475 in
717 3419 862 3475 Orat.
901 3420 1012 3472 XV.
1055 3424 1182 3473 511.
1239 3419 1381 3472 κατα
1439 3421 1612 3484 μικρὸν
1672 3420 1756 3472 ozel
1793 3440 1842 3473 τι
1897 3419 2210 3485 προςιθέντες
2267 3436 2362 3490 pro

385 3511 598 3582 vulgata
637 3511 716 3564 οὲεὶ
763 3508 1092 3577 προςιθέντες.
