2436 4068
1262 209 1367 259 556

337 358 364 424 §
411 359 495 409 18.
547 360 690 409 recte
733 353 833 406 viri
875 351 1016 406 docti
1058 350 1207 407 ἕνεκα
1256 351 1438 406 abesse
1479 356 1762 404 senserunt
1823 353 2308 426 scribendumque:

334 443 473 497 οὐδέν
515 464 564 496 τι
617 445 825 506 μᾶλλον
870 441 1050 495 τούτου
1098 438 1289 514 (ἕνεκα)
1353 441 1551 505 θαρρεῖ,
1594 445 1646 492 et
1686 440 1740 492 iu
1790 440 1893 495 fine
1931 444 2310 513 corrigendum

336 534 559 585 τοιοῦτον
597 564 669 573 -—
708 525 833 582 οἷον
873 529 974 592 ἐγὼ
1015 530 1148 589 δηλῶ
1191 544 1284 598 pro
1325 524 1376 580 ἓν
1418 527 1520 591 ἐγὼ
1563 527 1715 588 δηλῶ.

416 620 478 672 In
528 634 640 688 cap.
680 616 769 671 III.
825 620 874 669 2.
931 617 1133 670 ποθοῦσι
1187 615 1239 669 δὲ
1300 613 1362 668 ἄν
1425 635 1519 668 που
1575 615 1773 683 άπίη,
1834 617 1983 680 ἥδιςα
2042 619 2093 671 δὲ
2151 620 2315 673 πάλιν

337 704 612 773 προσιόντα
650 704 921 772 δέχονται,
962 703 1199 758 diximus
1242 719 1405 774 supra
1441 704 1553 770 άπῇ
1589 719 1704 758 esse
1742 705 2140 775 corrigendum.
2223 708 2315 762 Pe·

339 794 478 864 perit
531 799 710 846 autem
783 808 1019 846 errorem
1091 791 1330 845 vicinum
1381 790 1655 857 προσιόντα
1712 798 1764 845 et
1823 794 2022 863 passim
2082 792 2210 847 εἶναι
2265 802 2318 848 et

338 881 496 944 ἱέναι,
536 881 598 934 ὤν
639 887 691 934 et
726 881 806 933 ἰών
842 879 1284 944 confunduntur,
1324 879 1641 949 praesertim
1682 879 1736 932 in
1770 882 2097 951 compositis
2178 881 2315 936 Sunt

338 968 469 1023 adeo
509 969 602 1040 qui
644 974 861 1040 propter
902 967 1059 1022 fidem
1115 967 1375 1020 librorum
1429 963 1558 1020 εἶναι
1597 967 1652 1019 in
1690 969 2002 1038 compositis
2041 986 2135 1040 pro
2190 970 2316 1024 ἰέναι

337 1055 501 1110 scribi
566 1073 718 1127 posse
791 1055 974 1110 faciles
1050 1054 1288 1109 credant.
1390 1054 1702 1108 Turbarunt
1767 1055 1974 1109 librarii
2047 1059 2075 1127 §
2135 1062 2186 1111 5.
2259 1059 2316 1111 in

334 1145 526 1207 νηποινὶ
566 1144 914 1206 ἀποκτείνειν,
970 1142 1272 1197 afferuntur
1311 1159 1340 1196 e
1387 1142 1540 1196 libris
1587 1143 1843 1206 νηποινεὶ,
1886 1152 2090 1207 νηποινῆ
2139 1152 2192 1200 et
2237 1167 2315 1208 νη-

333 1232 502 1287 ποινά,
584 1232 721 1287 Vera
762 1233 1032 1302 scriptura
1077 1238 1157 1284 est
1197 1231 1418 1294 νηποινί,
1461 1247 1598 1302 quae
1637 1232 1690 1284 in
1732 1233 1958 1286 vetustis
1992 1233 2146 1286 libris
2193 1241 2316 1288 NH-

335 1329 587 1376 ΠΟΙΝΕΙ
645 1320 808 1374 scribi
861 1319 1008 1374 solet.
1102 1319 1256 1391 Apud
1311 1319 1628 1391 Dionysium
1683 1318 1852 1373 Halic.
1902 1322 1961 1374 A.
2014 1321 2076 1374 R.
2114 1322 2179 1376 X.
2226 1327 2315 1376 55.

334 1409 391 1462 in
432 1409 680 1464 omnibus
711 1408 867 1462 libris
908 1417 988 1462 est
1033 1408 1094 1482 (οἱ
1135 1406 1294 1480 νόμοι)
1349 1407 1639 1461 κελεύουσιν
1679 1407 1708 1470 ἢ
1760 1415 1970 1462 ποιεῖν
2010 1409 2038 1472 ἢ
2078 1409 2314 1465 τεθνάναι

333 1498 453 1559 τοὺς
495 1498 812 1564 ὑβρίσαντας
855 1496 948 1570 (εἰς
990 1493 1316 1566 addendum)
1358 1496 1431 1549 τοὶ
1468 1500 1566 1548 τῶν
1605 1495 1886 1562 δημάρχων
1926 1498 2168 1562 σώματα.
2229 1499 2318 1552 Vi·

334 1585 428 1640 des
488 1601 593 1657 quo
645 1583 838 1638 abierit
888 1584 1110 1655 antiqua
1146 1585 1415 1654 scriptura
1470 1583 2317 1641 κελεύουσΙΝΗΠΟΙΝΙΤεθνά-

333 1694 451 1738 ναι,
494 1690 654 1745 quam
704 1673 974 1727 revocavit
1023 1671 1367 1725 Casaubonus
1403 1672 1666 1725 κελεύουσι
1727 1673 1981 1734 νηποινὶ
2042 1673 2316 1739 τεθνάναι,

339 1770 394 1817 ut
446 1769 594 1816 recte
638 1762 838 1832 legitur
880 1762 945 1815 ll.
992 1765 1079 1816 10.
1126 1758 1269 1819 ὅσους
1311 1759 1588 1824 ἠβούλοντο
1641 1760 1901 1822 νηποινὶ
1954 1763 2224 1827 τεθνάναι,
2265 1770 2318 1818 et

330 1850 451 1905 aliis
490 1850 636 1904 locis.

410 1939 469 1993 In
519 1941 638 2009 §8.
694 1955 787 2009 pro
839 1939 1062 2005 εὑρήσεις
1119 1937 1214 2002 μὲν
1272 1937 1390 1996 τοὺς
1443 1937 1646 1996 ἰδιώτας
1705 1936 1964 1991 Stohaeus
2014 1940 2318 2005 roetissime

331 2029 449 2088 τοὺς
489 2027 585 2092 μέν
638 2027 943 2098 transponit
992 2033 1044 2080 et
1083 2025 1290 2079 πάντων
1331 2024 1478 2078 addit
1516 2025 1569 2076 in
1621 2041 1736 2095 sqq.
1781 2026 1877 2080 ὑπὸ
1934 2027 2124 2082 τούτων
2168 2028 2317 2103 (πάν-

331 2114 451 2188 των)
493 2114 702 2180 μάλιςα
746 2115 1104 2184 φιλουμένους.
1188 2115 1423 2185 Apparet
1473 2113 1525 2164 in
1575 2113 1771 2166 vicinia
1814 2122 2115 2169 monstrum
2164 2134 2314 2171 voca-

331 2203 441 2256 buli
494 2203 946 2267 άπεκτονηκότας,
1006 2219 1165 2274 quam
1225 2201 1504 2255 barbaram
1562 2199 1787 2253 formam
1843 2218 1904 2255 eo
1962 2206 2175 2274 turpius
2234 2213 2316 2260 est

330 2291 566 2345 nondum
611 2308 726 2346 esse
766 2292 1117 2361 castigatam,
1175 2307 1341 2361 quum
1387 2287 1667 2343 emendata
1718 2290 1986 2359 scriptura
2035 2294 2315 2348 άπεκτονό-

329 2401 427 2441 τας
468 2379 607 2451 apud
664 2379 948 2433 Stobaeum
1002 2379 1202 2450 optime
1253 2385 1466 2432 servata
1516 2378 1602 2430 sit.
1686 2377 1809 2430 Post
1852 2395 2022 2448 pauca
2066 2379 2313 2434 Graeculi

328 2467 393 2522 de
434 2484 529 2521 suo
567 2467 836 2534 τυράννους
880 2467 1064 2537 putide
1122 2469 1500 2528 inseruerunt,
1544 2466 1596 2518 in
1640 2464 1816 2518 verbis
1867 2469 2089 2527 πολλοὺς
2130 2469 2181 2521 δὲ
2222 2469 2310 2522 καὶ

328 2558 425 2611 ὑπὸ
465 2561 718 2621 γυναικῶν
757 2562 855 2609 τῶν
896 2557 1087 2610 ἑαυτῶν
1148 2554 1461 2625 [τυράννους]
1511 2554 1940 2621 διεφθαρμένους,
1985 2555 2074 2608 uhi
2114 2557 2310 2611 emble-

330 2660 416 2698 ma
459 2646 573 2716 ipsa
613 2643 766 2697 sedes
807 2645 1004 2713 arguit.
1087 2645 1143 2696 ln
1194 2647 1221 2714 ᾗ
1263 2647 1311 2695 9.
1359 2643 1454 2696 ὑπὸ
1497 2643 1595 2695 τῶν
1649 2642 1806 2710 φύσει
1843 2645 2151 2712 πεφυκότων
2205 2645 2307 2710 μά-

323 2745 451 2789 λιςα
490 2738 729 2800 φιλεῖν
770 2731 928 2785 lectio
962 2738 1139 2801 φιλεῖν
1181 2748 1208 2785 a
1245 2730 1528 2784 Codicibus
1574 2731 1948 2784 auctoritatem
1991 2731 2150 2786 habet
2192 2733 2306 2786 nul-

326 2819 470 2880 lam,
526 2818 617 2873 sed
670 2836 701 2871 a
753 2836 881 2873 sana
932 2821 1141 2873 ratione
1185 2826 1236 2872 et
1289 2820 1553 2873 sententia
1606 2818 1703 2871 loci
1763 2820 1894 2872 satis
1952 2818 2111 2874 habet
2167 2838 2307 2875 com·
2391 2811 2394 2813 ’

327 2906 720 2961 nlendationis:
772 2913 887 2960 tum
931 2906 1093 2961 scribi
1151 2906 1307 2961 debet
1352 2906 1538 2960 οἴεσθαι
1598 2909 1756 2974 χρή,
1817 2915 1873 2960 ut
1922 2908 2148 2973 assolet,
2202 2926 2305 2963 non

323 3015 471 3062 96an-

406 3085 465 3137 ln
508 3100 606 3154 cap
663 3083 750 3136 IV.
796 3087 845 3135 02.
903 3083 1247 3137 vehementer
1288 3091 1535 3155 suspecta
1583 3091 1709 3137 sunt
1762 3083 1920 3137 verba
1978 3087 2090 3154 [τοῦ
2145 3092 2302 3146 πιςῶς

325 3172 448 3238 πρός
487 3192 632 3231 τινας
686 3171 887 3240 ἔχεινῙ,
940 3189 1075 3241 quae
1123 3179 1174 3225 et
1216 3171 1414 3241 frigent
1456 3178 1508 3224 et
1561 3189 1662 3224 non
1715 3173 1844 3224 satis
1886 3173 1961 3224 rei
2019 3175 2304 3227 convenire

324 3259 605 3322 videntur,
648 3260 898 3330 quoniam
952 3265 1108 3319 πιςῶς
1151 3259 1291 3326 ἔχειν
1329 3266 1409 3313 est
1456 3260 1601 3318 πιςὸς
1642 3257 1805 3321 εἶναι,
1858 3276 2029 3330 neque
2070 3260 2167 3314 hoc
2218 3268 2299 3334 ty-

322 3364 526 3401 rannus
555 3348 752 3417 expetit
791 3355 848 3399 ut
871 3348 983 3417 ipse
1017 3363 1143 3415 erga
1181 3347 1310 3400 alios
1350 3353 1523 3400 servet
1564 3346 1749 3409 fidem,
1783 3345 1916 3407 ὅπως
1952 3350 2108 3408 αὐτὸς
2148 3352 2295 3410 πιςὸς

326 3435 475 3496 ἔςαι,
519 3435 608 3488 sed
651 3441 710 3488 ut
751 3435 941 3488 babeat
977 3434 1171 3504 quibus
1213 3442 1330 3488 tulo
1368 3434 1585 3488 credere
1623 3435 1804 3503 possit.
1889 3437 1948 3488 ln
2008 3438 2035 3505 ᾗ
2077 3442 2125 3489 5.
2170 3438 2296 3491 εἰκό-

324 3545 414 3583 νας
456 3526 627 3580 ἱςάσιν
682 3526 738 3577 αἱ
788 3523 964 3582 πόλεις
1004 3527 1102 3574 τῶν
1147 3527 1338 3575 τοιοῦτο
1390 3522 1741 3585 ποιησάντων,
1795 3522 1920 3575 ferri
1964 3529 2135 3593 potest
2182 3525 2293 3578 Sto-

321 3611 435 3666 baei
490 3611 646 3664 lectio
686 3615 784 3664 τῶν
822 3615 971 3665 τοῦτο
1024 3610 1374 3675 ποιησάντων,
1432 3610 1524 3664 sed
1571 3610 1787 3680 vulgata
1838 3612 2108 3682 scriptura
2162 3612 2289 3666 ferri

2426 1485 2434 1493 ι
2429 1174 2436 1403 ..-Λ-..-κὴε
2434 1138 2436 1142 .

2410 1895 2430 1964 ἰ’

2419 1977 2427 2001 l

2421 2023 2427 2035 ι

2411 2103 2423 2130 1

2415 2187 2418 2211 l

2407 2250 2419 2271 f

2404 2337 2411 2364 l
