2436 4068
1031 232 1136 281 425

94 378 400 450 compositis
442 377 508 429 iis
552 384 667 430 crat
704 377 756 430 iu
803 393 920 430 usu.
1000 376 1134 430 Nota
1181 375 1235 427 in
1279 374 1470 444 vulgus
1511 390 1595 428 res
1635 381 1714 427 est
1756 382 1805 429 ct
1849 386 2069 433 annota-

94 468 271 521 vimus
308 472 363 519 et
403 466 504 536 ipsi
547 466 603 518 in
657 465 834 536 priore
874 471 1043 535 parte.
1125 462 1295 531 Quam
1350 463 1422 515 sit
1466 477 1525 516 ea
1580 468 1728 516 certa
1781 463 1863 517 lex
1920 464 2075 520 facile

93 561 177 609 est
216 554 509 624 unicuique
547 552 614 606 ad
656 551 1085 624 cognoscendum
1129 558 1182 605 et
1223 548 1606 621 explorandum
1658 550 1711 604 in
1752 551 1915 606 verbo
1971 570 2076 608 uno

91 642 333 696 omnium
376 640 827 711 frequentissimo.
907 639 1058 706 Quod
1099 638 1356 692 debuerat
1410 637 1701 709 Xenophon
1749 638 1927 695 dicere
1974 663 2076 696 πα-

92 729 323 798 ριόντας,
374 727 582 782 videbis
620 727 686 781 ab
725 744 787 782 eo
826 726 952 780 alibi
995 742 1209 797 semper
1267 732 1414 779 recte
1467 726 1590 797 poni
1652 726 1850 792 solere,
1911 729 2075 784 veluti

94 818 185 873 111.
227 835 281 871 11.
325 821 395 871 55
436 823 490 870 et
524 815 612 869 1v.
655 834 709 870 11.
755 819 842 869 15.
901 821 954 869 et
992 814 1137 868 alibi.
1218 813 1454 883 Insignis
1496 814 1548 866 in
1589 813 1728 869 hanc
1770 832 1884 871 rem
1928 817 2076 872 locus

93 913 176 962 est
227 905 317 960 lv.
371 922 458 959 vu.
513 907 598 957 12.
653 902 1080 971 παρέρχεται
1142 899 1367 961 πάντας.
1424 901 1448 954 ὃ
1502 900 1554 954 δὲ
1602 905 1957 974 Καλλίμαχος
2011 910 2076 969 ὡς

92 997 220 1063 ἑώρα
257 994 413 1049 αὐτὸν
455 993 796 1060 παριόντα.
878 988 1323 1060 Quandoquidem
1373 987 1778 1059 Xenophontem
1821 994 1985 1049 semel
2022 996 2077 1049 in

93 1100 155 1139 ea
211 1099 271 1137 re
326 1081 534 1153 lapsum
590 1097 708 1134 esse
762 1086 972 1134 constat
1009 1077 1297 1148 diligenter
1336 1075 1627 1130 videndum
1670 1079 1799 1148 quid
1840 1087 2079 1137 statuen-

94 1171 224 1227 dum
261 1171 334 1225 sit
372 1169 437 1224 dc
485 1167 695 1223 duobus
747 1167 868 1222 aliis
920 1166 1051 1221 locis
1091 1165 1178 1219 lv.
1226 1168 1278 1218 6.
1326 1167 1414 1218 22.
1466 1163 1557 1218 uhi
1598 1172 1832 1236 quatuor
1887 1171 2076 1241 optimi

94 1259 218 1315 libri
251 1258 313 1313 Η.
355 1258 511 1312 Eton.
546 1257 607 1311 I).
642 1257 702 1310 F.
743 1254 996 1310 exhibent
1030 1254 1196 1320 οἱμὲν
1228 1253 1516 1321 ταχθέντες
1557 1254 1942 1323 ἀπήρχοντο
1983 1277 2079 1330 pro

93 1348 321 1416 ᾤχοντο,
360 1352 414 1400 et
455 1344 495 1399 1.
538 1362 648 1398 vm.
694 1349 779 1399 17.
839 1343 927 1398 uhi
969 1345 1023 1397 in
1066 1342 1223 1397 Eton.
1265 1349 1317 1396 et
1359 1341 1420 1395 D.
1455 1341 1514 1395 F.
1562 1342 1827 1415 scriptum
1867 1354 1950 1400 est
1988 1351 2076 1403 καὶ

94 1437 400 1504 προήρχοντο
455 1433 617 1487 ἀντίοι
673 1433 837 1497 ἰέναι,
897 1434 950 1486 in
993 1431 1197 1503 optimo
1252 1429 1511 1484 Vaticano
1564 1429 1627 1484 H.
1687 1431 1774 1486 καὶ
1828 1444 2079 1505 προῆρχου

92 1523 253 1579 ἀντίοι
301 1522 461 1586 ἱέναι,
521 1520 613 1576 sed
652 1538 808 1576 nemo
857 1520 950 1574 diu
1003 1518 1242 1589 ambiget
1282 1517 1412 1590 quin
1475 1518 1579 1572 ista
1640 1521 1893 1577 mendosa
1934 1526 2079 1591 sint,
2123 1542 2125 1544 ·

93 1627 262 1684 quum
301 1627 368 1665 nc
405 1611 561 1665 Iones
594 1609 813 1681 quidem
854 1624 1114 1680 umquam
1148 1604 1382 1675 ἠρχόμην
1422 1623 1518 1678 pro
1567 1608 1658 1671 ἤϊα
1706 1608 1906 1667 dixisse
1946 1616 2079 1671 satis

90 1705 316 1753 constet.
396 1699 682 1770 Sequiores
735 1697 953 1752 demum
1005 1694 1253 1751 Graeculi
1306 1693 1546 1749 fallacem
1589 1696 1888 1770 analogiam
1932 1713 2080 1759 certo

93 1795 335 1843 veterum
378 1788 501 1841 usui
556 1785 948 1840 substituentes
996 1783 1232 1853 ἠρχόμην
1283 1798 1381 1854 pro
1425 1781 1494 1851 ᾖα
1549 1785 1795 1842 scribunt
1846 1791 2076 1847 vitiosis·

92 1875 244 1930 sime.
324 1874 384 1929 In
422 1873 599 1929 locum
643 1872 977 1947 Thucydidis
1009 1872 1097 1926 IV.
1145 1874 1270 1926 120.
1325 1870 1556 1926 mirifica
1596 1875 1803 1931 ratione
1834 1885 1942 1932 tam
1974 1879 2077 1937 soe·

89 1962 220 2017 dum
261 1962 455 2017 vitium
490 1962 725 2035 irrepsit.
805 1963 868 2017 ln
907 1961 1061 2015 libris
1102 1966 1210 2014 est:
1253 1959 1365 2026 περὶ
1407 1959 1460 2013 δὲ
1503 1960 1604 2022 τὰς
1646 1964 1838 2031 ἡμέρας
1872 1970 2077 2033 ταύτας

89 2047 174 2111 αἷς
209 2051 526 2118 ἐπήρχοντο,
566 2057 621 2105 et
660 2049 907 2105 Scholion
949 2049 1017 2104 ad
1065 2050 1348 2115 ἐπήρχοντο
1395 2048 1451 2101 in
1487 2047 1741 2106 Codicum
1789 2071 1881 2109 ora
1919 2074 2076 2130 appo-

91 2140 269 2194 nitur:
326 2140 400 2199 εἰς
447 2140 712 2202 ἀλλήλους
766 2138 1013 2206 ἑκάτεροι.
1098 2135 1315 2190 Scilicet
1374 2134 1596 2191 dimidia
1655 2156 1782 2211 pars
1841 2143 2077 2204 insulsae

87 2226 561 2283 annotatiunculae
610 2226 789 2281 verbis
843 2224 1177 2300 Thucydidis
1241 2222 1380 2278 male
1445 2224 1689 2282 adhaesit
1743 2230 1966 2303 reliquis
2019 2237 2073 2290 in

87 2317 386 2388 marginem
428 2314 703 2386 ablegatis
786 2313 1130 2388 Thucydides
1180 2310 1312 2366 haec
1354 2310 1465 2366 sola
1518 2315 1805 2387 scripserat
1858 2325 1969 2391 περὶ
2023 2326 2074 2380 δὲ

86 2405 185 2467 τὰς
226 2405 419 2473 ἡμέρας
459 2405 704 2466 ταύτας,
760 2402 1050 2474 adscripsit
1092 2406 1324 2472 nugator
1372 2398 1569 2471 aliquis
1616 2403 2074 2483 Constantinopoli

88 2493 340 2566 (quorum
392 2491 814 2547 homuncionum
870 2488 1207 2562 quisquilias·
1249 2494 1408 2560 turpe
1454 2497 1534 2543 est
1586 2491 1652 2546 ad
1702 2493 1847 2552 hunc
1904 2516 2074 2572 usquc

85 2579 228 2636 diem
271 2572 575 2655 Thdcydidi
618 2580 979 2652 agglutinari,
1015 2594 1183 2650 quum
1225 2582 1502 2632 contemtu
1539 2586 1593 2633 et
1634 2581 1896 2642 oblivione
1942 2590 2073 2645 istas

88 2670 316 2743 ineptias
353 2669 518 2726 deleri
553 2668 740 2723 suisset
779 2667 972 2740 satius)
1026 2663 1108 2727 αἶς
1151 2666 1436 2732 ἐπήρχοντο
1476 2668 1547 2729 εἷς
1588 2671 1854 2735 ἀλλήλους
1892 2676 2071 2733 ἑκά-τε-

84 2776 188 2825 ροι,
239 2758 432 2814 deinde
482 2774 611 2812 casu
662 2757 862 2812 lactum
905 2763 987 2811 est
1027 2755 1168 2829 quod
1212 2754 1491 2819 dicebam,
1543 2754 1653 2819 αἶς.
1679 2761 1962 2831 ἐπήρχουτο
2015 2768 2069 2822 in

86 2844 419 2920 Thucydidis
459 2847 755 2901 orationem
793 2847 1038 2918 irrepsit,
1079 2852 1132 2900 et
1172 2846 1242 2904 εἷς
1284 2846 1547 2908 ἀλλήλους
1586 2847 1815 2916 ἑκάτεροι
1859 2870 1954 2924 pro
1992 2856 2068 2910 in-

87 2940 235 3006 tegro
276 2935 488 2991 Scholio
530 2935 852 2990 habuerunt.
935 2934 1022 2989 Sic
1066 2933 1150 2988 illa
1193 2948 1337 2987 nunc
1362 2974 1374 2995 ,
1415 2929 1450 2985 ὦ
1491 2939 1698 2990 Μοῦσαι
1735 2941 1931 3007 φίλαι,
1975 2961 2069 3016 pro

85 3021 448 3097 Thucydideis
486 3023 756 3091 leguntur.

161 3110 221 3165 In
263 3110 327 3165 ll.
385 3130 450 3165 iv,
510 3116 598 3167 28.
653 3116 695 3167 οἱ
752 3114 1008 3181 βάρβαροι
1065 3114 1234 3177 διῆγον
1302 3111 1401 3164 ἐπὶ
1467 3112 1703 3179 σχεδίαις
1762 3118 2065 3187 διφθερίναις

80 3197 298 3264 ἄρτους,
338 3202 547 3267 τυροὺς,
590 3199 729 3256 οἶνον.
811 3201 1071 3273 Equidem
1118 3198 1439 3255 crediderim
1484 3199 1737 3258 barbaros
1786 3205 1837 3259 id
1880 3206 2067 3264 secisse

81 3285 133 3338 ἐν
181 3289 448 3355 σχεδίαις,
506 3307 643 3361 quac
698 3298 854 3344 crant
905 3289 1205 3357 δερμάτιναι
1261 3287 1317 3351 ἐξ
1367 3290 1572 3353 οέσκῶν,
1633 3298 1690 3345 ut
1739 3309 1801 3346 cx
1852 3295 2065 3350 Arriani

85 3374 196 3443 (qni
240 3374 460 3449 elicitur)
519 3379 727 3450 Periplo
769 3379 1131 3434 Schneidcrus
1172 3377 1369 3432 docuit.
1453 3377 1555 3431 llos
1612 3381 1741 3433 satis
1785 3381 2063 3439 manifesta

83 3467 163 3513 cst
205 3466 516 3532 pracsertim
559 3467 623 3522 «lc
668 3469 804 3522 vino.
892 3469 1168 3522 Praeterea
1217 3464 1464 3536 loquendi
1509 3482 1639 3520 usus
1700 3467 1834 3522 hanc
1885 3487 2063 3526 emcn-

81 3546 347 3604 ‹lationcm
394 3554 756 3610 confirmabit:
815 3559 898 3610 ἐπι
942 3558 1158 3624 σχεδιῶν
1216 3555 1418 3609 dicitur
1458 3561 1514 3606 ut
1570 3556 1651 3608 ἐπὶ
1695 3558 1915 3621 πλοίων,
1976 3561 2061 3628 ἐφ

80 3633 273 3702 ἵππου,
315 3642 396 3694 ἐπὶ
443 3649 529 3696 τοῦ
572 3647 1010 3712 κατα-τρώματος,
1055 3644 1153 3698 alia
1199 3641 1497 3716 permulta,
1553 3644 1604 3695 in
1642 3643 1834 3714 quihus
1886 3647 2061 3702 nullus
