2436 4068
1249 213 1356 263 620

314 381 438 422 ται,
495 360 655 431 periit
709 357 810 411 loci
866 357 1012 428 lepor
1065 363 1119 411 et
1170 358 1250 410 vis
1291 356 1468 409 omnis
1523 354 1700 425 elapso
1762 371 1856 426 per
1916 356 2299 428 negligentiam

322 466 425 502 uno
481 445 772 507 vocabule,
831 444 973 515 quod
1031 443 1115 498 bis
1172 444 1436 513 scriptum
1514 442 1676 496 semel
1750 443 2187 514 descripserunt:
2246 444 2310 499 ὧν

319 538 514 591 δέονται
553 533 795 599 μᾶλιςα,
845 533 1098 606 (μᾶλις-α)
1141 534 1296 586 ταῦτ’
1335 530 1693 597 αἰσχύνονται.
1774 532 2122 603 Comparasse
2158 535 2309 587 iuva·

322 625 398 677 bit
435 624 572 676 VIII.
617 626 704 675 53.
761 621 852 674 ubi
905 620 969 675 de
1010 619 1193 674 eadem
1236 637 1294 674 re
1337 618 1568 673 dicitur:
1610 616 1742 673 οὗτοι
1783 619 1994 685 μᾶλιςα
2036 622 2309 690 αἰσχύνον-

321 733 408 766 ται
447 710 662 776 αἰσχρόν
703 730 753 763 τι
794 717 971 764 ποιεῖν.

397 800 454 853 In
503 802 530 869 §
580 803 664 852 19.
723 798 962 851 insiticia
1003 796 1167 851 verba
1207 811 1358 849 esse:
1402 797 1450 865 [ὁ
1493 796 1542 849 δὲ
1589 794 1868 862 Σωκρᾶτης
1909 795 1996 850 καὶ
2036 796 2307 864 ἐτύγχανε

323 888 682 955 προσεμφερὴς
736 885 932 946 τούτοις
984 885 1068 957 ὤν]
1135 889 1292 937 acute
1348 883 1517 936 sensit
1564 882 1904 948 Dindorfius,
1964 885 2120 938 cuius
2172 884 2311 939 iudi-

322 977 470 1030 cium
515 991 724 1045 sequor.

397 1064 455 1117 In
503 1065 531 1133 ᾗ
568 1066 656 1116 21.
714 1065 768 1118 οὐ
811 1062 916 1130 γὰρ
956 1059 1023 1116 αὖ
1063 1060 1240 1128 παύσῃ
1289 1061 1352 1114 σὺ
1413 1060 1643 1114 Κλεινίου
1695 1060 2056 1126 μεμνημένοςς
2097 1059 2314 1116 difficile

322 1151 472 1206 dictu
528 1159 606 1205 est
663 1150 793 1221 quid
851 1149 1065 1204 tandem
1108 1148 1208 1202 sibi
1264 1146 1392 1201 velit
1432 1145 1517 1202 αὖ.
1599 1148 1988 1218 Corrigendum
2043 1148 2309 1204 arbitror:

320 1244 374 1295 οὐ
412 1239 516 1307 γὰρ
570 1240 632 1292 σὺ
686 1238 877 1293 παύσει
905 1237 1142 1302 ,Κλεινίου
1182 1235 1559 1302 μεμνημένοςς-
1586 1235 1930 1306 Adscriptum
1975 1247 2067 1291 ΣΤ
2109 1237 2175 1291 ad
2214 1245 2309 1291 ΛΤ

319 1327 702 1398 corrigendum
757 1328 812 1380 in
873 1326 1100 1381 alienam
1172 1324 1352 1379 sedem
1414 1325 1653 1395 irrepsit.
1755 1325 1904 1392 Quod
1959 1325 2090 1380 haec
2147 1326 2338 1385 verban

321 1418 587 1488 optimum
643 1415 918 1469 senarium
965 1412 1236 1476 efficiunt,
1279 1411 1511 1466 offendet
1554 1414 1823 1467 neminem
1869 1414 1960 1484 qui
2002 1415 2312 1469 meminerit

322 1504 522 1576 passim
565 1504 805 1557 senarios
848 1501 1121 1557 interdum
1162 1518 1327 1573 puros
1366 1500 1617 1555 omnihus
1664 1501 2018 1573 scriptoribus
2063 1503 2312 1559 excidere
2397 1511 2401 1514 '

322 1593 492 1648 solere
531 1591 983 1664 imprudentibus.

398 1683 459 1736 In
500 1698 616 1753 cap.
652 1681 742 1735 lV.
781 1683 869 1734 32.
911 1681 965 1735 τί
1003 1680 1136 1743 δῆτα
1176 1678 1332 1739 οὕτως
1377 1678 1543 1744 ὅμοιον
1583 1679 1784 1733 εἴδωλον
1833 1681 1967 1747 ἔχων
2005 1680 2310 1748 πράγματά.

321 1792 407 1836 μοι
449 1770 701 1837 παρέχεις
744 1768 893 1834 ἄγεις
929 1789 989 1824 τε
1039 1769 1194 1822 αὐτὸν
1235 1765 1359 1822 ὅπου
1401 1768 1515 1836 ἕψει
1540 1811 1552 1831 ,
1608 1785 1706 1821 nec
1746 1785 1875 1821 sana
1917 1785 2090 1840 neque
2129 1770 2310 1824 Attica

323 1868 406 1914 cst
459 1860 562 1911 ista
618 1858 902 1912 verborum
961 1857 1307 1927 compositio:
1366 1857 1486 1926 quis
1528 1857 1670 1910 enim
1729 1856 1980 1924 παρέχεις
2038 1856 2190 1923 ἄγεις
2249 1879 2308 1912 τε
2384 1858 2413 1913 ᾖ

261 2015 265 2019 ἱ
321 1965 468 2001 moro
509 1947 687 2000 Attico
741 1945 987 2016 copulata
1025 1961 1139 1999 esse
1198 1943 1452 2015 putabit?
1538 1945 1715 1998 Poetis
1756 1943 1858 1997 ista
1894 1945 2039 2000 licita
2079 1953 2207 2000 sunt
2255 1955 2308 2002 et

317 2036 570 2091 Ionibus:
631 2033 1052 2088 Atheniensibus
1116 2050 1218 2086 non
1270 2034 1419 2087 item.
1519 2033 1801 2087 Praeterea
1858 2033 1940 2087 sac
1989 2034 2124 2088 bene
2176 2035 2307 2090 haec
2391 2106 2394 2110 ³

319 2126 502 2178 iuncta
545 2139 694 2186 esse,
726 2129 781 2175 et
822 2144 879 2176 τε
917 2139 1014 2193 pro
1048 2122 1134 2175 καὶ
1174 2122 1406 2192 positum
1447 2120 1583 2174 nihil
1623 2120 2054 2193 reprehensionis
2082 2122 2308 2187 habere,
2391 2159 2393 2161 -

319 2228 567 2281 perverse
624 2217 806 2264 tamen
864 2209 1078 2263 dicitur·
1125 2208 1430 2276 πραγματᾶ
1488 2229 1572 2274 μοι
1634 2209 1886 2276 παρέχεις
1959 2211 2045 2264 καὶ
2114 2211 2304 2276 ἄγεις,
2379 2198 2413 2209 ι’

319 2297 752 2371 quandoquidem
795 2297 926 2351 haec
985 2299 1098 2367 ipsa
1149 2314 1264 2359 τρε,
1315 2298 1372 2350 τὸ
1425 2296 1576 2361 ἄγειν
1634 2298 1781 2362 κτὲ.,
1840 2297 2044 2351 Socrati
2106 2297 2309 2353 dicitur

317 2405 500 2442 creare
541 2385 840 2440 molestiam
899 2385 1222 2459 (πρᾶγματα
1277 2383 1571 2456 παρέχειν).
1655 2384 1874 2439 Sublata
1924 2386 2028 2439 crit
2082 2386 2308 2441 difficul-

317 2483 399 2529 tas
455 2476 630 2529 omnis
687 2475 734 2528 Si
775 2474 1120 2544 rescripseris
1173 2473 1476 2539 πρᾶγματοὶ
1537 2492 1621 2537 μοι
1684 2473 1933 2541 παρέχεις
1993 2472 2189 2538 ἄγειν
2246 2497 2305 2529 σε

316 2565 472 2618 αὐτὸν
529 2561 637 2617 ὅποι
688 2562 834 2630 ὄφει,
897 2560 1348 2633 quemadmodum
1404 2559 1565 2614 semel
1619 2567 1671 2614 et
1717 2561 1916 2615 iterum
1973 2562 2308 2618 ostendimus

316 2651 621 2719 πράγματα
662 2649 911 2719 παρέχειν
954 2666 1075 2703 cum
1120 2649 1174 2702 in
1202 2649 1379 2702 znilivo
1426 2649 1667 2718 com'unqi
1716 2649 1770 2702 id
1823 2650 1996 2721 ipsum
2049 2651 2185 2721 quod
2225 2652 2308 2706 cui

316 2740 591 2793 molestum
646 2747 722 2792 est
760 2738 1122 2809 siqnificante,
1177 2742 1237 2790 ut
1287 2737 1342 2789 in
1392 2735 1451 2790 ἵν’
1493 2738 1602 2802 ἐμοὶ
1657 2737 1960 2804 πράγματα
2018 2738 2304 2805 βόσκειν

320 2828 552 2895 παρέχῃς
607 2828 662 2881 in
719 2826 942 2896 VespiS‚
1004 2833 1056 2879 et
1112 2826 1165 2877 in
1226 2824 1507 2879 Phaedone
1558 2825 1863 2892 πρᾶγματα
1916 2832 2036 2886 ταῖς
2096 2827 2301 2891 γυναιξὶ

317 2916 568 2982 παρέχειν
609 2915 774 2981 νεκρὸν
826 2913 1096 2974 λούειν,
1155 2919 1208 2966 et
1255 2911 1374 2965 aliis
1427 2911 1588 2977 lociS,
1631 2930 1860 2984 quorum
1901 2913 2082 2967 nullus
2123 2923 2306 2971 nostro

319 3002 434 3056 loco
475 3009 557 3055 est
603 3001 831 3055 similior
872 3018 1033 3070 quam
1086 3001 1258 3071 ipsius
1315 3000 1683 3071 Xenophontis
1741 3002 1793 3054 in
1842 3001 2073 3055 Anabasi
2107 3002 2202 3059 111.
2246 3021 2302 3058 11.

322 3095 412 3144 ⁶27.
469 3086 629 3144 αὗται
685 3089 790 3155 γὰρ
835 3088 910 3161 (αἱ
953 3088 1156 3161 σκηναὶ)
1198 3087 1356 3155 ὄχλον
1410 3090 1505 3154 μὲν
1557 3088 1869 3156 παρέχουσιν
1914 3089 2095 3154 ἄγειν,
2148 3113 2305 3146 συνω-

319 3181 539 3247 φελοῦσι
581 3178 624 3231 δ’
663 3176 834 3237 οὐδέν,
895 3192 1018 3229 nam
1061 3176 1284 3246 perinde
1324 3183 1406 3230 est
1461 3176 1639 3231 dicere
1691 3177 1993 3243 πρᾶγματα
2052 3180 2304 3247 παρέχειν
2384 3183 2416 3254 ’,ᾗ

317 3272 370 3318 et
410 3265 566 3332 ὄχλον
607 3264 876 3332 παρέχειν.
956 3262 1015 3315 In
1069 3264 1306 3316 Platonis
1350 3264 1572 3317 Menone
1628 3282 1675 3335 p.
1712 3269 1798 3318 76.
1841 3266 1904 3320 A.
1957 3266 2094 3333 ἀνδρὶ
2150 3289 2304 3334 πρεσ-
2384 3263 2395 3293 ’Ἴ

315 3354 455 3421 fide-34
495 3351 883 3420 πράγματα
937 3351 1392 3417 προστάττεις
1433 3353 1824 3419 ἀποκρίνεσθαι·
1868 3353 1972 3406 nisi
2014 3353 2148 3408 sorte
2187 3356 2302 3426 ipse

317 3440 467 3494 Plato
517 3440 821 3507 πράγματα
876 3439 1125 3505 παρέχεις
1179 3439 1535 3506 ἀποκρίνεσθαι
1591 3442 1839 3510 Scripsit,
1895 3441 2113 3512 vulgata
2167 3444 2298 3496 seri-

315 3536 475 3599 ptura
516 3535 663 3582 certe
702 3529 756 3581 in
797 3527 934 3581 hanc
975 3527 1298 3580 sententian]
1333 3527 1436 3581 erit
1481 3529 1808 3599 accipienda.

394 3616 454 3669 In
519 3619 553 3686 ἓ,
596 3619 684 3671 24.
739 3607 1187 3680 λίθινωςέβλεπε
1249 3618 1370 3682 πρὸς
1426 3616 1584 3670 αὐτὸν
1642 3615 1727 3670 καὶ
1781 3618 2010 3690 [λίθινος]
2075 3620 2296 3685 οὐδαμοῦ
