2436 4068
1276 317 1326 351 lv

340 460 439 515 bus
480 475 667 515 sanare
707 459 842 513 bono
886 458 1082 511 Critico
1122 453 1276 508 facile
1321 460 1436 517 est,
1479 453 1748 508 Theocriti
1785 453 1974 528 Idyllia
2015 453 2081 508 ad
2121 454 2297 526 pristi-

338 577 462 615 nam
514 560 794 614 sanitatem
843 572 1088 611 revocare
1141 571 1297 608 nemo
1338 552 1449 609 sere
1489 561 1582 608 aut
1627 553 1754 608 olim
1804 555 1980 625 potuit
2021 560 2114 608 aut
2157 571 2300 607 nunc

338 666 528 732 potest.
620 659 819 730 Nempe
874 655 1125 710 Codicum
1164 654 1258 725 qui
1315 660 1526 707 exstant
1578 653 1940 708 diversissima
1997 654 2135 708 ratio
2184 661 2302 717 est,

337 777 474 832 quae
507 777 610 814 non
640 776 703 813 ex
736 764 906 812 aetate
937 762 1030 810 aut
1063 755 1362 826 scripturae
1402 753 1571 809 forma
1606 754 1912 832 colligitur,
1951 754 2044 809 sed
2083 772 2148 810 ex
2185 755 2302 810 diu-

337 867 499 915 turna
539 859 902 914 observatione
940 857 1268 919 lectionum,
1318 871 1450 926 quas
1495 855 1722 926 quisque
1760 855 1895 910 liber
1937 857 1992 909 in
2036 855 2158 910 locis
2197 874 2305 910 ma-

335 963 522 1032 m’festo
563 960 816 1030 corruptis
855 957 1116 1012 exhibeat.
1196 957 1254 1011 In
1303 955 1422 1009 aliis
1470 957 1644 1020 enim,
1696 973 2022 1028 quamquam
2062 965 2303 1011 monstra

337 1067 394 1115 et
431 1066 675 1131 portenta
714 1058 1039 1130 loquuntur,
1082 1057 1220 1111 levia
1261 1061 1387 1109 sunt
1426 1061 1480 1109 et
1529 1057 1778 1118 ἐπιπολῆς
1838 1058 2138 1128 scripturae
2193 1058 2302 1112 vul-

337 1176 494 1223 nera,
535 1159 716 1214 subest
755 1165 908 1212 vetus
959 1163 1012 1211 et
1061 1155 1226 1228 proba
1277 1154 1464 1219 lectio,
1517 1162 1570 1209 et
1610 1155 1837 1227 pellucet
1877 1158 1993 1228 ipsa
2031 1159 2309 1229 scriptoris

337 1276 563 1325 manus,
621 1275 777 1331 quani
820 1259 865 1311 si
902 1257 1085 1312 sollers
1138 1263 1192 1311 et
1231 1263 1423 1311 acutus
1476 1257 1550 1310 sis
1592 1256 1784 1312 elicere
1830 1258 2016 1329 possis,
2094 1258 2303 1313 Fefellit

337 1360 618 1423 librariOS‚
660 1357 910 1414 stolidum
952 1374 1157 1429 genus,
1214 1357 1435 1428 antiqua
1490 1356 1757 1411 scribendi
1812 1357 2179 1421 consuetudo,
2243 1366 2302 1414 ut

339 1459 707 1531 coniungenda
747 1459 908 1513 stulte
949 1458 1311 1513 distraherent
1352 1465 1445 1513 aut
1489 1459 1878 1530 coniungerent
1918 1458 2300 1514 distrahenda:

334 1560 636 1616 fefellerunt
687 1559 895 1614 eosdem
952 1559 1255 1614 litterarum
1318 1559 1521 1630 figurae
1572 1575 1738 1630 paene
1793 1558 1996 1614 similes
2048 1566 2142 1614 aut
2197 1577 2302 1614 non

336 1660 568 1716 multum
605 1659 917 1724 dissimileS‚
952 1667 1005 1714 et
1039 1666 1339 1714 nascuntur
1373 1659 1450 1713 sic
1483 1666 1818 1730 portentosae
1841 1660 2169 1731 scripturae,
2209 1660 2300 1715 sed

337 1762 429 1817 ubi
479 1760 576 1815 hoc
628 1777 755 1830 agas
808 1767 860 1814 et
902 1760 1033 1815 bene
1091 1760 1290 1815 Graece
1346 1760 1484 1814 scias
1530 1766 1583 1814 et
1631 1767 1776 1814 recte
1822 1760 2056 1830 cogitare
2099 1759 2302 1825 soleaS,

336 1878 459 1916 ecce
498 1860 693 1914 emicat
728 1867 872 1915 certa
913 1868 966 1915 et
1013 1860 1294 1914 manifesta
1337 1858 1672 1924 emendatio,
1733 1875 1868 1930 quae
1924 1877 2134 1915 omnem
2178 1861 2301 1915 cali-

331 1963 513 2035 ginem
556 1959 801 2032 dispellat
838 1966 891 2014 et
932 1959 1246 2031 scrupulum
1284 1976 1498 2014 omnem
1537 1960 1700 2014 etiam
1754 1960 2040 2015 infirmiori
2091 1961 2297 2017 evellat.

338 2063 508 2131 Quam
550 2060 659 2114 sint
698 2059 947 2115 Codicum
989 2059 1243 2114 lectiones
1275 2059 1536 2113 absurdae
1575 2059 1735 2130 periti
1777 2076 1840 2114 ex
1876 2061 2009 2133 ipsis
2049 2063 2180 2117 satis
2219 2064 2318 2117 in-'

333 2162 617 2232 telligunt,
667 2159 903 2230 imperiti
949 2159 1024 2212 ita
1064 2158 1279 2212 demum
1335 2158 1519 2213 vident
1571 2176 1737 2230 quum
1791 2176 1946 2216 verae
2001 2163 2300 2235 scripturae

334 2264 427 2318 lux
467 2260 743 2316 affulserit.
811 2258 1039 2330 Intelligi
1071 2276 1174 2312 non
1217 2268 1436 2330 possunt
1467 2260 1628 2315 verba
1662 2260 1939 2316 Strabonis
1960 2262 2049 2318 XI.
2092 2281 2142 2335 p.
2167 2269 2298 2321 516.

336 2361 559 2418 Casaub.
603 2360 688 2414 καὶ
735 2361 825 2422 τὴν
881 2362 997 2415 ὑπο
1017 2364 1235 2418 ςάσαν
1287 2361 1314 2415 ὅ
1325 2382 1420 2429 ρει
1461 2394 1534 2407 —-
1568 2364 1898 2430 Βακτριανήν.
1978 2364 2082 2419 Res
2131 2367 2301 2420 omni-

335 2466 437 2520 bus
474 2460 753 2516 manifesta
794 2478 936 2515 nunc
958 2468 1034 2515 est
1070 2469 1351 2534 postquam
1375 2463 1634 2533 palmaria
1670 2464 2039 2520 emendatione
2059 2467 2301 2522 restituit

339 2563 615 2620 Strabonis
655 2578 873 2615 manum
910 2562 963 2615 C.
987 2562 1256 2618 MulleruS.
1335 2563 1555 2618 Latebat
1594 2565 1650 2618 in
1689 2565 1920 2620 absurda
1954 2565 2179 2622 lectione
2218 2569 2300 2634 is,

337 2681 494 2736 quem
538 2663 591 2715 in
643 2662 800 2734 Cypri
839 2662 1194 2733 descriptione
1234 2671 1616 2719 commemorat
1666 2664 1854 2720 Strabo
1888 2666 2023 2721 XIV.
2063 2685 2115 2739 p.
2157 2672 2299 2724 685:

337 2761 454 2819 εἶτα
495 2762 644 2816 Σόλοι
697 2761 845 2822 πόλις
885 2792 960 2803 --
998 2765 1040 2816 οἱ
1081 2764 1123 2817 δ’
1174 2765 1472 2825 ἐνοικοῦντες
1514 2764 1683 2819 Σόλιοι
1735 2770 2032 2820 καλοῦνται.
2075 2768 2300 2823 ἐντεῦθεν

338 2863 395 2927 ἦν
437 2862 718 2929 Στασάνωρ
758 2868 852 2916 τῶν
893 2863 1227 2931 Ἀλεξάνδρου
1269 2866 1475 2933 ἑταίρων
1527 2867 1648 2933 ἀνὴρ
1690 2867 1967 2932 ἡγεμονίας
2013 2866 2298 2934 ἠξιωμένος.

335 2969 509 3038 Ipsam
556 2964 892 3017 Bactrianam
945 2962 1082 3018 hanc
1118 2964 1417 3020 Stasanoris
1457 2968 1734 3032 ἡγεμονίαν
1775 2967 1939 3022 fuisse
1985 2975 2194 3023 constat
2237 2963 2299 3024 e'x

338 3066 565 3121 Arriano
618 3063 757 3134 apud
797 3063 1043 3117 Photium
1084 3066 1140 3118 in
1192 3066 1439 3121 Biblioth.
1499 3067 1623 3123 Cod.
1660 3068 1814 3123 XCII.
1854 3086 1909 3139 p.
1947 3072 2010 3122 71
2067 3070 2127 3126 Β.
2170 3070 2298 3124 Bek-

336 3166 490 3229 keri‚
529 3163 619 3217 ubi
660 3163 889 3233 legitur:
945 3165 1146 3231 Ἀρείων
1187 3166 1238 3220 δὲ
1290 3168 1375 3221 καὶ
1430 3173 1522 3229 τῆς
1573 3175 1892 3236 Δραγγηνῶν
1930 3169 2102 3236 χώρας
2156 3170 2300 3224 Στά-

336 3267 541 3332 σανδρον
578 3263 757 3325 καθίςη
802 3263 1064 3329 ἡγεμόνα,
1103 3273 1194 3327 τῆς
1233 3267 1284 3319 δὲ
1324 3276 1638 3335 Βακτριανῆς
1694 3269 1779 3322 καὶ
1836 3269 2118 3333 Σογδιανῆς
2156 3281 2296 3325 Στα-

338 3366 524 3432 σάνορα
552 3363 637 3418 τὸν
674 3362 851 3416 Σόλιον
876 3404 890 3426 ,
931 3369 980 3416 et
1004 3364 1277 3418 eDiodoro
1319 3365 1496 3420 Siculo
1518 3368 1705 3422 XVIII.
1746 3371 1849 3422 59:
1891 3368 2091 3434 Ἀρείαν
2132 3371 2290 3425 δὲκαὶ

338 3465 653 3534 Δραγγηνὴν
697 3463 1007 3536 (προσώρισε)
1069 3466 1378 3534 Στασάνδρῳ
1425 3468 1493 3533 τῷ
1534 3468 1770 3536 Κυπρίῳ,
1809 3470 1900 3530 τὴν
1938 3470 1990 3522 δὲ
2045 3479 2296 3537 Βακτρια-

335 3569 418 3628 νὴν
481 3566 565 3619 καὶ
623 3563 903 3628 Σογδιανὴν
965 3565 1245 3634 Στασάνορι
1304 3569 1372 3635 τῷ
1435 3569 1597 3635 Σολίῳ
1664 3569 1767 3622 άπὸ
1826 3576 1918 3630 τῆς
1973 3572 2133 3632 αὐτῆς
2193 3570 2292 3627 ὄντι

339 3667 500 3727 νήσου.
582 3663 712 3730 Quis
754 3663 920 3733 igitur
959 3671 1065 3718 tarn
1108 3667 1388 3737 plumbeus
1439 3676 1519 3723 est
1555 3675 1614 3723 ut
1657 3686 1757 3722 non
1804 3671 1982 3725 statim
2034 3672 2296 3743 intelligat
