2436 4068
1346 241 1451 290 498

402 384 570 439 Verba
613 382 870 456 disyllaba
913 381 1020 435 sola
1060 403 1091 435 ο·
1135 383 1395 446 retinent,
1435 383 1621 446 κτίσω,
1661 383 1847 450 σχίσω.
1930 384 2016 438 Sic
2052 392 2104 438 ct
2141 386 2380 449 βλίττειν

399 473 558 527 habet
601 472 770 537 βλίσω
826 477 878 524 et
927 470 1162 524 πτίττειν
1212 471 1408 532 πτίσω,
1463 478 1672 524 caetera
1734 471 1911 524 omnia
1964 478 2039 525 -ιῶ
2090 471 2287 526 habent
2326 480 2378 526 et

401 566 615 626 υιοῧμαι.
670 559 730 612 In
767 557 1069 627 fragmento
1110 557 1345 611 Platonis
1379 558 1578 613 Comici
1613 557 1755 629 apud
1790 557 2037 612 Photium
2069 577 2115 612 v.
2150 559 2381 624 Φάλαγξ

400 649 683 702 scribitur:
738 647 1034 700 ἐοίκασιν
1084 647 1206 710 ἡμῖν
1257 648 1300 700 οἱ
1345 646 1484 711 νόμοι
1522 646 1740 700 τουτοισὶ
1781 653 1912 700 τοῖσι
1952 656 2216 703 λεπτοῖσιν
2256 650 2379 714 άρα-

397 737 559 805 χνίοις
596 731 632 790 οἳ
675 739 804 788 τοῖσι
842 733 1090 800 τοίχοισιν
1133 735 1161 795 ἦ
1202 733 1438 802 φάλαγξ
1478 736 1715 803 ὑφαίνει,
1756 734 1847 788 sed
1890 742 2045 805 poeta
2085 735 2332 790 dederat:

624 820 909 884 Εἴξασιν
950 823 1070 885 ἡμῖν
1110 823 1153 875 οἱ
1197 821 1335 887 νόμοι
1375 824 1595 877 τούτοισι
1640 830 1769 877 τοῖσι
1807 830 2021 884 λεπτοῖς

622 910 916 978 άραχνίοις,
957 906 1021 963 ἂν
1048 915 1178 963 τοῖσι
1214 911 1408 977 τοίχοις
1448 913 1476 974 ἧ
1516 909 1750 978 φάλαγξ
1782 911 2022 979 ὑφαίνει.

398 999 726 1070 intelligisne
768 997 910 1051 unde
949 998 1169 1051 ἐοίκασιν
1215 1000 1336 1063 ἡμῖν
1371 1000 1441 1051 sit
1477 998 1703 1052 natum?
1784 997 2024 1053 Emenda
2059 997 2230 1051 obiter
2266 998 2382 1050 Ari-

399 1087 675 1159 stophanis
718 1085 1043 1140 versiculum
1082 1087 1134 1138 in
1178 1086 1420 1140 Nubibus
1466 1090 1593 1140 151.

626 1170 769 1228 κάτα
808 1174 1040 1242 ψυγείσῃ
1075 1174 1393 1243 περιέφυσαν
1428 1175 1692 1242 Περσικαί.

397 1281 566 1336 quum
611 1269 845 1330 ψυγῆναι
900 1263 971 1316 sit
1018 1263 1318 1324 Ἑλληνικόν
1369 1278 1692 1334 reponemus
1743 1262 1979 1315 Atticam
2017 1260 2241 1315 formam
2282 1267 2381 1329 ψυ-

395 1355 582 1422 χείσῃ,
627 1350 876 1405 dicebant
914 1351 1057 1405 enim
1095 1351 1302 1419 ε’ψύχην
1337 1358 1390 1405 et
1422 1352 1723 1419 παραψυχή
1765 1350 2063 1421 penultima
2099 1350 2279 1413 brevi,
2322 1357 2383 1404 ut

398 1442 603 1510 ἐτρίβην
656 1446 707 1492 et
757 1439 1014 1505 διατριβή.
1094 1438 1282 1510 Itaque
1334 1439 1518 1493 eodem
1574 1439 1773 1492 indicio
1822 1437 1971 1492 fraus
2015 1438 2156 1510 apud
2206 1438 2383 1491 Xeno-

395 1529 648 1601 phontem
688 1526 1126 1597 deprehenditur.
1218 1529 1467 1594 Ὀρικὸν
1515 1524 1783 1594 ζεῦγος,
1840 1527 2046 1597 inquit,
2099 1529 2379 1586 Ἀττικῶς.

399 1613 744 1683 ἡμιονικόν
797 1619 1126 1676 Ἑλληνικῶς.
1221 1615 1568 1668 verissimam
1617 1614 1755 1669 hanc
1804 1614 2229 1668 observationem
2267 1631 2384 1668 esse

398 1703 672 1760 communi
707 1703 1007 1756 Atticorum
1048 1703 1372 1773 scriptorum
1408 1719 1670 1756 consensu
1706 1710 1934 1757 constat.
1995 1703 2181 1773 ltaque
2221 1701 2382 1755 simul

397 1796 567 1864 ipsam
621 1789 990 1861 Xenophontis
1030 1792 1357 1862 scripturam
1400 1789 1840 1861 recuperabimus
1888 1797 1940 1846 et
1982 1789 2123 1844 unde
2165 1790 2383 1861 vulgata

396 1889 512 1935 orta
553 1880 624 1932 sit
665 1877 1042 1948 intelligemus

468 1969 530 2023 In
576 1967 758 2022 eodem
814 1966 928 2019 loco
980 1965 1147 2021 Anah.
1191 1967 1303 2020 Vll.
1347 1986 1395 2019 v.
1439 1971 1487 2019 2.
1543 1964 1776 2027 καλέσας
1825 1971 2126 2035 Ξενοφῶντα
2174 1966 2395 2020 ἐκέλευε·

393 2060 616 2124 λαβεῖν,
655 2056 725 2109 τα
761 2056 812 2110 δὲ
844 2054 994 2108 ἄλλα
1033 2055 1290 2121 διανεῖμαι
1319 2063 1425 2115 τοῖς
1455 2061 1766 2122 ςρατηγοῖς,
1808 2055 2055 2126 suspicor
2087 2054 2373 2126 legendum

394 2162 512 2201 esse
548 2144 781 2199 ἐκέλευεν
822 2139 880 2196 ἓν
919 2143 1127 2207 λαβεῖν.
1209 2142 1435 2214 Saepius
1477 2143 1554 2196 sic
1596 2140 1646 2195 ἕν
1686 2143 1913 2213 periisse
1952 2142 2080 2197 vidi.
2431 2135 2436 2165 ³

472 2233 532 2287 In
577 2237 604 2303 §
641 2236 674 2286 6
714 2231 872 2285 cuius
913 2247 1071 2284 aures
1112 2248 1213 2284 non
1269 2229 1489 2284 offendit
1531 2229 1662 2284 haec
1703 2231 2047 2300 compositio:
2101 2233 2143 2285 οἱ
2185 2232 2281 2296 μὲν
2320 2233 2378 2294 δὴ

395 2323 675 2390 ςρατιῶται
719 2324 998 2388 Ξενοφῶντι
1041 2319 1308 2373 ἐνεκάλουν
1350 2317 1425 2373 ὅτι
1468 2322 1557 2374 οὐκ
1598 2315 1741 2385 εἶχον
1780 2321 1866 2373 τὸν
1906 2319 2104 2385 μισθόν.
2187 2320 2380 2381 Σεύθης
2427 2305 2436 2359 3²·

395 2412 446 2465 δὲ
484 2409 672 2476 ἤχθετο
707 2408 847 2475 αὐτῷ
883 2404 958 2461 ἔτι
997 2408 1202 2468 ἐντόνως
1239 2415 1343 2468 τοῖς
1378 2409 1686 2474 ςρατιώταις
1726 2409 1919 2476 άπῄτει
1949 2408 2075 2478 [τὸν
2098 2407 2338 2480 μισθόν]ἳ

471 2497 604 2552 Ibid.
641 2497 753 2550 VII.
792 2513 840 2548 v.
888 2499 952 2548 13
1006 2497 1048 2550 οἱ
1104 2501 1304 2566 Θρᾷκες
1353 2497 1395 2549 οἱ
1452 2496 1596 2549 κατα
1643 2499 1820 2549 ταῦτα
1868 2497 2118 2556 οἰκοῦντες
2166 2497 2378 2558 ςήλας
2420 2526 2436 2550 :-

398 2585 681 2655 ὁρισάμενοι
731 2583 802 2638 τοὶ
847 2585 960 2637 καθ’
1011 2584 1198 2644 αὐτοὺς
1243 2584 1566 2638 ἐκπίπτοντα
1616 2581 1789 2642 ἕκαςοι
1836 2584 2115 2652 λῄζονται.
2163 2583 2288 2644 τέως
2329 2585 2382 2638 δὲ
2416 2590 2436 2625 ’l

397 2676 578 2740 ἔλεγον
626 2672 760 2745 [πρὶν
797 2672 1082 2745 ὁρίσασθαι]
1131 2672 1460 2740 ἁρπάζοντας
1499 2673 1724 2733 πολλοὺς
1766 2674 1853 2726 ὑπ’
1890 2671 2135 2733 άλλήλων
2165 2673 2393 2734 άποθνήι
2418 2685 2436 2743 J.

398 2784 568 2826 σκειν,
625 2760 1018 2816 emendandum
1084 2767 1166 2815 est
1218 2763 1466 2824 ςήλαις
1517 2759 1832 2827 ὁρισάμενοι,
1897 2758 2186 2813 utebantur
2235 2759 2379 2813 enim
2411 2748 2436 2844 {-

398 2850 695 2906 columellis
732 2847 961 2923 (ςήλαις)
994 2847 1058 2902 ad
1096 2848 1227 2902 fines
1259 2847 1688 2912 constituendos,
1730 2847 1890 2919 idque
1919 2848 2104 2910 ςήλαις
2134 2846 2379 2914 ὁρίζεσθαι
2414 2875 2429 2915 4

395 2941 613 2995 dicitur.
695 2940 976 2992 Praeterea
1018 2938 1091 2991 ita
1123 2937 1266 2991 inter
1303 2954 1359 2991 se
1398 2943 1742 3008 opponuntur
1780 2939 1965 2999 ςήλαις
2008 2934 2292 3002 ὁρισάμενοι
2325 2927 2430 3007 etis?

400 3029 524 3088 τέως
559 3027 641 3090 δέ,
695 3032 755 3079 ut
801 3025 1006 3096 puerile
1047 3024 1475 3079 additamentum
1523 3026 1638 3092 πρὶν
1680 3025 1939 3092 ὁρίσασθαι
1980 3022 2133 3077 facile
2180 3011 2422 3094 sentias-'js

397 3114 776 3184 ludimagistro
816 3112 967 3166 reddi
1003 3120 1264 3184 oportere.

478 3199 839 3259 Memorabilis
872 3207 954 3254 est
989 3202 1291 3271 scripturae
1332 3200 1565 3253 varietas
1599 3199 1653 3252 in
1694 3203 1798 3270 §9.
1841 3197 1918 3253 ἔτι
1955 3198 2092 3252 οὐδὲν
2126 3196 2190 3251 ἂν
2231 3195 2385 3259 ἧττον

400 3297 590 3362 σφεῖς
629 3287 883 3355 άγάγοιεν
918 3289 1010 3350 τὴν
1047 3288 1264 3355 ςρατιοὶν
1305 3287 1333 3350 ἢ
1375 3291 1633 3355 Ξενοφῶν,
1669 3287 1723 3339 in
1757 3285 1879 3339 Cod.
1904 3294 1950 3339 H
1994 3303 2098 3339 uno
2138 3287 2376 3340 oninium
2406 3295 2416 3360 ἓν

400 3382 602 3454 optimo
661 3385 742 3432 est
789 3378 934 3445 σφᾶς
983 3373 1241 3439 άγάγοιεν
1311 3375 1457 3445 turpi
1505 3372 1842 3438 soloecismo,
1895 3373 1986 3428 sed
2045 3373 2193 3428 vides
2246 3367 2410 3427 novo?

400 3466 639 3539 exemplo
685 3479 845 3536 quain
879 3469 1084 3517 temere
1124 3468 1278 3530 σφεῖς
1319 3460 1384 3515 ab
1444 3460 1673 3515 indoctis
1725 3461 2001 3516 Graeculis
2056 3460 2375 3516 contrectari

402 3554 784 3626 corrumpique
823 3552 1009 3608 soleat.
2380 3562 2384 3566 ’

477 3644 537 3698 In
580 3645 698 3717 §16
735 3643 854 3710 πρὸς
890 3642 941 3696 δὲ
976 3641 1061 3695 τὸν
1105 3644 1403 3709 Ξενοφῶντα
1433 3640 1475 3692 οἱ
1511 3643 1789 3706 ςρατιῶται
1830 3638 2203 3707 παγχαλέπως
2239 3633 2385 3702 εἶχον·
