2436 4068
1276 146 1380 209 574

350 306 465 360 lites
507 322 610 360 non
649 305 887 374 φύλακες
931 302 1022 355 sed
1063 303 1266 369 φρουροί
1306 300 1661 372 appellantur.
1744 301 1863 356 Vid.
1900 302 1985 356 lv.
2021 307 2088 367 6,
2130 307 2194 367 9,
2240 308 2323 357 11.

351 401 404 449 et
446 394 663 464 passim.

423 481 734 536 Mendosum
776 485 857 533 est
904 478 957 530 in
1001 493 1115 548 cap.
1153 476 1242 530 lV.
1286 480 1338 530 6.
1378 477 1494 536 τοὺς
1551 477 1602 530 δὲ
1654 478 1818 544 πρόσω
1859 480 2199 539 ἀποικοῦντοος
2245 499 2326 533 πι-

349 571 465 631 ςοὺς
511 567 770 633 πέμπει
826 567 1266 627 ἐπισκοπεῖν,
1308 564 1454 618 nullo
1495 563 1651 617 modo
1689 565 1991 620 infinitivus
2033 567 2328 621 ἐπισκοπεῖν

348 656 479 711 ferri
534 662 627 709 aut
683 653 894 708 defendi
949 659 1139 724 potest.
1220 651 1483 706 Graecum
1534 659 1616 706 est
1663 653 1861 716 πέμπει
1914 650 2089 714 οἵτινες
2128 654 2329 708 ἐπισκέ·

349 750 537 811 ψοντοιι
591 749 685 797 aut
742 741 941 807 πέμπει
997 740 1449 808 ἐπισκεψομένους.
1541 739 1661 811 Ipsa
1716 739 2083 811 Xenophontis
2136 758 2331 796 manus

349 830 484 884 mihi
524 829 657 884 haec
695 846 813 884 esse
855 827 1099 882 Videtur:
1154 829 1332 889 πιςοὺς
1385 828 1606 893 πέμπων
1648 830 1945 893 ἐπισκοπεῖ,
1987 829 2329 900 quemadmo-

347 918 477 973 dum
534 934 690 990 saepe
743 917 965 971 Veteres
1006 924 1060 969 et
1099 915 1308 987 probati
1349 917 1640 986 scriptores
1687 916 2002 987 loquuntur.
2082 917 2330 972 Graeculi

349 1007 533 1062 mirati
588 1005 687 1060 hoc
741 1003 956 1059 dicendi
996 1021 1167 1074 genus
1205 1011 1559 1058 correxerunt
1614 1003 1822 1058 scilicet
1872 1005 2070 1070 πέμπει
2130 1007 2331 1060 ἐπισκο-

349 1100 498 1156 πεῖν,
552 1094 630 1146 sic
689 1095 830 1147 enim
886 1094 990 1165 ipsi
1043 1090 1415 1163 loquebantur.
1508 1092 1865 1146 Peridoneum
1914 1093 2217 1164 exemplum
2272 1095 2329 1148 in

349 1181 549 1235 vicinia
606 1179 770 1236 huius
825 1181 924 1236 loci
954 1171 1045 1236 ’est
1085 1182 1138 1233 in
1196 1182 1224 1250 §
1263 1184 1314 1234 8.
1369 1178 1556 1242 ὁπόσην
1597 1180 1648 1234 δὲ
1687 1182 1762 1245 μὴ
1803 1182 1959 1241 αὐτὸς
2000 1182 2159 1252 ἐφορᾷ
2197 1182 2330 1248 πέμ-

351 1290 458 1328 πων
499 1269 676 1330 πιςοὺς
718 1270 1099 1324 ἐπισκοπεῖτοιι.

426 1357 486 1412 In
532 1359 561 1428 ᾗ
605 1361 655 1411 8.
709 1357 904 1427 triplex
943 1355 1204 1411 emblema
1247 1373 1332 1410 me
1386 1355 1608 1410 offendit
1660 1356 1868 1419 τούτους
1908 1358 2003 1422 μὲν
2066 1357 2204 1430 [τοὺς
2244 1356 2331 1426 ἄρ-

349 1445 571 1518 χοντας]
595 1487 609 1509 ,
659 1451 712 1499 et
750 1442 832 1504 οὓς
873 1445 916 1498 δ’
953 1444 1016 1499 ἂν
1056 1442 1172 1513 εὕρῃ
1213 1446 1336 1514 [τῶν
1376 1445 1700 1518 οἷρχόντων],
1741 1451 1793 1499 et
1831 1446 1859 1509 ἢ
1894 1450 2330 1511 κατοιμελοῦντοις

350 1537 474 1606 [τῶν
526 1532 882 1606 φρουράρχων]
941 1533 969 1596 ἢ
1021 1533 1552 1600 κατοικερδοιίνοντοις,
1607 1539 1660 1587 et
1714 1532 1819 1587 duo
1879 1534 2058 1604 priora
2113 1533 2332 1605 quidem

350 1623 673 1678 sententiam
727 1608 953 1675 onerant
1007 1628 1220 1675 tantum
1262 1628 1316 1675 et
1358 1621 1660 1693 impediunt
1701 1628 2034 1693 possuntque
2073 1639 2103 1676 a
2144 1621 2333 1677 multis

351 1888 453 1942 hoc
491 1886 606 1940 loco
646 1903 932 1940 commune
984 1903 1177 1940 nomen
1220 1894 1300 1941 est
1348 1892 1444 1941 τῶν
1492 1909 1548 1942 τε
1591 1887 1923 1955 φρουράρχων
1975 1888 2209 1942 καὶτῶν
2247 1908 2333 1955 χι-

348 1975 579 2044 λιάρχων
621 1975 708 2029 κοιὶ
766 1981 863 2029 τῶν
920 1977 1232 2043 σατραπῶν,
1288 1975 1470 2045 itaque
1522 1974 1752 2030 absurde
1807 1975 2009 2030 dicitur
2060 1973 2142 2038 οὓς
2183 1976 2226 2030 δ’
2267 1976 2332 2031 ἂν

348 2062 463 2133 εὕρῃ
500 2069 598 2118 τῶν
650 2064 915 2132 ἀρχόντων
973 2067 1409 2129 κοιτοιμελοῦντοις
1462 2069 1559 2117 τῶν
1616 2063 1968 2132 φρουράρχων.
2049 2065 2332 2120 Praeterea

349 2151 478 2222 quid
518 2159 629 2216 est,
688 2168 919 2222 quaeSO,
971 2153 1030 2205 τὸ
1069 2158 1165 2206 τῶν
1203 2151 1536 2220 φρουράρχων
1577 2160 1901 2217 καταμελεῖν
1951 2159 2006 2206 et
2054 2169 2191 2223 quae
2248 2160 2332 2208 est

347 2238 563 2293 tandem
619 2239 706 2293 illa
748 2256 880 2293 cura
928 2247 981 2294 et
1023 2256 1250 2310 quorum
1293 2239 1350 2292 τὸ
1390 2245 1488 2292 τῶν
1537 2239 1870 2308 φρουράρχων
1924 2242 2326 2306 ἐπιμελεῖσθωιῖ

346 2327 608 2398 Expunge
628 2333 724 2382 τῶν
747 2326 1080 2396 φρουράρχων
1120 2334 1169 2382 et
1213 2344 1342 2381 sana
1373 2334 1532 2382 erunt
1574 2329 1753 2381 omnia
1787 2336 1839 2382 et
1861 2327 2022 2381 simul
2046 2329 2330 2400 perspicua

348 2421 402 2469 et
437 2423 653 2486 aperta:
694 2413 777 2476 οὓς
814 2417 857 2470 δ’
889 2415 952 2471 ἂν
988 2414 1101 2484 εὕρῃ
1142 2419 1169 2479 ἢ
1205 2419 1642 2482 κοοτοομελοῦντοις
1678 2415 1706 2479 ἢ
1737 2417 2330 2483 κοιτοικερδοιίνοντοις-

346 2503 524 2558 παύων
564 2512 656 2567 τῆς
699 2506 866 2572 ἀρχῆς
907 2503 1102 2565 ἄλλους
1143 2505 1471 2570 ἐπιμελητὰς
1522 2505 1803 2566 κοιθίςησιν.
1888 2503 2121 2558 Verbum
2151 2526 2330 2561 ,κοιτοο-

344 2599 526 2656 μελεῖν
566 2591 805 2646 absolute
844 2593 966 2663 poni
1006 2591 1140 2646 solet
1183 2609 1275 2662 pro
1320 2592 1677 2663 indiliqentem
1718 2609 1826 2645 esse
1865 2598 1918 2645 et
1958 2592 2125 2664 oflicii
2166 2595 2331 2666 neyli-

344 2688 582 2751 flentem,
645 2687 706 2734 ut
757 2697 924 2752 paene
967 2680 1106 2734 idem
1152 2680 1221 2733 sit
1275 2686 1561 2746 κοιταμελῶ
1598 2687 1650 2735 et
1704 2682 1909 2746 ἀμελής
1962 2681 2104 2746 εἶμι,
2161 2690 2220 2736 ut
2272 2683 2327 2737 in

346 2766 580 2823 Anabasi
615 2768 675 2822 V.
718 2786 827 2823 vm.
875 2774 921 2824 1.
983 2767 1156 2836 ἄρχων
1200 2768 1411 2835 αἱρεθεὶς
1452 2769 1773 2835 κατημέλει,
1816 2767 1906 2822 uhi
1947 2769 1994 2823 si
2035 2770 2214 2834 ἠμέλει
2255 2769 2326 2824 le·

348 2862 568 2924 geretur
606 2857 776 2910 oratio
811 2863 951 2911 esset
987 2855 1316 2926 imperfecta.
1397 2857 1682 2928 Complura
1721 2856 1881 2910 verba
1929 2863 2053 2910 sunt
2078 2899 2090 2918 ‚
2132 2857 2328 2928 quibus

345 2944 666 3014 praepositio
703 2943 845 2997 κατά
871 2945 948 2998 sic
979 2943 1227 3009 additur,
1264 2952 1323 2998 ut
1365 2945 1432 2998 iis
1468 2946 1613 2998 notio
1643 2943 1861 2999 accedat
1902 2944 2130 3015 neglecti
2167 2943 2329 3000 officii

2423 1597 2436 1618 „.

2421 1629 2436 1671 ι

350 1710 568 1784 probari
609 1716 660 1763 et
701 1708 945 1772 defendi,
999 1708 1196 1780 quibus
1250 1726 1354 1764 non
1408 1716 1491 1764 est
1539 1710 1672 1764 satis
1725 1709 1950 1764 subacta
2001 1711 2187 1777 auriS,
2241 1710 2334 1767 sed

350 1803 786 1865 κοοτοομελοῦντοος
844 1804 941 1852 τῶν
1000 1797 1334 1867 φρουράρχων
1394 1797 1689 1852 absurdum
1747 1804 1848 1853 est.
1935 1801 2224 1867 ’Ἄρχοντες
2277 1800 2334 1853 in
2408 1822 2429 1858 ῃ

347 3038 441 3085 aut
481 3029 604 3084 fidei
633 3030 875 3085 violatae.
953 3032 1448 3100 Κατ-οιχαρίζεσθοιι,
1496 3038 1552 3086 ut
1587 3032 1684 3086 hoc
1717 3039 1868 3096 utar,
1908 3039 1987 3085 est
2021 3032 2327 3099 χαρίζεσθαι,

349 3126 524 3174 contra
565 3119 799 3190 officium
822 3127 869 3173 et
907 3120 1094 3190 sidem,
1130 3130 1338 3191 praeter
1377 3138 1598 3192 aequum
1633 3127 1680 3174 el
1719 3121 1936 3184 bonum,
1977 3128 2155 3174 contra
2192 3139 2326 3175 rem-

338 3207 645 3280 publicam,
698 3206 863 3260 veluti
918 3224 1086 3277 quum
1134 3208 1338 3263 iudices
1396 3208 1844 3276 κοιτοιχοιρίζεσθοιι
1904 3208 1976 3261 τοὶ
2028 3208 2204 3263 δίκαιοι
2247 3208 2324 3262 ‹li-

345 3301 560 3350 cuntur.
640 3293 841 3351 Eodem
877 3293 1030 3347 modo
1071 3305 1339 3350 κατελεεῑν
1379 3296 1582 3350 dicitur
1616 3296 1682 3349 de
1726 3313 1816 3358 eo,
1859 3297 1951 3366 qui
1992 3303 2207 3367 praeter
2249 3294 2321 3349 of·

350 3382 532 3439 ficium
573 3399 634 3436 ac
683 3382 840 3436 fidem
892 3383 1064 3452 parcit
1105 3385 1348 3447 nocenti,
1401 3384 1511 3437 sive
1567 3400 1690 3437 reus
1744 3384 1790 3437 is
1842 3391 1924 3437 est
1965 3385 2075 3438 sive
2122 3385 2176 3438 in
2220 3383 2321 3437 alio

347 3488 451 3542 quo
500 3470 735 3542 periculo
783 3477 1044 3524 versatur.
1125 3472 1313 3543 Lysias
1354 3471 1441 3524 VI.
1489 3476 1539 3526 5.
1589 3472 1839 3526 οὶδύνκτον
1882 3474 2001 3537 ὑμῖν
2043 3473 2146 3530 ἐςιν
2188 3470 2316 3532 -ἢ

347 3564 766 3623 κοιτελεῆσοιι
810 3560 838 3624 ἢ
880 3561 1338 3629 κοιτοιχοορίσοισθκι
1381 3560 1652 3629 Ἀνδοκίδῃ.
