2436 4068
1336 207 1441 256 574

458 352 622 411 ‘Ferri
661 350 805 404 nullo
842 349 996 402 modo
1037 354 1208 419 potest
1249 349 1488 415 φείσεσθε
1524 347 1634 404 Vll,
1677 366 1710 400 1.
1755 352 1841 402 24.
1895 350 1983 402 ἐὰν
2027 347 2108 404 οὖν
2165 355 2359 418 σωφρο-

393 448 547 503 νῆτε,
598 443 687 502 τοῦ
742 438 1029 500 ἀκολουθεῖν
1082 432 1190 488 ὅποι
1249 434 1312 489 ἄν
1369 456 1446 495 τις
1501 444 1784 503 παρακαλῇ
1848 438 2207 505 φείσεσθε,
2267 438 2358 491 sed

388 525 782 582 ‚emendandum
821 531 902 577 est
941 525 1223 591 αφήσεσθε.
1280 522 1412 576 Ibid.
1437 522 1547 576 Vll.
1582 540 1637 575 11.
1671 527 1719 576 7.
1762 540 1856 594 pro
1896 525 2165 592 ἐχώρουν
2200 525 2360 578 πάλιν

387 613 562 668 scribe
599 611 898 678 ἀνεχώρουν.
977 611 1109 664 Ibid.
1145 611 1256 667 V11.
1297 628 1352 665 11.
1395 614 1482 665 ΞΟ.
1539 610 1620 664 ἐπὶ
1676 619 1780 671 τοῖς
1820 609 1941 679 ὅροις
1986 613 2189 683 recepit
2235 613 2359 666 Din-

386 701 511 755 dorf
545 716 639 770 pro
674 701 831 766 ὁρίοις.
910 698 1111 753 Nollem
1174 699 1394 753 sactum.
1451 698 1593 765 Ὅροι
1650 705 1778 753 sunt
1829 699 2064 763 termini,
2122 699 2360 771 lapides,

387 790 479 860 qui
520 787 777 851 dicuntur
827 786 1149 858 πεπηγέναι,
1190 786 1513 849 ἀνεσπασθαι
1550 793 1598 841 et
1641 787 1763 844 sim.
1841 787 1999 854 “Opem
2031 796 2157 847 sunt
2195 789 2359 859 Ῐὶνιοε,

385 893 519 947 quos
559 875 780 929 termini
817 875 1172 928 constituunt.

463 962 664 1026 Ibidem
708 962 820 1028 VII.
862 980 937 1021 111.
982 967 1031 1016 7.
1087 965 1130 1022 οἱ
1178 964 1271 1028 μὲν
1313 961 1464 1016 ἄλλοι
1501 964 1764 1028 ἠρνοῦντο,
1805 958 1877 1022 εἷς
1921 963 1972 1016 δὲ
2022 965 2361 1029 ὡμολογή-

385 1072 518 1115 κει,
572 1050 726 1105 facile
777 1039 998 1122 apparet
1035 1051 1288 1116 ὡμολόγει
1332 1066 1518 1104 verum
1567 1049 1962 1104 esse:.deinde
2012 1052 2082 1118 τῷ
2141 1052 2360 1119 νομίζειν

383 1140 573 1198 δίκαιον
624 1145 783 1202 ποιεῖν
837 1138 1099 1193 Graecum
1140 1156 1246 1192 non
1302 1145 1411 1192 est:
1467 1138 1640 1193 δίκαια
1681 1144 1837 1191 ποιεῖν
1879 1137 1960 1210 (ut
2011 1138 2068 1191 in
2108 1137 2207 1192 hac
2247 1140 2362 1210 ipsa

387 1244 447 1281 re
485 1228 512 1294 ᾗ
550 1225 659 1298 11.)
702 1227 1004 1289 rectissime
1039 1226 1272 1291 dicitur,
1316 1225 1767 1296 quemadmodum
1806 1224 1962 1281 ἄδικα
2002 1234 2160 1281 ποιεῖν
2213 1234 2266 1281 et
2303 1231 2360 1286 οὐ

386 1322 580 1369 ποιεῖτε
619 1314 795 1376 δίκαια
836 1331 931 1385 pro
962 1315 1187 1369 ἀδικεῖτε
1210 1357 1225 1380 ,
1265 1322 1318 1368 et
1357 1314 1532 1368 δίκαια
1570 1313 1782 1379 λέγειν,
1822 1314 1998 1369 δίκαια
2037 1314 2267 1383 πάσχειν
2308 1325 2362 1372 et

385 1402 585 1466 similia
623 1403 829 1467 omnia,
869 1401 960 1456 sed
1002 1403 1191 1460 δίκαιον
1225 1409 1415 1464 ποιεῖν,
1456 1402 1648 1455 δίκαιον
1684 1401 1859 1466 λέγειν
1894 1419 1998 1455 non
2040 1404 2186 1458 item.
2265 1405 2363 1461 Ne·

386 1507 536 1546 cesse
583 1497 665 1544 est
701 1489 878 1544 dicere
910 1490 1100 1551 δίκαιόν
1139 1512 1188 1545 τι
1236 1497 1430 1554 ποιεῖν,
1471 1495 1532 1543 ut
1574 1488 1731 1560 paulo
1770 1496 1894 1543 ante
1933 1491 2282 1546 ostendimus,

462 1579 632 1645 Quam
689 1594 844 1649 saepe
903 1578 958 1631 in
1010 1577 1197 1631 vocula
1244 1599 1292 1632 τι
1338 1576 1631 1630 omittenda
1670 1578 1882 1647 peccari
1929 1577 2094 1634 soleat
2135 1580 2362 1636 subinde

387 1666 738 1721 ostendimus,
817 1665 1013 1720 Contra
1045 1665 1398 1737 expungenda
1438 1674 1520 1720 est
1555 1664 1740 1719 eadem
1774 1665 1916 1736 apud
1947 1666 2360 1722 Demosthenem

385 1757 444 1810 -in
491 1753 635 1809 Orat.
673 1753 810 1809 XIV.
854 1757 903 1806 4.
956 1755 1000 1808 εἰ
1037 1755 1131 1819 μὲν
1172 1753 1381 1821 ἐναργές
1421 1774 1471 1807 τι
1523 1753 1718 1818 γένοιτο
1758 1752 1846 1807 καὶ
1887 1755 2058 1821 σαφὲς
2094 1757 2159 1816 ὡς
2206 1758 2362 1822 βασι-

384 1843 506 1908 λεὺς
546 1844 722 1902 αὐτοῖς
763 1843 1034 1910 ἐπιχειρεῖ.
1112 1842 1325 1912 Peperit
1363 1841 1731 1912 importunum
1773 1858 2065 1912 pronomen
2109 1842 2363 1915 dittogra-

384 1930 512 2002 phia
550 1930 745 1995 γένοιτο
786 1937 839 1983 et
877 1931 1102 1994 γίνοιτο,
1142 1936 1195 1983 et
1239 1929 1524 2000 legendum
1564 1935 1646 1984 est
1683 1930 1726 1982 εἰ
1769 1930 1862 1994 μὲν
1901 1930 2111 1996 ἐναργὲς
2146 1931 2360 1995 γένοιτο.

383 2011 474 2072 Bis
508 2017 648 2072 idem
685 2034 976 2088 pronomen
1009 2025 1089 2072 est
1122 2017 1494 2090 expellendum
1528 2033 1592 2071 ex
1626 2016 1907 2071 Aeschinis
1940 2025 2073 2072 orat.
2113 2018 2177 2073 de
2210 2019 2270 2074 F.
2302 2021 2358 2077 L.

384 2110 414 2177 §
457 2111 581 2161 107.
624 2107 781 2166 οὐδείς
820 2127 888 2171 με
926 2108 1023 2160 τῶν
1063 2103 1232 2160 ὅπλων
1271 2103 1421 2160 ἕνεκα
1460 2111 1558 2160 τῶν
1605 2107 1864 2160 Φιλίππου
1906 2113 2089 2172 κρινεῖ,
2127 2109 2253 2162 αλλ’
2295 2107 2359 2163 ὧν

379 2195 445 2261 ἂν
479 2192 604 2248 εἴπω
640 2196 741 2265 [τι]
775 2195 848 2260 μὴ
882 2194 987 2254 δέον
1020 2194 1048 2257 ἢ
1082 2192 1259 2261 πράξω
1289 2193 1390 2267 [τι]
1419 2200 1516 2249 τῶν
1537 2195 1611 2259 μὴ
1633 2194 2113 2260 προστεταγμένων.
2158 2196 2357 2253 Trans-

378 2281 684 2355 ponendum
725 2289 806 2336 est
846 2283 902 2335 in
939 2281 1311 2337 Demosthenis
1351 2288 1485 2337 orat.
1527 2282 1591 2335 de
1630 2281 1746 2338 Cor.
1790 2285 1818 2352 §
1852 2285 1977 2336 277.
2022 2281 2114 2338 uhi
2153 2283 2355 2339 scribe:

378 2369 438 2426 ἵν’
479 2373 647 2433 εἰδῆτε
684 2370 800 2432 τίῆ
841 2371 938 2435 ἐμὴ
973 2370 1218 2437 συνέχεια
1249 2401 1324 2409 --
1355 2370 1442 2424 καὶ
1481 2370 1843 2438 ψηφίσματα,
1882 2365 1919 2427 ἃ
1955 2374 2039 2425 νῦν
2079 2367 2222 2431 οὗτος
2263 2371 2357 2427 διέ-

377 2479 552 2526 συρεν,
594 2456 955 2531 ἀπειργάσατο
996 2475 1091 2529 pro
1129 2459 1294 2520 εἰδῆτε
1334 2460 1362 2520 ἡ
1403 2459 1502 2523 ε’μὴ
1525 2456 1842 2523 -διέσυρε,
1881 2457 1936 2515 τί
1970 2457 2355 2526 ἀπειργάσατο,

377 2547 562 2618 Inepte
617 2546 860 2600 additum
914 2554 995 2600 est
1040 2567 1156 2610 τινα
1208 2547 1262 2599 in
1310 2545 1493 2606 eadem
1551 2543 1696 2598 Orat.
1751 2545 1779 2610 ἓ
1823 2548 1946 2598 146.
1990 2544 2038 2601 ,εἴ
2075 2567 2144 2614 τῳ
2185 2546 2351 2619 [τινα]

376 2637 544 2703 ρὶρχὴν
585 2634 814 2703 ἄρχοντι.
894 2634 1011 2688 Alio
1064 2652 1259 2705 genere
1306 2632 1486 2687 mendi
1534 2632 1739 2686 laborat
1794 2622 2358 2688 locusDemosthenis

376 2726 432 2781 in
482 2722 629 2786 Orat,
675 2723 830 2777 XLII.
875 2726 963 2776 25.
1020 2724 1136 2784 τοὺς
1190 2724 1243 2785 δὲ
1295 2722 1591 2790 νομίζοντας
1646 2722 1930 2781 ἀπολλύειν
1985 2721 2141 2775 ὅταν
2188 2724 2258 2781 εἷς
2297 2722 2356 2785 τὸ

377 2812 532 2866 κοινόν
582 2812 679 2884 [τι]
720 2812 1114 2875 δαπανήσωσιν,
1158 2812 1305 2865 locus
1349 2809 1626 2881 expeditus
1666 2809 1770 2863 erit
1810 2808 1901 2862 ubi
1941 2830 1990 2863 τι
2032 2810 2355 2879 expunxeris

375 2909 428 2961 et
468 2917 563 2970 pro
592 2897 715 2963 ὅταν
752 2900 1054 2970 reposueris
1097 2897 1127 2953 ὅ
1168 2920 1232 2953 τι
1287 2899 1364 2953 ἂν
1416 2900 1487 2959 εἷς
1521 2900 1579 2965 τὸ
1620 2898 1774 2952 κοινὸν
1814 2897 2189 2960 δαπανήσωσιν,

450 2987 582 3041 Ibid.
620 2987 730 3053 VII.
770 2977 845 3050 111.
892 2993 939 3041 7.
995 2989 1142 3052 ὑμεῖς
1181 2988 1296 3048 τοὺς
1337 2988 1449 3054 περὶ
1504 2986 1726 3053 Ἀρχίαν
1764 3017 1836 3028 -
1878 2986 1932 3039 οὐ
1981 2989 2157 3051 ψῆφον
2211 2986 2352 3048 οένε-

373 3076 672 3147 μείνατε,
726 3076 853 3136 ἀλλ’
908 3074 1062 3136 ὁπότε
1114 3082 1306 3142 πρῶτον
1366 3073 1669 3136 ἐδυνάσθητε
1725 3072 2133 3143 ἐτιμωρήσασθε,
2190 3088 2352 3126 arena

375 3169 457 3217 est
512 3163 626 3215 sine
683 3161 862 3225 calce,
921 3162 1014 3222 sed
1060 3162 1188 3233 quid
1243 3163 1556 3232 requiratur
1609 3161 1756 3215 locus
1799 3160 1911 3229 ipse
1960 3158 2164 3229 liquido
2204 3176 2350 3219 mon-

376 3256 527 3306 strat.
610 3247 963 3320 opponuntur
999 3239 1142 3304 enim
1198 3241 1340 3303 inter
1389 3266 1446 3304 se
1491 3267 1592 3303 non
1646 3247 1953 3312 ἀνεμείνατε
2007 3235 2061 3299 et
2111 3248 2350 3315 ἐτιμωρή-

377 3341 566 3400 σασθε,
608 3354 732 3391 nam
773 3337 851 3390 sic
895 3337 1265 3395 accusativum
1306 3339 1422 3398 τοὺς
1463 3338 1573 3404 περὶ
1615 3335 1835 3402 Ἀρχίαν
1873 3333 1938 3386 ab
1972 3339 2199 3405 utroque
2239 3352 2352 3393 ver-

374 3428 442 3481 bo
483 3425 713 3497 pendere
753 3423 1058 3500 oportebat,
1100 3422 1190 3477 sed
1230 3430 1406 3492 ψῆφον
1454 3425 1827 3488 ἀναμείναντες
1876 3428 1930 3475 et
1969 3420 2122 3476 ὁπότε
2160 3428 2351 3490 πρῶτον

373 3515 678 3577 ἐδυνάσθητε
733 3512 894 3585 idque
931 3513 1106 3582 ipsum
1162 3510 1552 3565 restituendum
1612 3517 1694 3564 est
1739 3513 1793 3564 οὐ
1848 3514 2023 3577 ψῆφον
2078 3511 2348 3575 οὶναμεί-

374 3624 613 3672 ναντες
652 3603 778 3666 αλλ’
815 3600 967 3671 ὁπᾴτε
1001 3601 1108 3658 me.
1151 3606 1202 3653 et
1244 3600 1422 3660 omnia
1455 3598 1726 3653 habebunt
1766 3599 1981 3669 optime.
2065 3597 2348 3652 Simillimo
