2436 4068
1264 196 1369 246 560

324 340 423 395 hoc
464 347 561 394 ost.
642 340 977 393 Athenienses
1028 338 1127 391 hoc
1171 338 1494 392 videbantur
1534 356 1650 393 esse
1702 339 1945 395 effecturi
2002 343 2046 395 si
2104 342 2300 395 iterum

324 430 423 484 soli
473 428 735 483 Barbaros
793 432 1173 497 superassent,
1229 427 1392 479 sicuti
1451 428 1504 479 in
1550 443 1729 498 pugna
1786 429 2118 483 Marathonia
2172 428 2303 483 sece—

327 525 467 571 rant.
549 517 760 587 Reponc
801 515 970 584 igitur
1008 515 1430 580 κατορθώσαντας
1466 522 1520 568 et
1556 516 1736 568 omnia
1767 516 2054 586 procedent
2088 519 2303 588 optimc.

326 605 677 675 Perspicuum
719 610 798 656 est
840 601 964 672 quid
1005 601 1209 654 scribas
1266 601 1537 656 induxerit
1578 604 1632 656 in
1674 620 1929 658 errorem.
2007 604 2163 676 Apud
2203 607 2307 659 An-

327 692 628 763 tiphontem
663 690 726 745 V.
766 694 854 744 85.
898 696 1086 743 contra
1126 689 1453 744 Graecorum
1496 706 1652 744 usum
1688 691 1912 762 legitur:
1949 694 1991 746 εἶ
2032 694 2084 746 δὲ
2118 693 2204 748 δύο
2248 692 2307 755 ἐξ

330 782 431 840 ἑνὸς
475 781 669 843 οέγῶνος
708 779 1015 843 γεγένησθον
1054 779 1143 831 οὐκ
1189 779 1292 842 ἐγὼ
1332 778 1529 842 αἴτιος,
1581 777 1868 849 legendum
1908 788 2018 834 est:
2058 783 2099 835 εἷ
2140 783 2191 835 δὲ
2233 782 2309 835 δύ’

329 866 387 930 ἐξ
426 867 529 927 ἐνὸς
574 868 776 931 azyme
816 867 1142 932 γεγένησθον.
1224 866 1455 920 Facilior
1494 867 1656 920 etiam
1712 874 1794 921 est
1839 873 1892 922 et
1931 868 2218 938 proclivior
2255 869 2310 921 in

328 954 527 1009 talibus
587 970 773 1019 error,
833 954 1084 1025 quoniam
1140 954 1523 1008 vocabulorum
1565 955 1741 1009 exitus
1796 961 1849 1009 et
1909 956 2314 1010 terminationes

331 1050 550 1115 propter
610 1042 913 1114 scripturae
972 1041 1286 1113 compendia
1338 1043 1636 1096 sexcenties
1690 1043 1992 1097 scribarum
2045 1043 2315 1097 arbitratu

331 1131 769 1194 constituuntur,
807 1137 860 1184 et
900 1130 1055 1201 longe
1089 1131 1324 1183 maxima
1365 1146 1487 1201 pars
1512 1129 1828 1185 mendorum
1873 1132 1927 1184 in
1964 1131 2171 1184 ultimis
2199 1148 2313 1184 ver-

331 1219 523 1272 borum
558 1218 777 1291 syllabis
818 1219 1193 1273 committitur.
1275 1219 1593 1273 Percurram
1637 1218 1981 1290 Antiphontis
2020 1219 2313 1273 orationem

335 1308 565 1379 primam
628 1313 685 1360 ut
732 1305 783 1359 id
831 1306 1086 1378 exemplis
1136 1305 1460 1377 quibusdam
1513 1307 1843 1362 confirmem.
1935 1306 2158 1378 Legitur
2208 1306 2318 1360 illic

337 1398 391 1449 in
435 1395 474 1468 S
512 1399 562 1449 5.
620 1396 663 1448 εἷ
710 1394 900 1461 νομίζει
952 1399 1102 1449 τοῦτο
1162 1395 1508 1460 εὐσέβειαν
1561 1392 1690 1450 εἶναι
1743 1400 1802 1450 τὸ
1859 1396 1951 1457 τὴν
2004 1395 2204 1463 μητέρα
2244 1396 2317 1460 μὴ

336 1485 620 1551 προδοῦναι.
702 1481 840 1548 Quid
872 1482 943 1536 sit
983 1482 1346 1554 reponendum
1384 1482 1665 1538 ostendent
1699 1483 1834 1548 loci,
1875 1482 2048 1554 qualis
2088 1489 2169 1538 est
2204 1483 2321 1538 Ari-

341 1571 618 1643 stophanis
659 1571 711 1622 in
754 1568 997 1624 Nubibus
1041 1575 1210 1626 1412:

642 1657 914 1725 ἐπειδήπερ
955 1679 1021 1723 γε
1061 1661 1201 1713 τοῦτ’
1242 1658 1351 1712 ἔστ’
1391 1660 1577 1713 εὐνοεῖν
1616 1662 1674 1715 τὸ
1713 1660 1947 1714 τύπτειν.

340 1746 407 1802 ad
447 1744 588 1817 quod
627 1745 931 1816 exemplum
986 1748 1223 1818 corrige:
1279 1748 1322 1800 εἰ
1373 1748 1562 1815 νομίζει
1621 1751 1761 1802 τοῦτ’
1815 1750 2121 1815 εὐσεβεῖν
2174 1746 2322 1802 εἶναι.

343 1836 534 1890 Exime
592 1834 764 1888 obiter
804 1834 998 1888 vitium
1039 1851 1104 1889 ex
1143 1834 1518 1890 Demosthenis
1559 1834 1813 1891 Oratione
1853 1836 1936 1890 LI.
1981 1835 2019 1909 §
2048 1839 2135 1889 102..
2189 1834 2326 1889 ποὶν-

345 1945 432 1984 τες
479 1926 625 1989 ὑμεῖς
675 1924 876 1991 φήσετε
916 1923 974 1976 τὸ
1016 1924 1137 1990 πρὸς
1180 1924 1252 1978 τοὶ
1291 1928 1512 1978 τοιαῦτα
1564 1926 1736 1995 πρᾴως
1778 1923 1920 1991 ἔχειν
1975 1921 2325 1991 προδιδάσκειν

348 2013 541 2079 ἑτέρους
598 2011 800 2072 οέδίκους
860 2008 1026 2075 εἶναι,
1080 2012 1188 2065 imo
1243 2029 1368 2065 vero
1421 2012 1770 2079 προδιδάσκειν
1823 2012 2016 2080 ἑτέρους
2079 2013 2329 2067 οέδικεῖν

348 2097 496 2156 εἶναι.
575 2099 734 2153 Ratio
773 2098 1163 2154 emendationis
1210 2107 1319 2154 tam
1360 2109 1545 2171 aperta
1586 2108 1667 2155 est
1701 2117 1863 2172 quam
1906 2117 2069 2154 causa
2107 2100 2328 2155 erroris·

349 2187 505 2260 Apud
552 2187 937 2258 Antiphontem
979 2188 1250 2242 contrario
1292 2188 1446 2242 modo
1494 2195 1776 2259 peccatum
1816 2195 1898 2242 est
1937 2189 1977 2242 Ι.
2020 2187 2059 2261 S
2094 2192 2182 2242 26.
2223 2194 2331 2249 πῶς

350 2273 432 2332 οὖν
473 2275 669 2338 ταύτην
721 2276 941 2329 ἐλεεῖν
993 2274 1136 2338 ἄξιόν
1175 2279 1280 2334 ε’ςιν
1321 2279 1349 2341 ἢ
1392 2278 1562 2337 αἰδοῦς
1612 2276 1902 2344 τυγχάνειν
1955 2279 2076 2343 παρ’
2119 2277 2254 2342 ὑμῶν
2300 2278 2328 2340 ἢ

350 2363 518 2418 ἄλλου
560 2381 676 2425 του;
719 2380 812 2434 pro
852 2365 1014 2417 ἐλεεῖν
1055 2363 1205 2418 locus
1247 2365 1475 2436 requirit
1511 2371 1569 2419 ut
1608 2365 1750 2419 ἐλέου
1789 2364 2075 2419 scribatur.
2158 2364 2331 2419 Soloe-

353 2468 475 2506 cum
535 2459 617 2505 est
669 2451 721 2504 in
780 2451 819 2525 S
857 2456 946 2507 28.
999 2452 1331 2518 διομόσασθαι
1393 2454 1515 2520 ὑπὲρ
1568 2461 1659 2516 τῆς
1708 2455 1898 2522 μητρὸς
1938 2451 1994 2507 εὖ
2034 2454 2216 2508 εἰδέναι
2258 2455 2332 2519 μὴ

351 2540 791 2602 πεποιηκέναι
828 2544 1033 2604 ταῦτα,
1076 2539 1300 2594 emenda
1333 2543 1406 2606 μὴ
1437 2549 1791 2604 πεποιηκυῖαν.
1871 2542 1931 2595 ln
1975 2541 2013 2615 S
2052 2546 2136 2596 19.
2181 2541 2335 2596 ἔλασ·

355 2650 440 2683 σον
480 2629 646 2695 ἐνέχει
687 2645 781 2700 pro
816 2627 1128 2699 imperfecto
1173 2630 1509 2684 necessarius
1546 2637 1627 2685 est
1663 2632 1895 2685 aoristus
1935 2631 2127 2698 ἐνέχεε.
2209 2629 2335 2684 Gra-

354 2716 572 2771 vissime
631 2723 810 2770 autem
873 2725 1154 2788 peccatum
1213 2723 1294 2771 est
1349 2718 1402 2770 in
1451 2716 1490 2792 g
1529 2722 1580 2772 2.
1634 2719 1779 2773 αὐτοὶ
1836 2716 1968 2773 οὗτοι
2028 2717 2335 2783 ἠνάγκασαν

356 2805 467 2871 ἐμοὶ
511 2805 633 2871 πρὸς
679 2804 887 2866 τούτους
939 2806 1128 2866 αὐτοὺς
1168 2806 1252 2859 τὸν
1293 2807 1476 2870 azynum
1528 2815 1820 2870 καταςῆναι
1874 2803 1955 2868 οὓς
2002 2808 2133 2866 εἰκὸς
2169 2803 2223 2867 ἦν
2264 2809 2334 2875 τῷ

357 2894 453 2960 μὲν
502 2892 734 2947 τεθνεῶτι
792 2896 1039 2961 τιμωροὺς
1094 2895 1370 2959 γενέσθαι,
1411 2895 1480 2962 τῷ
1515 2896 1557 2949 δ’
1602 2895 1853 2959 ἐπεξιόντι
1892 2894 2141 2960 βοηθούς,
2181 2895 2336 2948 cuius

357 2982 458 3036 loci
497 2982 671 3052 prima
713 2998 835 3052 pars
876 2989 1021 3036 recte
1063 2982 1288 3052 intelligi
1344 3000 1447 3036 non
1498 2989 1705 3054 potest:
1738 3001 1850 3054 ,pro
1890 2983 2004 3048 ἐμοί
2041 2983 2336 3052 genuinum

348 3076 441 3124 ‚est
482 3069 610 3135 ἐμέ,
652 3068 843 3124 deinde
889 3077 1100 3124 caetera
1140 3071 1218 3124 sic
1269 3078 1393 3125 sunt
1437 3070 1844 3126 constituenda:
1888 3069 2195 3135 ἠνάγκασαν
2244 3073 2337 3136 ἐμὲ

349 3159 478 3227 πρὸς
520 3157 727 3216 τούτους
773 3159 958 3219 αὐτοὺς
1004 3160 1074 3218 εἷς
1110 3161 1292 3222 οέγῶνα
1338 3166 1648 3222 καταςῆναι.
1730 3158 2032 3228 Adiungam
2075 3158 2160 3212 his
2197 3158 2339 3213 locos

359 3245 616 3317 quosdam
671 3244 891 3317 Lysiae:
943 3247 1291 3316 perspicuum
1331 3253 1412 3301 est
1466 3248 1517 3300 in
1575 3245 1719 3300 Orat.
1757 3245 1849 3299 ΙΙΙ.
1904 3249 1993 3301 24.
2055 3246 2109 3299 in
2165 3247 2340 3301 verbis

357 3336 443 3387 τὸν
484 3335 817 3401 ἑταιρήσοντα
857 3332 1159 3387 πλειόνων
1199 3335 1516 3399 ἐμισθώσατο
1557 3332 1620 3387 ὧν
1659 3335 1815 3393 αὐτὸς
1854 3333 2114 3401 τυγχάνει
2150 3357 2338 3398 κεκτη-

357 3423 506 3488 μένος
537 3421 808 3476 emendari
849 3428 1093 3491 oportere
1133 3422 1438 3482 πλείονος
1479 3421 1829 3487 ἐμισθώσατο,
1872 3424 1973 3478 nisi
2011 3424 2147 3479 sorte
2187 3434 2337 3495 puta-

356 3509 438 3566 his
476 3515 741 3565 πολλῶν
778 3512 1002 3568 ὠνεῖσθαι
1025 3553 1038 3574 ,
1080 3518 1299 3575 πωλεῖν,
1341 3511 1639 3575 μισθοῦσθαι
1685 3527 1780 3580 pro
1820 3517 2014 3566 πολλοῦ
2039 3511 2142 3566 dici
2167 3507 2335 3583 posse.
