2436 4068
1346 201 1450 252 244

705 345 861 405 οὐδεὶς
903 345 1043 398 κατα
1085 344 1308 404 σπουδὰς
1348 347 1857 413 μετεγγραφήσεται
1880 345 1914 409 ,³

703 435 830 485 ἀλλ’
869 430 1032 498 ὥσπερ
1073 430 1127 494 ἧν
1167 433 1224 486 τὸ
1263 436 1452 498 πρῶτον
1492 431 1912 499 ἐγγεγράψεται.

405 523 456 570 et
497 517 549 570 in
590 517 829 572 Nubibus
869 521 1030 571 1436.

627 605 801 670 μοέτήν
835 606 944 670 ἐμοὶ
980 605 1359 671 κεκλαύσεται,
1398 608 1461 663 σὺ
1495 608 1538 661 δ’
1572 607 1812 674 ἐγχανὼν
1853 607 2119 672 τεθνήξεις.

404 691 458 745 id
499 699 579 745 est
631 694 977 759 κεκλαυμένου
1027 693 1140 751 ἔςαι
1193 701 1244 749 et
1299 696 1516 766 passim.
1597 695 1746 748 Trita
1802 703 1929 749 sunt
1983 698 2222 751 omnium
2276 715 2378 754 usu

405 780 697 845 εἰρήσομαι,
738 782 1072 848 πεπρασομαι
1096 825 1109 846 ,
1150 785 1578 850 ἑμπεπρήσομαι,
1619 781 1984 850 πεπραξομαι,
2023 787 2381 852 μεμνήσομαι,

403 869 751 933 κεκτήσομαι,
792 872 1120 937 τετμήσομαι
1144 913 1156 933 ,
1200 871 1435 942 aliaque,
1479 887 1614 941 quae
1648 873 1826 924 omnia
1861 888 1924 925 ex
1952 870 2172 941 perfecti
2210 872 2382 928 forma

405 954 779 1025 producuntur
817 964 877 1011 ut
920 959 1057 1030 feci,
1110 961 1311 1031 fecem,
1363 959 1439 1013 sic
1479 959 1743 1025 λέλυμαι,
1796 959 2104 1025 λελύσομαι.
2184 961 2382 1016 Notan-

404 1041 532 1096 dum
583 1051 663 1098 est
713 1045 958 1111 δέδεμαι,
1014 1047 1310 1114 δεδήσομαι.
1393 1047 1569 1114 Quum
1625 1046 1755 1101 haec
1795 1049 1974 1100 omnia
2026 1047 2149 1103 olim
2201 1050 2254 1103 in
2297 1050 2382 1105 de-

402 1131 741 1186 suetudinem
787 1133 1042 1189 abiissent
1092 1137 1305 1207 saepius
1345 1133 1546 1188 sactum
1587 1151 1702 1189 esse
1752 1134 1897 1196 vidi,
1957 1142 2015 1189 ut
2054 1153 2150 1208 pro
2201 1136 2384 1192 futuro

400 1217 622 1288 perfecti
662 1229 868 1276 resecta
910 1213 1271 1297 una‘syllaba
1311 1224 1485 1294 ipsum
1530 1221 1826 1294 perfectum
1868 1223 2045 1294 inepte
2096 1223 2382 1280 substitue-

401 1313 570 1360 retur.
651 1307 717 1362 Ut
769 1310 910 1380 apud
962 1311 1371 1366 Demosthenem
1419 1329 1470 1382 p.
1514 1315 1656 1375 178,
1699 1315 1786 1365 21.
1849 1310 1972 1364 libri
2009 1319 2221 1366 tantum
2277 1329 2381 1366 non

404 1409 588 1447 omnes
644 1405 858 1451 servant
901 1400 944 1453 εἶ
996 1400 1047 1453 δὲ
1100 1401 1360 1468 παρελθὼν
1409 1395 1480 1460 εἷς
1531 1401 1726 1455 ὂςισοῦν
1778 1398 1981 1453 δύναιτο
2037 1398 2240 1463 διδάξαι
2303 1402 2381 1462 τίς

403 1485 705 1548 παρασκευὴ
744 1487 998 1552 χρήσιμος
1034 1487 1147 1546 ἔςαι
1187 1497 1251 1557 τῇ
1292 1487 1440 1542 πόλει
1481 1490 1589 1548 ποῖς
1630 1489 1652 1541 ὃ
1693 1489 1862 1555 παρὼν
1909 1487 2075 1557 φόβος
2118 1488 2380 1551 λέλυται,

403 1585 730 1641 quamquam
770 1574 989 1629 λέλυται
1026 1577 1277 1630 vitiosum
1317 1592 1431 1630 esse
1465 1574 1638 1647 palam
1680 1582 1791 1639 est,
1836 1575 2065 1648 (acutior
2093 1575 2286 1647 aliquis
2327 1577 2381 1630 in

403 1656 594 1712 Codice
633 1659 934 1715 Monacensi
975 1665 1207 1718 correxit
1245 1666 1564 1727 λυθήσεται,
1608 1680 1790 1718 verum
1845 1663 1988 1717 solus
2036 1672 2212 1718 servat
2251 1666 2384 1736 opti-

403 1761 527 1798 mus
567 1746 842 1802 Parisinus
888 1750 923 1804 S
961 1751 1296 1824 λελύσεται),
1340 1752 1418 1805 sic
1458 1751 1585 1805 alibi
1624 1768 1779 1822 saepe
1817 1753 2097 1806 λελύσεται
2140 1758 2193 1805 et
2229 1753 2382 1807 λελύ-

404 1853 579 1888 σονται
608 1877 620 1899 ,
665 1842 725 1889 ut
767 1837 892 1890 alibi
942 1838 1462 1903 demonstravimuS‚
1517 1842 1572 1893 in
1608 1840 1826 1893 λέλυται
1868 1846 1921 1893 et
1959 1839 2235 1903 λέλυνται,
2291 1847 2384 1894 aut

402 1922 647 1977 λύσονται
689 1923 974 1995 depravata
1008 1936 1150 1982 sunt.
1230 1928 1434 1981 Novum
1477 1927 1640 1982 liuius
1678 1927 1756 1982 rei
1802 1926 2104 1999 exemplum
2132 1970 2144 1990 ,
2203 1945 2384 1999 quam-

403 2026 564 2080 quam
606 2028 668 2065 ex
708 2014 971 2083 pessimae
1027 2023 1181 2070 notae
1221 2017 1480 2088 scriptore
1506 2060 1519 2083 ‚
1578 2023 1757 2070 tamen
1809 2015 1934 2086 quia
1973 2014 2258 2070 admodum
2300 2015 2402 2070 lu·-

403 2098 678 2154 culentum
721 2107 828 2162 est,
871 2119 1195 2173 expromam.
1276 2104 1497 2175 Legitur
1536 2104 1675 2177 apud
1717 2104 1961 2159 Flavium
1999 2103 2279 2176 Iosephum
2319 2103 2384 2159 de

402 2185 460 2239 Β.
496 2185 535 2238 Ι.
575 2186 662 2239 IV.
710 2192 793 2242 10.
847 2189 995 2254 μόνον
1048 2194 1282 2260 ὀφθῶμεν
1322 2194 1497 2254 αὐτοῖς
1538 2194 1624 2247 καὶ
1676 2191 2104 2256 καταλέλυνται,
2147 2192 2383 2247 sentisne

401 2275 852 2330 καταλελύσονται
890 2279 1281 2334 emendandum
1337 2297 1480 2344 esse,
1531 2279 1670 2350 quod
1725 2279 1930 2334 dictum
1985 2288 2066 2334 est
2115 2286 2174 2334 ut
2211 2279 2380 2348 φράζε

401 2363 487 2416 καὶ
529 2362 892 2430 πεπραξεταιῖ

479 2448 618 2516 Quid
655 2451 938 2507 interesset
980 2455 1121 2509 inter
1166 2456 1456 2522 λελύσομαι
1495 2463 1547 2510 et
1586 2457 1872 2521 λυθήσομαι
1925 2455 2080 2527 plane
2132 2456 2384 2510 nesciisse

402 2537 718 2611 Dionysium
780 2540 946 2596 Halic.
1009 2551 1061 2598 et
1118 2544 1356 2599 eruditos
1414 2543 1544 2599 adeo
1602 2561 1785 2598 omnes
1846 2543 2147 2599 luculenter
2206 2543 2384 2615 colligi

402 2631 576 2696 potest
617 2643 679 2680 ex
721 2629 837 2683 eius
877 2630 1052 2686 verbis
1093 2634 1147 2685 in
1190 2632 1324 2686 libro
1364 2633 1476 2700 περὶ
1510 2632 1799 2705 ,συνθέσεως
1840 2632 2100 2698 ὅνομοὶτων
2141 2649 2254 2703 cap.
2293 2631 2382 2686 VI.

402 2730 452 2784 p.
493 2718 563 2768 45
606 2715 669 2772 R.
728 2717 817 2771 ubi
872 2718 1024 2774 docet
1064 2721 1346 2776 λελύσεται
1386 2738 1482 2793 pro
1525 2721 1801 2784 λυθήσεται
1842 2720 1948 2775 dici
1988 2737 2140 2792 posse
2191 2727 2252 2774 ui.
2298 2737 2381 2775 ve-

404 2803 614 2856 nustior
648 2804 738 2858 fiat
779 2807 948 2860 oratio
988 2814 1040 2862 et
1080 2807 1146 2861 ad
1187 2820 1344 2863 aures
1397 2810 1602 2880 gratior
1642 2809 1882 2864 accedat:
1934 2810 1956 2863 ὃ
2001 2812 2382 2877 χωροφιλῆ-

406 2912 513 2945 σαι
553 2892 722 2957 λέγων
763 2895 819 2948 τὸ
862 2900 1376 2964 φιλοχωρῆσαι,
1434 2897 1642 2968 inquit,
1686 2897 1772 2950 καὶ
1813 2898 2173 2952 λελύσεται
2215 2896 2383 2961 λέγων

403 2981 462 3033 τὸ
518 2982 874 3043 λυθήσεται
915 2984 1296 3051 μετασκευάζει
1344 2985 1442 3046 τοὶς
1483 2984 1649 3048 λέξεις
1685 2982 1744 3038 ἵν’
1785 2987 1924 3053 αὐτῷ
1966 2986 2187 3051 γένοιντο
2229 2986 2382 3052 οὶρμο-

404 3070 599 3122 σθεῖσαι
634 3071 896 3131 καλλίους.
979 3072 1081 3139 Qui
1114 3073 1169 3126 in
1204 3078 1516 3142 χωροφιλεῖν
1557 3074 1791 3144 respexit
1825 3073 1999 3128 locum
2036 3072 2384 3147 Antiphontis

405 3172 436 3210 a
478 3155 760 3211 Schaefero
802 3156 1096 3213 indicatum
1138 3167 1271 3214 orat.
1310 3160 1370 3213 V.
1415 3165 1444 3231 §
1484 3165 1570 3215 78.
1627 3169 1679 3215 et
1726 3163 1779 3215 in
1834 3163 2114 3216 λελύσεται
2170 3161 2383 3215 Demos-

406 3244 584 3299 thenis
642 3243 856 3308 locum,
914 3246 977 3300 de
1027 3264 1132 3318 quo
1177 3247 1429 3302 diximus,
1511 3248 1677 3320 Saepe
1717 3249 1826 3304 vidi
1862 3249 2002 3321 apud
2054 3248 2251 3302 multos
2291 3270 2381 3314 με·

404 3334 624 3398 μνῆσθαι
673 3349 768 3404 pro
809 3336 1159 3398 μεμνήσεσθαι
1219 3353 1499 3408 perperam
1550 3338 1783 3407 positum
1838 3345 1891 3391 et
1946 3339 2239 3405 πεπρᾶσθαι
2288 3354 2382 3408 pro

407 3421 759 3489 πεπρασεσθαι
810 3422 948 3492 quod
994 3425 1085 3494 qui
1126 3425 1288 3480 semel
1331 3426 1383 3478 in
1429 3424 1716 3479 luculentis
1766 3425 2085 3496 quibusdam
2128 3434 2180 3479 et
2223 3426 2383 3479 certis

406 3509 661 3581 exemplis
727 3509 858 3564 bene
914 3514 1280 3583 perspexerit,
1341 3512 1667 3567 confidenter
1720 3514 1774 3566 in
1828 3515 2053 3568 caeteris
2111 3513 2382 3568 erroribus

408 3597 792 3653 eiusdemmodi
834 3599 971 3670 quod
1007 3617 1132 3656 sana
1170 3602 1305 3656 ratio
1341 3603 1512 3674 poscit
1550 3601 1818 3658 revocabit
1852 3609 1903 3657 et
1943 3602 2267 3674 ubicumque
2305 3600 2382 3654 su·
