2436 4068
1326 233 1392 281 72

373 379 612 446 τέρματα
667 381 718 428 et
759 371 892 440 οὖρος
936 375 983 427 ei
1041 379 1196 434 sunt,
1251 373 1391 443 quod
1441 374 1599 438 πέρας
1645 372 1698 424 in
1744 372 2054 442 quotidiano
2095 389 2353 430 sermone.

369 467 447 521 Eo
492 466 605 536 ipso
645 462 858 516 nomine
904 462 955 514 in
1001 477 1058 514 re
1105 458 1288 514 eadem
1342 462 1518 514 utitur
1567 459 1760 512 Zeuxis
1809 460 2090 515 Parrhasio
2142 478 2356 533 respon-

369 554 554 617 denS,
592 558 650 606 ut
691 549 937 612 videtur,
979 546 1118 618 apud
1165 547 1455 602 Aristidem
1498 547 1550 600 in
1596 552 1729 601 orat.
1771 547 1881 615 περὶ
1917 553 2005 602 τοῦ
2045 549 2353 620 παραφθέγ-

372 661 537 707 ματος
579 657 628 709 p.
663 640 798 700 586,
840 639 890 689 8.

517 725 800 794 Ἡράκλειοι
836 724 1022 790 πατρὶς
1046 766 1060 786 ,
1103 722 1282 787 Ζεῦξις
1317 725 1359 776 δ’
1398 722 1569 786 ὄνομ’,
1610 724 1651 775 εἰ
1694 723 1745 776 δέ
1784 743 1862 784 τις
1903 723 2088 790 ἀνδρῶν

672 811 918 879 ἡμετέρης
961 812 1150 878 τέχνης
1193 810 1418 878 πείρατά
1458 814 1617 879 φησιν
1658 808 1799 877 ἔχειν

591 898 763 963 δείξας
805 899 1009 953 νικάτω.

362 988 596 1043 Iocosius
650 987 812 1041 etiam
886 987 997 1058 ipse
1053 985 1245 1040 artifex
1303 986 1462 1052 πέρας
1526 983 1821 1038 dicebatur.
1912 984 2355 1059 Philostephanus
2425 988 2436 997 “

362 1076 553 1131 Athen.
594 1075 700 1129 vll.
750 1078 874 1128 ⁶295.
919 1077 977 1128 A.

667 1164 803 1223 εἰδώς
839 1183 896 1215 σε
939 1162 1146 1216 πάντων
1187 1160 1496 1228 διαφέρονται
1535 1169 1599 1229 τῇ
1634 1160 1796 1230 τέχνη

666 1258 728 1317 τῇ
765 1254 813 1303 τ’
851 1249 1059 1312 ὀξύτητι
1100 1248 1241 1315 μετα
1286 1249 1555 1315 Θίβρωνα,
1598 1249 1865 1313 Δαίδαλε,

665 1339 749 1391 τὸν
790 1336 848 1400 ἐξ
887 1338 1142 1401 ’Λθηνῶν,
1183 1337 1269 1390 τὸν
1309 1336 1622 1401 καλούμενον
1663 1335 1847 1402 Πέρας.

363 1428 644 1481 Praeterea
684 1426 843 1493 πέρας
881 1424 1063 1479 eodem
1121 1441 1282 1478 sensu
1324 1425 1376 1476 in
1420 1423 1538 1476 aliis
1579 1422 1739 1477 rebus
1780 1421 1979 1477 solebat
2019 1422 2142 1478 dici.
2222 1422 2351 1479 Leni

364 1514 599 1570 remedio
649 1512 918 1567 sanandus
960 1520 1040 1566 est
1088 1512 1235 1566 locus
1277 1512 1564 1566 Damoxeni
1617 1510 1759 1583 apud
1807 1510 1997 1565 Athen.
2037 1511 2074 1564 Ι.
2122 1516 2206 1566 15.
2258 1513 2352 1584 qui
2429 1562 2436 1567 .

360 1602 424 1658 de
464 1602 815 1657 adolescentis
856 1601 1068 1671 egregia
1111 1598 1279 1653 forma
1321 1600 1546 1654 scribit:

667 1689 825 1757 πέρας
868 1688 943 1742 ἔτι
978 1688 1205 1749 κάλλους
1230 1731 1242 1751 ,
1283 1687 1488 1755 ἄνδρες,
1529 1686 1636 1742 οὔτ’
1678 1687 1879 1750 άκήκοα

666 1776 942 1843 ἔμπροσθεν
977 1775 1078 1830 οὔθ’
1122 1775 1309 1843 ἑόρακα
1347 1775 1586 1836 τοιαύτην
1625 1775 1799 1843 χάριν.

360 1865 627 1918 Porsonus
668 1865 826 1931 πέρας
880 1884 930 1918 τι
971 1862 1198 1925 κάλλους
1249 1863 1513 1927 coniecit,
1568 1862 1708 1934 quod
1763 1879 1947 1916 omnes
1987 1861 2249 1932 probant,
2290 1871 2350 1918 tu

359 1953 567 2022 corrige
608 1953 766 2020 πέρας
813 1951 887 2009 ε’ςὶ
931 1951 1159 2012 κάλλους
1201 1956 1254 2004 et
1294 1950 1370 2004 sic
1408 1950 1554 2021 loqui
1604 1949 1774 2003 solent
1814 1950 1905 2021 qui
1943 1949 2071 2020 quid
2121 1950 2349 2006 calidius

358 2040 713 2094 admirantur.
794 2039 972 2094 Etiam
1022 2039 1075 2091 in
1123 2037 1438 2093 deteriorem
1488 2043 1693 2109 partem
1737 2038 1896 2104 πέρας
1946 2036 2086 2091 trahi
2140 2044 2349 2110 potest,

360 2134 419 2182 ut
458 2128 597 2199 apud
640 2126 1048 2198 Aristophanem
1092 2131 1172 2180 est
1214 2126 1347 2179 Ran.
1382 2129 1507 2179 421.

663 2215 812 2272 κάςὶν
853 2214 925 2268 τά
961 2220 1137 2280 πρῶτα
1177 2219 1268 2275 τῆς
1310 2214 1422 2266 ἐκεῖ
1455 2214 1767 2281 μοχθηρίας,

357 2310 410 2357 et
457 2303 534 2355 sic
579 2302 798 2373 Apicius
840 2318 1083 2355 summae
1134 2300 1381 2355 luxuriae
1435 2299 1738 2371 exemplum
1780 2299 2009 2360 άσωτίας
2062 2301 2221 2369 πέρας
2269 2302 2347 2356 di-

355 2392 499 2444 citur
538 2389 679 2462 apud
720 2389 999 2444 Aelianum
1045 2389 1118 2462 (in
1163 2387 1311 2442 Suid.
1355 2406 1403 2442 v,
1447 2388 1658 2455 Μάρκος
1699 2387 1958 2460 Ἀπίκιος)
2009 2388 2241 2451 Ἀπίκιος
2281 2393 2345 2451 ὥς

356 2477 412 2542 ἦν
460 2478 688 2539 άσωτίας
728 2477 886 2545 πέρας
922 2477 1079 2537 οὐδείς
1114 2476 1408 2545 άντιφησει.
1491 2475 1579 2530 Sic
1615 2477 1785 2546 igilur
1819 2476 2195 2547 loquacissima
2239 2495 2343 2533 una

356 2566 597 2620 omnium
638 2564 940 2620 vetularum
983 2564 1140 2631 πέρας
1178 2571 1337 2618 ποιεῖν
1377 2567 1573 2624 λαλιοῖς
1604 2581 1634 2616 a
1673 2564 1962 2618 Menandro
2003 2563 2342 2626 festivissime

354 2653 496 2708 dicta
531 2641 629 2707 est.

428 2740 562 2795 Male
602 2739 862 2795 coaluisse
900 2741 1144 2813 suspicor
1195 2738 1301 2793 duo
1352 2737 1627 2794 Menandri
1670 2739 1973 2812 fragmenta
2011 2741 2153 2814 apud
2193 2741 2338 2798 Stoh.

353 2829 534 2884 Floril.
572 2829 746 2883 XCVI.
793 2833 877 2881 11.
1622 2843 1630 2849 “

806 2917 926 2982 πρὸς
963 2913 1182 2970 ἅπαντα
1222 2915 1384 2969 δειλὸν
1426 2917 1448 2968 0‘
1488 2916 1642 2978 πένης
1680 2916 1755 2972 ἐςὶ
1798 2917 1902 2983 γάρ

577 3005 662 3056 καὶ
708 3003 914 3064 πάντας
949 3005 1106 3058 αὑτοῦ
1148 3008 1493 3071 καταφρονεῖν
1533 3003 1920 3068 ὑπολαμβάνει.

576 3093 597 3144 ὁ
638 3091 743 3157 γάρ
783 3092 998 3158 μετρίως
1040 3090 1279 3158 πράττων
1319 3091 1734 3158 περισκελέςερον

574 3176 792 3232 ἅπαντα
832 3179 1090 3246 τάνιαροὶ,
1129 3179 1426 3244 Λαμπρία,
1466 3178 1627 3246 φέρει.

350 3283 471 3319 nam
513 3282 649 3337 quae
689 3281 849 3318 causa
889 3265 1113 3320 affertur
1151 3265 1392 3330 scilicet,
1436 3265 1783 3337 quamobrem
1825 3280 2081 3335 pauperes
2110 3267 2180 3319 ad
2218 3285 2331 3322 eon-

350 3353 616 3406 lumeliam
650 3353 822 3410 omnia
856 3354 1111 3423 accipiant
1148 3353 1318 3424 maqis
1340 3361 1404 3406 et
1444 3360 1659 3423 propter
1697 3369 1846 3405 suam
1885 3353 2236 3422 impotentiam
2276 3374 2330 3410 se

348 3460 549 3511 semper
582 3441 791 3494 credant
827 3439 996 3494 ludier
1029 3441 1093 3494 ab
1130 3457 1188 3495 ea
1224 3457 1282 3495 re
1316 3440 1488 3506 aliena
1510 3444 1613 3504 est,
1651 3445 1703 3493 et
1737 3439 1897 3493 verba
1933 3439 2082 3508 ὁγαρ
2111 3442 2327 3510 μετρίως

347 3529 587 3596 πράττων
635 3528 1045 3596 περισκελέςερον
1098 3529 1318 3599 τάνιαρα
1358 3530 1500 3598 φέρει
1548 3545 1650 3582 non
1698 3528 2023 3582 conveniunt
2067 3527 2182 3583 loco
2233 3530 2325 3584 Te-

346 3618 590 3671 rentiano
626 3617 680 3670 in
718 3614 936 3688 Adelph.
972 3616 1058 3670 IV.
1105 3620 1153 3670 5.
1201 3621 1285 3670 14.
1338 3617 1430 3687 qui
1479 3615 1627 3670 illinc
1682 3620 1893 3670 sumtus
1933 3633 2047 3670 esse
2085 3622 2324 3688 putatur.
