2436 4068
1290 192 1397 242 208

353 346 401 395 et
446 356 520 394 VS.
560 342 687 393 8⁰26.

666 427 721 482 τί
758 433 944 495 χρῆμα
985 423 1208 490 Epio-out,
1250 421 1347 474 τίν’
1389 419 1614 485 ὑποέγεις
1654 429 1712 487 μ’
1746 424 1818 483 εἰς
1860 426 2084 492 ἐλπίδας

433 514 494 567 In
537 513 754 568 Hecuba
796 513 1019 567 unicum
1060 508 1223 561 huius
1263 507 1342 561 rei
1383 508 1688 579 exemplum
1733 516 1812 564 est
1855 529 1930 566 VS.
1967 519 2093 569 545.

667 600 854 669 θάρσει.
897 599 1176 668 πέφευγας
1218 595 1303 649 τὸν
1339 595 1461 660 {uhu
1501 595 1686 650 ἱκέσιον
1727 598 1852 652 Διόο.

361 690 417 742 in
457 687 639 742 Medea
690 688 926 743 nullum:
970 684 1061 739 sed
1102 698 1399 754 numquam
1440 681 1641 755 dactyli
1682 682 1818 739 duae
1860 687 2068 756 priores
2115 689 2349 763 syllabae

360 777 414 830 in
455 775 710 830 vocabulo
752 773 1012 847 disyllabo
1058 777 1152 826 aut
1194 771 1248 823 in
1305 769 1726 843 hyperdisyllabi
1777 771 1882 827 fine
1936 774 2183 830 collocari
2233 795 2347 849 pos·

358 869 525 927 sunt,
579 879 684 934 quo
734 862 875 916 sacto
923 876 1112 915 versus
1159 875 1264 912 non
1316 865 1528 912 tantum
1585 858 1815 914 elumbis
1859 866 1912 914 et
1963 862 2350 920 immodulatus

359 951 539 1007 evadit
586 949 678 1004 sed
734 966 801 1004 ne
849 955 930 1004 est
982 946 1200 1019 quidem
1256 961 1476 1009 versuS,
1530 962 1703 1016 neque
1755 947 2073 1018 κακόμετρος
2124 958 2206 1006 est
2259 953 2351 1007 sed

359 1038 515 1111 plane
555 1037 812 1105 ἄμετρος,
853 1035 1027 1107 qualis
1067 1041 1148 1088 est
1190 1034 1244 1086 in
1286 1032 1486 1087 Helena
1515 1033 1615 1103 ζνε.
1651 1037 1701 1087 9.

668 1124 1021 1189 Θεοκλύμενον
1062 1121 1231 1189 ἄρσεν’
1273 1119 1349 1175 ὅτι
1391 1121 1449 1182 δὴ
1490 1120 1626 1181 θεοὺς
1669 1120 1866 1187 σέβων,

366 1230 526 1286 quem
575 1230 732 1268 nemo
779 1211 954 1265 adhue
1007 1208 1294 1264 emendare
1348 1207 1539 1279 potuit.
1623 1207 1763 1274 Quid
1805 1216 1985 1265 autem
2028 1210 2092 1267 de
2147 1215 2357 1286 tragico

366 1302 578 1357 senario
620 1299 1021 1362 dubitabimuS,
1064 1313 1231 1368 quum
1269 1296 1323 1348 in
1356 1295 1587 1349 Comieis
1624 1313 1835 1368 quoque
1870 1298 2117 1372 dactylus
2157 1301 2210 1355 in
2253 1309 2356 1358 ter·
2434 1311 2436 1313 ’

365 1391 443 1444 tia
479 1388 604 1444 sede
640 1395 694 1443 et
727 1389 916 1459 quinta
953 1386 1007 1438 in
1044 1384 1250 1455 ingenti
1284 1382 1648 1453 exemplorum
1687 1385 1838 1455 eopia
1870 1402 1974 1439 non
2004 1386 2162 1442 aliter
2195 1406 2356 1460 quam
2427 1405 2430 1411 ·

368 1477 454 1534 his
489 1478 621 1549 ipsis
670 1475 879 1547 legibus
926 1480 1072 1528 reete
1112 1478 1373 1544 ponatur,
1433 1477 1493 1526 ut
1548 1472 1724 1542 prima
1775 1473 1831 1526 in
1880 1490 2102 1529 caesura
2147 1477 2218 1530 sit
2265 1485 2360 1534 aut

370 1565 620 1639 dactylus
654 1570 801 1619 totus
836 1561 1020 1617 eodem
1069 1558 1325 1614 vocabulo
1366 1560 1742 1624 contineatur,
1786 1566 1846 1614 ut
1887 1561 1940 1614 in
1984 1562 2358 1636 Aristophanis

368 1653 526 1709 Pluto
563 1655 688 1706 445.

674 1740 761 1795 καὶ
803 1741 905 1806 μὴν
942 1739 1083 1802 λέγω
1125 1735 1412 1791 δεινότατον
1452 1735 1596 1804 ἔργον
1637 1737 1783 1803 παρὰ
1823 1737 1975 1791 πολύ.
2434 1763 2436 1767 ·

372 1829 448 1885 Cf.
491 1847 571 1885 vs,
607 1834 708 1893 55,
749 1833 850 1892 57,
892 1831 994 1891 69,
1036 1830 1139 1889 94,
1182 1828 1284 1888 97,
1325 1827 1458 1888 115,
1501 1827 1640 1888 216,
1678 1828 1822 1888 555,
1867 1828 2002 1886 558,
2048 1829 2188 1891 588,
2222 1833 2364 1896 415,

373 1922 514 1983 432,
556 1921 695 1980 454,
752 1922 805 1969 et
855 1915 1074 1986 passim.
1152 1912 1266 1966 Non
1316 1910 1470 1965 facile
1512 1911 1747 1983 reperies
1798 1912 1854 1966 in
1897 1912 2178 1971 Comoedia
2219 1934 2368 1973 sena·

375 2008 524 2073 rios,
569 2003 753 2077 quales
793 2002 846 2056 hi
891 2008 1017 2056 sunt
1058 2002 1112 2054 in
1148 2000 1304 2054 Pluto
1345 2016 1424 2055 vs,
1465 2003 1568 2053 174
1609 2006 1661 2054 et
1707 2003 1845 2054 176:

681 2092 703 2145 ὃ
742 2090 1030 2160 Πάμφιλος
1069 2089 1113 2143 δ’
1154 2087 1272 2155 οὐχὶ
1315 2088 1400 2141 διὰ
1440 2091 1618 2141 τοῦτον
1659 2087 1984 2150 mondo-svau

681 2179 947 2246 Ἀγύρριος
984 2178 1027 2231 δ’
1065 2176 1184 2244 οὐχὶ
1227 2175 1310 2229 διὰ
1350 2179 1527 2229 τοῦτον
1569 2175 1846 2243 πέρδεται,

379 2269 473 2324 ubi
514 2269 591 2323 sic
630 2265 916 2338 legendum
963 2271 1045 2318 est
1085 2263 1273 2317 divisis
1314 2262 1759 2317 interlocutorum
1804 2263 2045 2319 vicibus:

685 2355 743 2408 τὸ
777 2355 819 2407 δ’
856 2355 907 2407 ἐν
941 2351 1149 2419 Κορίνθῳ
1187 2350 1378 2414 ξενικὸν
1418 2353 1518 2418 οὐχ
1557 2348 1701 2410 οὗτος
1745 2351 1954 2420 τρέφει;

550 2454 607 2498 Β.
687 2443 710 2496 ὃ
749 2440 1037 2509 Πάμφιλος
1077 2438 1129 2492 δέ
1166 2441 1221 2503 γ’
1256 2442 1310 2493 οὐ
1351 2439 1436 2493 διὰ
1476 2442 1653 2492 τοῦτον
1694 2438 2019 2504 κλαύσει-αις

559 2540 625 2585 Α.
680 2531 702 2584 ὅ
744 2529 1102 2589 Βελονοπώλης
1144 2527 1188 2581 δ’
1229 2526 1346 2594 οὐχὶ
1390 2526 1532 2591 μετὰ
1571 2530 1659 2580 τοῦ
1696 2527 2026 2597 Παμφίλους

561 2629 618 2673 Β.
697 2618 961 2684 Ἀγύρριος
1002 2615 1054 2669 δέ
1089 2616 1144 2679 γ’
1185 2617 1238 2668 οὐ
1275 2614 1360 2667 διὰ
1400 2618 1578 2668 τοῦτον
1619 2613 1894 2682 πέρδεταις
2416 2683 2419 2687 .

463 2706 638 2763 Semel
677 2711 889 2760 tantum
933 2702 1059 2756 alibi
1094 2700 1276 2756 eadem
1330 2701 1415 2755 lex
1454 2701 1647 2756 violata
1688 2708 1770 2756 est
1809 2702 1902 2758 sed
1946 2704 2000 2758 in
2049 2703 2163 2760 loeo
2205 2707 2369 2764 inter-
2412 2769 2414 2774 ,

385 2795 562 2868 polato
602 2795 658 2848 in
695 2792 898 2847 Avibus
938 2808 1015 2845 VS.
1058 2793 1181 2844 180.

691 2881 882 2942 πόλος,
925 2879 1043 2933 τίνοι
1082 2878 1298 2945 τρόπονς
1355 2888 1412 2934 Β.
1455 2876 1621 2945 ὥσπερ
1662 2878 1791 2933 εἴποι
1831 2899 1910 2941 τις
1945 2879 2117 2943 τόπος.

699 2966 796 3040 [ὅτι
836 2969 888 3022 δὲ
925 2973 1165 3021 πολεῖται
1201 2969 1350 3020 τοῦτο
1392 2967 1479 3020 καὶ
1521 2967 1782 3034 διέρχεται

693 3054 911 3110 ἅπαντα
951 3055 1035 3109 διὰ
1075 3053 1228 3108 τοῦτο’
1266 3075 1332 3119 γε
1373 3062 1617 3110 καλεῖται
1659 3060 1742 3109 νῦν
1777 3054 1978 3128 πόλος]

389 3145 482 3200 ubi
531 3142 769 3198 nondum
820 3160 905 3197 me
958 3143 1196 3214 poenitet
1251 3143 1548 3197 correxisse
1586 3141 1754 3210 ὥσπερ
1804 3144 1845 3196 εἰ
1895 3142 2069 3207 λέγοις
2111 3146 2265 3207 τόπος
2320 3155 2373 3203 et

392 3232 716 3305 expunxisse
755 3238 983 3286 caetera.
1066 3230 1226 3284 Seioli
1281 3230 1724 3285 annotatiuncula
1779 3231 1835 3283 in
1883 3247 2137 3287 numeros
2191 3242 2373 3290 coacta
2435 3270 2436 3273 =

389 3328 473 3375 est
512 3321 724 3392 ineptos
776 3326 830 3373 et
875 3319 1123 3372 vitiosos:
1181 3335 1347 3390 quum
1391 3319 1446 3371 in
1498 3319 1716 3389 optimis
1764 3317 1914 3371 libris
1970 3318 2040 3372 sit
2091 3320 2175 3374 διὰ
2223 3328 2371 3378 τοῦτο

394 3415 637 3463 καλεῖται
690 3407 870 3462 neseio
905 3406 1025 3477 quis
1065 3427 1131 3470 γε
1173 3407 1402 3460 inseruit
1440 3412 1491 3460 et
1544 3404 1673 3459 haee
1723 3422 1867 3458 nune
1914 3422 2010 3476 pro
2065 3407 2371 3480 Aristopha-

393 3497 509 3552 neis
547 3495 842 3567 leguntur,
885 3491 919 3548 ὦ
961 3497 1167 3547 Μοῦσαι
1207 3495 1384 3562 φίλαι.
1466 3492 1604 3560 Quid
1641 3498 1785 3548 vetat
1819 3493 1990 3547 obiter
2029 3511 2218 3550 sanare
2259 3497 2375 3550 Ari·
2428 3508 2436 3558 a

389 3583 667 3656 stophanis
707 3599 922 3640 versum
963 3582 1238 3647 omnium,
1281 3582 1372 3653 qui
1425 3580 1636 3653 quidem
1682 3581 1850 3653 ipsius
1892 3588 2047 3648 sunt,
2086 3582 2241 3655 longe
2281 3605 2372 3639 και·
2426 3570 2436 3640 l

2431 3334 2436 3377 1

2430 3378 2436 3459 ,Ε
