2436 4068
1332 235 1437 284 478

406 380 571 454 ὁρίοις]
616 382 704 435 οὐκ
740 379 979 444 ἐγίγνετο
1003 419 1016 440 ,
1058 392 1182 430 nam
1238 377 1358 447 quis
1393 383 1473 430 est
1514 375 1844 450 Thucydidis
1883 378 2052 434 lector
2090 382 2374 449 assiduuS,

403 469 495 539 qui
537 485 641 522 non
683 468 863 522 statim
906 465 1212 519 admonitus
1251 463 1508 518 fatebitur
1546 464 1707 519 verba
1757 466 1869 534 ἱεροὶ
1917 468 1967 520 ἐν
2017 477 2122 530 τοῖς
2168 472 2307 538 ὁρίοις
2348 488 2378 526 e

401 554 603 609 scholio
643 552 961 625 irrepsisse?
1040 551 1129 605 Τα
1183 553 1498 618 διαβατήρια
1537 552 1741 617 ἐγένετο
1792 571 1948 626 saepe
1994 557 2050 610 in
2091 558 2380 614 Hellenicis

401 648 547 696 recte
586 641 811 711 legitur,
850 639 972 694 vide
1011 639 1102 694 111.
1143 657 1192 693 v.
1239 643 1300 702 7;
1352 639 1441 693 IV.
1482 657 1570 694 vn.
1614 643 1679 703 2;
1731 640 1794 695 V.
1836 660 1870 696 1.
1916 647 2016 706 55;
2057 645 2118 698 V.
2159 664 2234 700 111.
2281 651 2377 709 14;

398 728 462 783 V.
503 746 572 783 iv.
615 733 714 790 573
767 728 855 782 VI.
900 745 949 782 v.
995 730 1082 781 12.

472 815 605 870 Ihid.
647 816 739 874 VI.
777 833 846 870 lv.
892 818 978 869 12.
1038 817 1130 878 τὴν
1166 816 1261 881 μὲν
1306 816 1538 883 πορείαν,
1577 819 1643 876 ὥς
1682 815 1844 881 ἔοικε,
1890 819 2060 892 [δῆλον
2097 819 2197 894 ὅτι]
2243 822 2375 892 πεζῇ

394 903 655 966 ποιητέον·
695 905 750 958 οὐ
791 905 896 972 γαρ
935 902 1011 962 ἔτι
1054 911 1232 960 πλοῖα.
1311 903 1512 957 Festivi
1564 904 1767 974 ingenii
1826 905 2015 961 Graeci
2074 914 2155 962 est
2208 909 2264 962 in
2317 926 2377 965 re

392 998 505 1046 tam
549 990 834 1046 manifesta
870 993 936 1053 ὡς
987 990 1114 1046 ἔοικε
1155 1007 1384 1063 ponere,
1431 998 1484 1045 et
1538 1007 1693 1063 saepe
1742 995 1808 1054 ὥς
1863 992 1992 1048 ἔοικε
2038 996 2094 1048 in
2153 1013 2244 1050 ore
2296 1004 2378 1052 est

392 1088 498 1142 τοῖς
537 1079 944 1148 εἶρωνευομένοις.
1022 1079 1356 1150 Coniungere
1411 1086 1592 1134 autem
1643 1083 1708 1141 ὡς
1755 1080 1882 1135 ἔοικε
1934 1083 2082 1145 δῆλον
2130 1081 2206 1139 ὅτι
2261 1091 2373 1140 tam

392 1169 645 1222 insanum
696 1175 778 1222 est
824 1184 886 1222 ac
935 1169 980 1222 si
1041 1168 1163 1239 quis
1202 1166 1360 1221 vellet
1410 1165 1622 1222 dicere:
1682 1187 1932 1240 apparere
1969 1171 2190 1226 videtur.
2271 1172 2373 1240 Qui

390 1254 594 1311 factum
633 1256 706 1309 sit
746 1261 806 1310 ut
839 1255 905 1310 ab
943 1255 1122 1327 aliquo
1159 1254 1558 1310 adscriberetur
1597 1255 1753 1310 facile
1794 1257 2132 1327 intelligitur.

466 1343 528 1398 In
570 1349 599 1417 §
644 1347 728 1397 18.
784 1346 849 1405 ὥς
888 1344 993 1411 γὰρ
1030 1344 1133 1408 ἐγὼ
1171 1344 1277 1397 ἀπὸ
1318 1348 1408 1398 τοῦ
1439 1343 1742 1409 αὐτομάτου
1778 1345 1902 1412 χθὲς
1950 1343 2150 1409 ἥκοντος
2191 1347 2370 1403 πλοίου

390 1431 582 1495 ἤκουσα
622 1452 781 1495 τινος,
829 1429 952 1504 [ὅτι]
996 1431 1276 1499 Κλέανδρος
1310 1462 1387 1473 -
1417 1432 1605 1498 μέλλει
1643 1430 1811 1497 ἥξειν,
1851 1434 1973 1504 quis
2006 1434 2372 1505 importunam

386 1518 631 1573 voculam
688 1520 892 1573 servari
945 1535 1096 1590 posse
1156 1519 1346 1590 putat?
1428 1519 1570 1574 Satis
1621 1521 1971 1591 perspicuum
2036 1527 2119 1576 est
2175 1519 2252 1577 δ’τι
2305 1524 2373 1578 ad

388 1607 581 1671 ἤκουσα
617 1605 809 1661 referri
847 1607 995 1661 nullo
1033 1606 1192 1661 modo
1241 1623 1412 1679 posse.
1492 1607 1708 1661 Poterat
1760 1607 1891 1663 haec
1933 1609 2097 1664 etiam
2147 1611 2226 1665 sic
2266 1611 2374 1667 dis·

387 1712 585 1767 ponere
625 1695 917 1766 Xenophon
959 1702 1019 1749 ut
1059 1695 1294 1750 diceret:
1347 1694 1629 1762 Κλέανδρος
1682 1696 1788 1764 γαρ
1839 1697 2027 1762 μέλλει
2077 1695 2249 1764 ἥξειν,
2306 1702 2372 1761 ὡς

387 1784 491 1849 ἐγώ
530 1803 660 1846 τινος
702 1785 925 1848 ἥκουσα,
966 1783 1095 1855 quid
1134 1785 1303 1853 igitur
1341 1781 1566 1836 molesta
1608 1783 1875 1853 particula
1914 1784 2045 1840 fiet?

463 1871 525 1926 In
577 1875 605 1943 §
643 1875 730 1925 22.
778 1871 1062 1940 ἀνέκραγον
1110 1873 1175 1932 ὥς
1223 1871 1360 1925 οὐδὲν
1402 1870 1536 1924 δέον
1582 1871 1654 1931 εἰς
1702 1871 1759 1925 τὸ
1806 1873 1990 1941 χωρίον
2029 1871 2180 1938 ἄγειν
2221 1876 2371 1930 ἀλλὰ

388 1959 589 2014 θύεσθαι
640 1961 706 2021 ὡς
763 1958 988 2027 τοίχιςα.
1068 1960 1169 2013 Pro
1211 1959 1319 2014 δέον
1351 1956 1672 2030 'requiritur
1723 1960 1858 2025 δέοι,
1912 1977 2072 2032 quam
2127 1978 2370 2018 necessa-

381 2047 521 2101 riam
570 2048 959 2102 correctionem
1014 2045 1140 2101 olim
1193 2063 1226 2100 a
1278 2045 1604 2101 Schneidero
1657 2054 1924 2118 repertam
1991 2049 2161 2104 miror
2219 2066 2370 2106 rece·

381 2136 524 2207 pisse
577 2136 866 2190 neminem.
966 2135 1025 2189 In
1083 2140 1109 2210 §
1155 2138 1243 2189 24.
1295 2135 1650 2189 ἀποκτείνουσι
1711 2140 1809 2189 τῶν
1871 2137 2057 2205 ἀνδρῶν
2114 2139 2170 2192 οὐ
2224 2146 2368 2204 μεῖον

377 2223 741 2285 πεντακοσίους
794 2225 850 2277 in
903 2223 1057 2278 libris
1115 2231 1231 2288 est,
1290 2222 1453 2293 idque
1503 2222 1718 2294 probari
1769 2239 1800 2276 a
1853 2223 2126 2296 plerisque
2184 2225 2373 2293 video,

376 2312 530 2383 quasi
567 2326 693 2367 vero
726 2309 859 2366 haec
893 2318 1036 2365 esset
1067 2311 1268 2366 Graeca
1306 2310 1493 2364 oratio.
1573 2309 1836 2365 Graecum
1870 2319 1954 2365 est
1990 2315 2079 2367 οὐκ
2113 2313 2365 2376 ἐλάττους

379 2398 511 2473 (vel,
549 2406 608 2455 ut
631 2398 925 2471 Xenophon
945 2398 1194 2453 lubenter
1229 2397 1434 2462 scribit,
1473 2399 1528 2452 οὐ
1566 2398 1820 2471 μείους)
1860 2406 1960 2454 τῶν
1988 2403 2366 2468 πεντακοσίων,

374 2486 458 2541 vel
497 2489 586 2541 οὐκ
626 2486 843 2542 ἔλαττον
887 2486 960 2560 (οὐ
1003 2484 1165 2559 μεῖον)
1209 2486 1238 2549 ἢ
1279 2485 1678 2549 πεντακοσίους,
1721 2486 1862 2558 quod
1913 2487 2013 2543 hoc
2059 2488 2175 2545 loco
2211 2506 2362 2563 repo-

375 2572 628 2636 nendum.

468 2662 528 2716 In
578 2665 609 2730 ξ
658 2665 745 2717 26.
802 2662 890 2717 καὶ
951 2661 1194 2726 ἐξαπίνης
1261 2662 1347 2716 δια
1398 2666 1496 2714 τῶν
1550 2663 1744 2716 λασίων
1800 2667 1898 2717 τῶν
1957 2667 2168 2721 Βιθυνῶν
2227 2688 2361 2729 τινες

350 2749 721 2817 »ἐπιγενόμενοι
761 2757 867 2812 τοῖς
907 2748 1206 2819 προφύλαξι
1243 2749 1360 2809 τοὺς
1400 2750 1495 2814 μὲν
1530 2750 1811 2805 κατέκανον
1859 2751 1976 2813 τοὺς
2025 2754 2078 2806 δὲ
2115 2753 2361 2819 ἐδίωξαν,

371 2838 501 2910 quid
538 2846 652 2902 est,
696 2855 927 2911 quaese,
967 2839 1292 2904 ἐπιγενέσθαι
1340 2844 1446 2898 τοῖς
1503 2837 1839 2907 προφύλαξιῖ
1919 2838 2100 2906 Nihil,
2153 2849 2214 2896 ut
2250 2844 2361 2914 opi-

369 2942 501 2992 nor,
530 2927 606 2981 ⁴et
662 2945 729 2982 ne
780 2927 1044 2984 Graecum
1107 2926 1346 2998 quidem.
1446 2925 1548 2992 Qui
1602 2932 1822 2997 repente
1867 2929 2101 2981 exoritur
2156 2929 2360 2985 dicitur

366 3016 766 3082 ἐπιφαίνεσθαι,
824 3017 918 3087 qui
976 3015 1292 3086 necopinato
1349 3013 1582 3085 aliquem
1641 3014 1878 3067 adoritur
1933 3016 2190 3071 ἐπιθέσθαι
2249 3017 2356 3072 dici

370 3103 519 3158 solet.
606 3102 792 3173 Itaque
845 3104 1230 3168 ἐπιθέμενοι
1288 3109 1395 3162 τοῖς
1453 3099 1752 3170 προφύλαξι
1811 3102 2177 3173 reponendum
2236 3121 2354 3160 esse

370 3206 577 3245 censeo.

444 3280 508 3334 In
548 3278 638 3333 Vl.
669 3294 720 3333 v.
764 3281 814 3331 2.
854 3277 1085 3332 ridicula
1117 3277 1275 3332 lectio
1313 3282 1395 3331 est
1425 3276 1560 3342 πρωῒ
1593 3277 1637 3330 δ’
1674 3276 1878 3336 dvx-53⁶4
1914 3283 2141 3347 Ξενοφῶν
2181 3281 2352 3336 ἐθύετο

370 3365 534 3430 ἐπεξ
547 3367 573 3421 ό
585 3368 723 3430 δια,
762 3365 966 3420 dudum
1002 3381 1183 3419 veram
1225 3364 1551 3434 scripturam
1588 3362 1948 3419 Schneiderus
1989 3369 2219 3437 reperit,
2260 3369 2353 3423 sed

367 3454 548 3509 surdis
583 3454 780 3509 cecinit
811 3452 1050 3507 auribus,
1129 3452 1449 3507 Rectissime
1489 3450 1792 3505 emendavit
1827 3453 1910 3506 ἐπ’
1940 3451 2121 3522 ἐξόδῳ,
2166 3472 2348 3526 quem-

366 3541 654 3596 admodum
697 3541 851 3614 paulo
891 3547 1015 3595 ante
1055 3542 1169 3595 sine
1212 3538 1330 3594 labe
1381 3540 1645 3610 scriptum
1688 3547 1769 3593 est
1820 3540 1877 3594 in
1915 3541 2001 3595 VI.
2044 3560 2113 3596 ιν.
2160 3547 2209 3599 9.
2267 3545 2349 3598 ἐπ’

369 3629 517 3699 ἐξόδῳ
557 3631 724 3687 ἐθύετο
768 3634 1024 3699 Ξενοφῶν,
1077 3635 1130 3684 et
1189 3631 1215 3700 §
1255 3633 1339 3683 15.
1395 3627 1642 3695 θυομένοις
1700 3628 1750 3682 δὲ
1804 3629 1889 3683 ἐπὶ
1938 3639 2003 3700 τῇ
2044 3630 2220 3701 οὶφόδῳ
2260 3633 2347 3686 οὐκ
