2436 4068
984 234 1086 285 501

62 385 183 437 ὑπὸ
235 381 508 435 τούτων.
586 378 723 432 Hinc
777 376 978 432 sactum
1016 386 1099 432 est
1151 383 1211 430 ut
1260 377 1434 431 αἰτίαν
1492 376 1637 444 ἔχειν
1686 380 1811 434 ὑπό
1862 400 2043 442 τινος

59 471 350 525 diceretur.
431 467 579 522 Plato
601 466 730 538 Rep.
755 466 894 520 V111.
922 469 1029 521 565
1064 466 1120 519 Β.
1163 465 1337 519 αἰτίαν
1372 466 1432 527 δὴ
1473 464 1629 533 ἔσχον
1666 467 1761 522 ὑπὸ
1801 474 1899 523 τῶν
1939 471 2045 524 ἐτέ-

56 580 148 628 ρων
187 590 263 598 -
297 559 360 616 ὡς
401 555 790 620 ἐπιβουλεύουσι
840 556 912 621 τῷ
954 555 1130 622 δήμῳ,
1185 560 1239 607 et
1279 554 1500 624 passim.
1581 554 2041 622 Quemadmodum

58 653 238 702 autem
297 644 496 708 τιμὴν
556 642 699 710 ἔχειν
739 642 841 696 ὑπό
876 662 1010 702 τινος
1059 649 1112 694 et
1166 642 1382 706 τιμὰς
1434 642 1577 708 ἔχειν
1617 641 1819 697 dicitur
1859 646 2046 716 proin
2131 663 2134 666 ’

58 733 259 788 honore
312 749 423 786 esse
474 729 615 802 apud
665 729 895 800 aliquem
947 734 1002 782 et
1057 728 1123 781 ab
1175 729 1350 801 aliquo
1402 729 1697 784 honoribus
1736 731 1910 804 affici,
1968 735 2046 788 sic

0 812 2 814 ’
58 823 234 877 αἰτίαν
286 819 429 887 ἔχειν
469 824 524 872 et
576 817 717 885 ἔχειν
772 818 948 878 αἰτίας
989 814 1206 870 differre
1258 818 1537 887 putaveris
1582 826 1742 890 prout
1790 821 1912 891 quis
1951 829 2044 876 aut

0 964 2 966 ,
56 926 159 963 uno
212 908 440 963 crimine
494 912 588 960 aut
629 905 876 977 pluribus
926 911 1204 975 urgeatur.
1289 904 1391 958 Sed
1446 921 1620 976 neque
1672 908 1849 969 αἰτίας
1903 908 2046 978 ἔχειν

0 1090 16 1136 S

7 1149 19 1173 <

8 1182 20 1209 0

7 1220 19 1245 ⁴

8 1330 19 1342 1

10 1350 20 1377 4Ι

58 996 165 1051 dici
205 996 339 1051 solet
379 1003 433 1050 et
467 1011 575 1048 uno
614 1000 829 1048 tantum
890 993 1121 1047 crimine
1162 991 1564 1062 Xenophontem
1628 993 2046 1063 insimulabant,

58 1086 135 1139 ita
183 1090 244 1138 ut
294 1084 471 1145 αἰτίας
524 1081 632 1150 ἔχω
686 1097 1015 1153 quamquam
1062 1090 1142 1135 est
1185 1080 1239 1133 in
1282 1078 1436 1134 libris
1491 1080 1805 1136 melioribus
1866 1092 2044 1140 tamen

55 1179 313 1245 appareat
350 1188 468 1226 esse
506 1169 764 1224 deteriuS.

131 1261 195 1315 ln
237 1265 266 1332 §
309 1264 375 1314 16
430 1257 791 1313 revocandum
834 1262 918 1311 est
954 1257 1131 1310 οὐκοῦν
1167 1256 1317 1319 δῆλον
1350 1255 1504 1310 τοῦτο’
1535 1276 1604 1321 γε
1637 1256 1746 1322 ὅτι,
1787 1259 1879 1314 uhi
1920 1262 2043 1316 Din-

57 1347 260 1404 dorfius
291 1364 573 1420 perperam
609 1363 706 1418 pro
737 1343 814 1399 ἔτι
849 1360 916 1399 ex
948 1343 1102 1397 libris
1135 1343 1449 1398 melioribus
1480 1345 1586 1402 ἐςίν
1621 1348 1854 1418 recepit,
1895 1365 2046 1421 prae-

57 1445 204 1493 terea
242 1437 295 1490 in
342 1435 542 1490 verbis:
582 1437 742 1499 ἀλλ’,
782 1430 957 1500 οἶμαι,
999 1434 1040 1487 εἰ
1082 1433 1240 1487 ἐδίδου
1281 1433 1364 1486 ἐπὶ
1407 1433 1570 1501 τούτῳ
1609 1432 1673 1487 ἂν
1715 1437 1872 1490 ἐδίδου
1909 1435 2044 1500 ὅπως

54 1525 166 1591 ἐμοὶ
222 1525 335 1585 δοὺς
378 1530 521 1590 μεῖον
562 1524 636 1588 μὴ
674 1522 885 1583 ἀποδοίη
943 1522 1062 1586 ὑμῖν
1100 1522 1160 1575 τὸ
1201 1527 1397 1575 πλεῖον.
1476 1521 1730 1576 Adversis
1779 1522 2075 1582 frontibus.

57 1620 390 1669 concurrunt
430 1613 472 1667 εἰ
512 1612 672 1667 ἐδίδου
708 1642 781 1652 -
823 1610 981 1664 ἐδίδου
1032 1607 1135 1671 ἄν,
1194 1625 1368 1680 neque
1422 1609 1579 1664 aliter
1634 1610 1764 1666 haee
1818 1623 2046 1684 possunt

56 1703 112 1757 in
153 1699 493 1756 concordiam
535 1699 708 1770 redigi
765 1698 871 1752 nisi
923 1704 982 1750 ut
1034 1697 1404 1767 importunum
1458 1697 1524 1753 ἄν
1566 1709 1940 1766 removeatur,
1986 1713 2043 1758 ut

57 1789 216 1863 paulo
270 1797 396 1845 ante
449 1788 749 1844 rectissime
795 1785 1032 1839 dicitur:
1090 1786 1241 1845 δῆλον
1293 1786 1445 1840 τοῦτο’
1485 1807 1551 1852 γε
1604 1785 1682 1842 ὅτι
1713 1789 1876 1857 ,εἴπερ
1931 1792 2045 1857 ἐμοὶ

56 1879 223 1933 ἐτέλει
261 1899 312 1933 τι
361 1877 554 1939 Σεύθης
593 1878 696 1944 οὐχ
746 1872 902 1934 οὕτως
942 1873 1106 1928 ἐτέλει
1160 1874 1320 1937 δήπου
1361 1876 1470 1930 κτὲ.
1552 1875 1702 1931 Adde
1757 1876 1820 1931 ἄν
1861 1887 1912 1933 et
1954 1879 2043 1934 ab·

54 1966 222 2021 surda
262 1967 366 2021 erit
421 1964 593 2020 oratio
646 1966 748 2030 οὐχ
799 1959 955 2023 οὕτως
1010 1962 1075 2016 ἂν
1111 1963 1276 2017 ἐτέλει
1325 1964 1505 2027 δήπου.
1584 1965 1697 2019 Νοη
1741 1974 1822 2020 est
1861 1974 2044 2023 tamen

52 2054 119 2110 ἄν
159 2053 509 2109 resecandum
565 2051 655 2107 sed
697 2048 1112 2106 emendandum.
1193 2050 1420 2105 Factum
1471 2060 1551 2107 est
1603 2055 1746 2108 enim
1790 2055 1889 2109 hoe
1929 2056 2044 2111 loeo

53 2142 195 2216 quod
245 2148 356 2196 tam
412 2157 570 2212 saepe
628 2138 755 2194 alibi
806 2145 865 2192 ut
920 2146 1017 2191 ΔΗ
1054 2154 1086 2191 a
1134 2139 1327 2192 scribis
1382 2140 1435 2192 in
1494 2149 1596 2195 AN
1646 2142 2040 2214 refingeretur,

54 2232 235 2303 itaque
273 2228 668 2286 emendandum
711 2233 826 2282 est:
879 2228 922 2280 εἲ
963 2227 1122 2280 ἐδίδου
1163 2228 1248 2281 ἐπὶ
1302 2229 1462 2297 τούτῳ
1521 2230 1593 2292 δὴ
1651 2231 1827 2286 ἐδίδου.
1909 2234 2042 2300 Quis

51 2327 131 2378 est
183 2320 237 2374 in
295 2317 395 2372 hoe
441 2333 638 2388 genere
691 2314 995 2370 studiorum
1050 2315 1385 2386 aliquamdiu
1442 2326 1721 2382 versatuS‚
1783 2322 1872 2391 qui
1938 2338 2040 2376 non

0 2407 1 2411 ’
52 2407 242 2464 crebro
283 2406 478 2461 viderit
532 2404 595 2459 ἄν
649 2405 700 2458 in
745 2403 897 2457 libris
936 2420 1052 2458 esse
1091 2405 1354 2476 scriptum
1380 2448 1392 2469 ‚
1454 2405 1543 2459 ubi
1584 2407 1653 2477 ,δή
1695 2410 2041 2480 requiratur:

31 2497 217 2553 'ctiam
258 2502 446 2550 eontra
488 2499 744 2566 peccatur
783 2491 874 2547 sed
914 2492 1208 2547 rarissime.
1288 2493 1348 2547 In
1394 2493 1670 2566 Euripidis
1711 2496 2043 2555 Phaethonte

51 2598 180 2659 pro:

33 2700 51 2734 ι
354 2672 509 2727 Ἀλλ’
551 2667 632 2725 ὅδε
673 2670 780 2736 γὰρ
819 2669 890 2730 δὴ
929 2669 1186 2734 βασιλεὺς
1223 2670 1317 2735 πρὸ
1358 2669 1523 2736 δόμων

39 2748 43 2755 ’
358 2757 514 2827 κήρυξ
553 2761 595 2813 θ’
629 2758 754 2825 ἱερὸς
795 2756 883 2811 καὶ
921 2763 1050 2818 παῖς
1092 2757 1295 2812 Φαέθων

357 2848 592 2914 βαίνουσι
633 2849 878 2913 τριπλοῦν
918 2845 1101 2913 ζεῦγος
1126 2865 1138 2876 ·
1182 2844 1323 2912 ἔχειν
1359 2847 1462 2913 χρὴ

584 2935 707 3000 cdlx)
741 2935 792 2988 ἐν
835 2934 1051 3003 ἡσυχία.

52 3023 108 3081 in
149 3024 516 3080 vetustissimo
570 3022 762 3077 Codice
803 3020 1184 3094 palimpsesto,
1227 3020 1366 3077 unde
1407 3037 1532 3094 pars
1586 3021 1795 3082 fabulae
1830 3038 2038 3087 servata

51 3120 168 3178 est,
206 3112 406 3168 diserte
446 3112 709 3183 scriptum
752 3117 867 3165 est:

352 3205 1275 3256 AAAOAEFAPANBAZIAETZ.

130 3287 274 3344 idem
331 3287 584 3344 mendum
640 3290 693 3342 in
740 3286 1003 3342 llerodoto
1065 3286 1383 3341 inveteravit
1425 3286 1512 3341 vt.
1561 3292 1683 3343 124.
1747 3289 1876 3346 οὕτω
1927 3295 2037 3349 οὐδὲ

53 3376 207 3441 λόγος
241 3377 393 3443 αἱρέει
432 3378 779 3445 ἀναδεχθῆναι
817 3374 874 3429 ἔκ
908 3394 974 3439 γε
1015 3373 1079 3429 ἂν
1119 3375 1310 3430 τούτων
1358 3377 1589 3440 ἀσπίδα,
1632 3384 1690 3431 tu
1727 3380 1934 3450 corrige
1980 3381 2038 3437 ἔκ

55 3481 121 3528 γε
159 3463 218 3525 δὴ
256 3462 463 3519 τούτων.
519 3464 722 3519 Addam
762 3463 896 3518 duos
935 3461 1078 3518 locos
1117 3480 1181 3518 ex
1219 3462 1457 3518 Platonis
1495 3463 1808 3537 Symposio:
1852 3485 1902 3539 p.
1933 3474 2038 3526 199

56 3552 116 3605 Α.
159 3548 371 3604 editur:
411 3549 544 3613 ὅπως
584 3553 648 3607 ἂν
687 3554 941 3622 φαίνηται
989 3555 1053 3612 ὡς
1094 3550 1343 3614 καλλιςος
1393 3551 1480 3607 καὶ
1521 3550 1728 3619 ἄριςος,
1769 3554 1918 3616 δῆλον
1959 3554 2036 3613 ὅτι

55 3646 162 3698 τοῖς
201 3642 274 3703 μὴ
314 3641 681 3702 γιγνώσκουσιν
706 3660 717 3673 ·
773 3643 827 3695 οὐ
867 3639 972 3708 γὰρ
1008 3641 1084 3694 ἄν
1131 3662 1225 3695 που
1274 3648 1379 3700 τοῖς
1421 3661 1486 3705 γε
1523 3639 1713 3699 εἰδόσι,
1754 3639 2039 3701 dubitasne
