2436 4068
1039 259 1107 308 87

25 453 41 469 ,γ
86 402 300 474 poterit.
385 399 597 470 Absque
636 417 698 454 eo
738 400 959 464 luisset,
1001 418 1157 456 nemo
1198 416 1455 471 umquam
1488 401 1735 474 vulgatae
1772 405 2073 475 scripturae

84 489 257 544 labem
317 488 578 560 potuisset
618 489 920 544 restituere.
1001 489 1172 556 Quam
1219 505 1377 561 saepe
1416 489 1543 544 alibi
1585 507 1680 544 nos
1731 490 2080 548 ludificentur

82 593 293 633 errores
327 575 632 630 istiusmodi
674 575 1107 640 inextricabileS,
1155 575 1311 635 facile
1349 583 1433 632 est
1470 577 1536 632 ad
1574 578 1983 650 intelligendum
2024 588 2078 637 et

81 666 136 720 in
177 664 447 737 plerisque
485 663 839 736 scriptoribus
878 663 1096 719 Graecis
1138 681 1295 735 saepe
1331 665 1370 719 ii
1406 658 1796 738 experiuntur,
1834 669 1928 739 qui
1971 686 2075 724 non

82 752 379 825 quamlibet
416 751 677 807 librorum
718 751 1048 823 scripturam
1086 751 1342 822 explicari
1378 770 1530 825 posse
1568 754 1922 811 arbitrantur.
1973 754 2076 811 Sed

78 840 146 896 ad
183 838 538 895 Menandrum
571 838 832 894 redeundi
871 846 1086 910 tempus
1121 845 1220 893 est.
1906 894 1909 897 ,

155 928 493 999 Quamquam
531 926 821 982 Menander
849 943 1023 998 neque
1054 927 1314 981 orationis
1348 929 1522 984 nitore
1552 935 1605 984 et
1635 938 1947 997 venustate,
1988 950 2074 988 ne-

79 1033 183 1089 que
220 1017 487 1071 suavitate
526 1031 876 1070 numerorum
914 1013 1202 1078 excelluit,
1242 1031 1345 1069 non
1398 1018 1573 1086 potuit
1610 1024 1824 1082 tamen,
1871 1027 1931 1075 ut
1965 1021 2075 1092 opi.

78 1121 203 1169 nor,
245 1104 518 1160 senarium
559 1102 831 1166 scribere,
869 1101 1046 1174 qualis
1081 1109 1163 1157 est
1203 1102 1413 1158 medius
1449 1105 1503 1161 in
1547 1103 1722 1162 bisce:

379 1191 544 1247 καίτοι
585 1191 641 1245 τί
671 1191 909 1259 λογίζομ’
948 1192 972 1245 ὁ
1013 1191 1338 1256 κακοδαίμων
1375 1194 1655 1259 προσδοκῶν

378 1279 534 1349 χάριν
573 1280 719 1346 παρὰ
757 1279 1000 1344 γυναικὸς
1039 1281 1357 1345 κομιεῖσθαις
1399 1282 1474 1346 μὴ
1508 1281 1656 1347 μόνον

380 1368 539 1423 κακόν
572 1388 622 1421 τι
663 1367 1013 1434 προσλάβοιμι
1051 1368 1138 1421 καὶ
1173 1366 1388 1425 'coimus'
1425 1368 1557 1438 ἔχει.

78 1455 402 1530 quantillum
457 1461 540 1510 est
588 1454 722 1510 haec
777 1454 1176 1527 transponendo
1219 1472 1446 1521 sanare,
1499 1464 1559 1511 ut
1613 1456 1739 1513 fiat:
1797 1458 1952 1527 χάριν
1992 1481 2070 1515 κο-

73 1548 300 1613 μιεῖσθαι
342 1545 487 1612 παρὰ
527 1542 806 1609 γυναικός;
2144 1612 2145 1615 ¹

152 1632 304 1702 Quod
337 1630 630 1687 Menander
655 1631 936 1686 verissime
965 1633 1178 1687 monuit
1219 1631 1295 1707 (in
1333 1632 1480 1688 Stob.
1523 1632 1707 1691 Floril.
1733 1634 1895 1691 XLVI
1904 1679 1915 1691 .
1961 1637 2068 1710 11.)

74 1722 204 1778 vitio
245 1737 347 1776 non
391 1719 494 1776 levi
531 1720 867 1791 inquinatur.
946 1719 1175 1775 Editur:

376 1810 405 1871 ἦ
447 1812 534 1862 νῦν
575 1807 676 1863 ὑπό
708 1829 854 1863 τινων
894 1807 1155 1877 χρηςότης
1193 1811 1485 1876 καλουμένη

375 1898 566 1962 μεθῆκε
606 1899 692 1952 τὸν
726 1893 838 1951 δ’λον
879 1898 951 1958 εἷς
992 1898 1228 1964 πονηρίαν
1271 1897 1402 1963 βίον.

375 1984 535 2045 οὐδεὶς
569 1985 676 2051 γὰρ
710 1986 895 2039 ἀδικῶν
932 1984 1195 2054 τυγχάνει
1235 1988 1501 2054 τιμωρίαις.

75 2089 179 2128 non
212 2073 358 2127 enim
398 2073 624 2139 μεθιέναι
667 2071 795 2127 buic
832 2073 912 2127 rei
951 2072 1415 2128 accommodatum
1455 2082 1537 2129 est
1587 2075 1680 2139 sed
1717 2079 2068 2141 μετατιθέναι.

75 2163 259 2233 itaque
293 2161 543 2227 μετέθηκε
586 2177 680 2233 pro
718 2163 910 2227 μεθῆκε
949 2160 1201 2216 rescribe.

160 2248 305 2303 Scite
363 2254 417 2303 et
471 2247 645 2320 lepide
699 2247 839 2303 idem
900 2250 1140 2304 comicus
1200 2248 1396 2304 alicubi
1453 2250 1590 2307 dixit
1650 2251 1825 2326 (Stob.
1887 2254 2069 2310 Floril.

73 2337 236 2394 Lxx.
282 2337 376 2410 5)=

373 2422 499 2479 ὅταν
535 2425 689 2488 πένης
729 2427 793 2480 ὢν
831 2427 920 2481 καὶ
960 2433 1158 2492 γαμεῖν
1193 2447 1272 2488 τις
1307 2426 1548 2494 ἑλόμενος

373 2514 444 2568 τοὶ
483 2516 626 2579 μετα
665 2515 909 2580 γυναικὸς
949 2514 1260 2583 ἐπιδέχηται
1298 2517 1559 2584 χρήματα

372 2602 528 2669 αὑτὸν
569 2602 765 2656 δίδωσιν
804 2603 893 2661 οὐκ
926 2602 1116 2665 ἐκείνην
1151 2602 1442 2670 λαμβάνει.

70 2688 164 2745 sed
202 2705 306 2744 non
343 2688 483 2742 inest
531 2687 615 2743 bis
655 2689 834 2744 verbis
881 2691 1148 2745 sententia
1172 2733 1188 2753 ‚
1232 2696 1395 2764 q'uam
1437 2688 1502 2748 ex
1552 2695 1711 2750 tertio
1747 2711 1908 2752 versu
1947 2714 2068 2752 con-

70 2776 223 2832 tinuo
280 2776 508 2848 quisque
557 2776 792 2849 colligit:
847 2795 1007 2851 quum
1068 2796 1272 2853 pauper
1330 2781 1560 2838 dotatam
1622 2801 1844 2839 uxorem
1910 2785 2066 2841 ducit.

68 2861 239 2920 luerit
277 2865 323 2918 si
363 2863 767 2921 emendaveris:

42 2949 48 2957 ’
373 2953 518 3018 μετὰ
561 2960 657 3018 τῆς
692 2956 936 3020 γυναικὸς
976 2956 1285 3025 ἐπιδέχηται
1325 2959 1604 3026 χρήματα.

69 3038 215 3097 Idem
259 3039 317 3095 lit
351 3040 405 3095 in
447 3040 551 3095 alio
595 3040 898 3114 fragmento
934 3044 1078 3117 apud
1124 3044 1268 3102 Stob.
1309 3045 1491 3102 Floril.
1521 3046 1723 3103 XCVII.
1764 3052 1815 3104 2.
1860 3057 1919 3106 nt
1957 3067 2066 3105 om·

72 3143 168 3184 nes
213 3134 360 3185 recte
406 3129 546 3201 quod
586 3137 744 3202 poeta
784 3130 1014 3188 voluerit
1059 3133 1364 3207 intelligant
1398 3152 1729 3209 quamquam
1765 3140 2067 3212 corruptela

73 3218 393 3274 sententiam
429 3216 753 3274 obscuravit.

372 3312 599 3373 κρεῖττον
634 3306 740 3376 γάρ
781 3309 885 3367 ἐςιν
904 3350 919 3374 ,
960 3307 1026 3364 ἂν
1065 3318 1232 3381 σκοπῇ
1268 3332 1346 3374 τις
1384 3313 1528 3367 κατα
1566 3314 1759 3380 λόγον,

370 3396 446 3460 μὴ
486 3396 645 3450 πόλλ’
683 3396 888 3460 ἀηδῶς,
930 3398 1092 3464 ὀλίγα
1132 3399 1177 3454 δ’
1218 3398 1371 3463 ἡδέως
1411 3399 1571 3469 ἔχειν.
2135 3475 2138 3477 ‚

72 3494 303 3553 namque
359 3483 501 3538 κατὰ
553 3484 709 3548 λόγον
763 3502 869 3540 non
923 3485 1195 3558 significat
1251 3485 1308 3543 εὖ
1357 3487 1439 3543 vel
1487 3491 1651 3557 ὀρθῶς.
1729 3489 1946 3561 Corrige
1997 3490 2063 3547 ἂν

72 3577 235 3636 σκοπῇ
269 3590 346 3630 τις
381 3572 523 3625 κατα
564 3571 776 3639 τρόπον,
819 3590 945 3629 nam
982 3591 1204 3647 prorsus
1241 3575 1384 3632 idem
1427 3577 1734 3649 significant
1770 3578 1912 3632 κατὰ
1952 3579 2061 3647 τρό-

71 3674 162 3708 πον
205 3662 253 3708 et
297 3659 466 3722 ὀρθῶς,
513 3667 569 3714 ut
614 3661 755 3734 apud
798 3662 1071 3720 Platonem
1115 3662 1179 3718 de
1223 3664 1349 3736 Rep.
1385 3665 1470 3721 lx.
1506 3669 1630 3719 581.
1677 3667 1733 3719 Α,
1778 3671 2058 3731 καλοῦντες
