2436 4068
1277 218 1381 268 262

419 366 620 432 Τροπὴν
659 365 907 418 ποιεῖσθαι
951 367 1093 414 recte
1132 360 1330 430 legitur
1370 360 1509 430 apud
1554 361 1950 430 Xenopl'iontem
1994 370 2047 415 et
2081 362 2199 416 aliis
2240 363 2312 415 lo-

344 456 420 508 cis
461 462 512 507 et
553 456 604 506 in
649 451 847 505 Hellen.
885 449 944 503 V.
988 466 1055 502 lv,
1102 452 1188 502 45.
1239 448 1329 501 ubi
1383 447 1758 502 scribendum:
1816 451 2018 513 ἐγένετο
2053 452 2103 504 ἐν
2145 442 2312 505 ἐλπίδι

341 545 527 610 τροπήν
566 547 662 594 τῶν
702 540 884 603 ἀνδρῶν
924 538 1249 600 ποιήσεσθαι,
1292 553 1395 590 non
1438 543 1510 590 ut‘
1548 535 1798 605 vulgatur
1851 539 2173 600 ποιήσασθαι.
2253 539 2314 591 In

342 630 592 684 Isocratis
629 633 761 679 orat.
799 625 913 678 XII.
951 629 1037 678 330.
1080 641 1174 694 pro
1216 625 1494 678 verissima
1535 625 1802 694 scriptura
1837 627 2125 688 ποιήσασαν
2164 627 2316 695 ῥοπήν

342 720 519 787 inepte
558 732 621 769 ex
669 713 923 767 Urbinate
958 713 1156 783 recepit
1191 714 1378 778 τροπήν
1413 713 1732 767 novissimus
1764 712 1976 776 Editor,
2018 715 2109 783 qui
2153 730 2314 784 quam

344 806 510 859 multa
551 802 773 856 vulnera
827 801 1046 854 Isocrati
1100 799 1358 854 inflixerit
1410 801 1525 855 sine
1577 802 1783 856 ratione
1828 808 1880 856 et
1929 800 2126 855 iudicio
2162 801 2316 898 Urbi-

342 894 482 947 natis
516 892 890 945 auctoritatem
929 888 1196 959 sequendo
1232 888 1362 942 alias
1401 889 1693 943 ostendam

419 982 531 1034 Iam
572 978 638 1032 ad
672 977 982 1048 Euripidem
1018 984 1257 1030 revertor
1291 977 1345 1028 in
1382 975 1655 1032 simillima
1695 976 1997 1049 corruptela
2035 994 2186 1049 opem
2224 993 2317 1031 no-

342 1076 508 1123 stram
553 1073 949 1137 exspectantem
991 1065 1044 1117 in
1092 1063 1387 1119 Heraclidis
1429 1067 1570 1118 742:

1172 1153 1457 1218 σύμμαχος
1497 1151 1663 1216 γένοιό
1700 1172 1784 1217 μοι

715 1247 935 1302 τοιοῦτος
959 1284 973 1304 ,
1017 1238 1111 1301 οἷος
1153 1241 1216 1295 ἂν
1257 1241 1445 1308 τροπὴν
1486 1239 1774 1306 Εὐρυσθέως

714 1331 863 1391 θείήν.

340 1421 430 1476 ubi
468 1421 640 1485 θείμην
689 1417 1053 1489 reponendum
1095 1434 1207 1472 esse
1248 1416 1516 1479 arbitror,
1570 1417 1701 1479 θείήν
1736 1416 1926 1471 scribis
1971 1416 2185 1481 deberi,
2227 1418 2319 1487 qui

339 1510 394 1563 in
435 1507 633 1562 talibus
670 1512 776 1559 tam
822 1504 1067 1559 socordes
1107 1511 1244 1559 sunt·
1270 1511 1330 1559 ut
1377 1522 1453 1558 vs,
1496 1509 1656 1560 1017.
1699 1504 1842 1560 fideli
1887 1504 2170 1559 concordia
2207 1521 2318 1558 om-

341 1613 435 1652 nes
471 1596 632 1649 λιπὼν
673 1594 715 1647 δ’
754 1594 890 1648 οὐδὲν
927 1595 1140 1660 οὶχθοίήν
1178 1594 1291 1658 βίον
1340 1592 1692 1649 dormitantes
1728 1593 1973 1648 dederint
2006 1611 2101 1665 pro
2145 1594 2319 1660 οὶχθοί-

338 1705 459 1749 μήν.
542 1682 645 1748 Qui
697 1688 942 1751 poterant
983 1682 1197 1746 οὶχθοίήν
1238 1697 1333 1752 pro
1379 1681 1638 1748 ἀχθοίμην
1680 1681 1794 1736 sine
1841 1682 2144 1752 suspicione
2190 1682 2319 1736 scri-

341 1773 502 1833 bere,
558 1769 687 1841 quid
726 1786 814 1823 eos
858 1770 912 1822 in
949 1775 1108 1823 ποιεῖν
1149 1774 1203 1822 et
1243 1771 1492 1824 ποιεῖσθαι
1537 1769 1675 1824 male
1723 1768 2109 1824 confundendis
2148 1768 2318 1840 desig-

341 1862 550 1915 navisse
593 1857 786 1929 putes?
869 1857 942 1910 De
989 1856 1271 1927 permultis
1310 1857 1567 1928 exemplis
1604 1873 1772 1911 unum
1826 1864 1879 1911 et
1925 1857 2152 1912 alterum
2200 1875 2320 1929 cog-

342 1965 525 2004 nosce:
568 1948 622 2000 in
668 1945 920 2001 Isocratis
957 1945 1205 2015 Euagora
1243 1949 1272 2016 §
1310 1949 1395 1999 26.
1442 1962 1626 1999 omnes
1665 1944 1829 1998 libros
1870 1947 2043 2016 turpis
2077 1945 2318 2000 soloecis-

340 2055 461 2092 mus
499 2034 804 2090 obsidebat:
859 2034 901 2086 εἰ
936 2035 1009 2097 μὴ
1049 2035 1277 2088 κοὶκεῖνον
1316 2034 1534 2087 ἐκποδὼν
1577 2034 1831 2097 ποιήσειε,
1885 2049 2051 2104 quum
2095 2033 2320 2088 Urbinas

338 2142 528 2180 verum
567 2125 832 2185 ποιήσαιτο
884 2121 1084 2175 attulit.
1163 2122 1221 2175 In
1263 2121 1477 2194 Lysiam
1531 2120 1670 2175 idem
1727 2121 1982 2176 mendum
2031 2124 2320 2193 irrepserat

341 2213 484 2269 XIII.
529 2216 616 2265 24.
675 2210 834 2264 ἐδόκει
872 2206 952 2263 οὖν
987 2209 1205 2263 ἐκποδὼν
1246 2218 1515 2272 ποιῆσοοι
1564 2211 1648 2263 τὸν
1689 2210 2009 2276 Ἀγόρατον,
2051 2210 2142 2263 ubi
2180 2212 2317 2273 ποιή-

339 2303 526 2356 σοισθοιι
562 2300 873 2352 restitutum
911 2305 1029 2360 est,
1074 2299 1235 2351 etiam
1276 2297 1468 2351 melius
1504 2300 1751 2352 ποιεῖσθαι
1790 2297 2125 2352 restituetur.
2186 2298 2315 2352 Con-

339 2390 510 2461 spirat
558 2393 736 2440 autem
794 2385 1022 2439 Urbinas
1069 2386 1297 2439 eximius
1339 2385 1473 2439 liber
1508 2403 1631 2439 cum
1689 2387 1915 2440 caeteris
1961 2387 2014 2439 in
2072 2386 2318 2441 Busiride

340 2485 368 2551 §
408 2481 497 2532 49.
543 2476 598 2528 in
638 2475 824 2527 vitiosa
865 2474 1170 2544 scriptura:
1215 2476 1268 2527 οὐ
1311 2476 1532 2537 ποιήσεις
1572 2478 1660 2528 τοῦ
1711 2479 1887 2528 λοιποῦ
1929 2474 2146 2540 πονήροὶς
2201 2476 2318 2528 ὑπο-

338 2566 528 2628 θέσεις,
582 2563 831 2632 namqui
870 2567 1247 2632 argumentum
1298 2563 1465 2615 sumit
1514 2561 1725 2616 dicendi
1776 2569 1997 2616 ποιεῖται
2048 2562 2315 2627 ὑπόθεσιν,

339 2671 445 2710 non
479 2659 644 2714 ποιεῖ,
683 2666 847 2721 quare
883 2652 1077 2714 ποιήσει
1113 2648 1474 2705 scribendum.
1557 2649 1877 2721 Saepissime
1909 2652 2157 2705 ποιεῖσθαι
2195 2649 2316 2704 ὑπό·

338 2746 471 2798 θεσιν
519 2738 659 2810 apud
713 2738 1000 2792 Isocratem
1042 2738 1310 2792 occurrit:
1363 2744 1553 2808 quater
1605 2739 1658 2791 in
1707 2739 2092 2792 Panathenaico
2140 2743 2168 2809 §
2207 2742 2314 2802 35,

339 2835 442 2892 96,
488 2831 592 2881 108
634 2832 686 2879 et
738 2831 878 2890 175,
934 2835 1018 2880 ter
1067 2826 1120 2878 in
1175 2825 1413 2879 Antidosi
1467 2830 1494 2900 ᾗ
1533 2829 1637 2890 58,
1679 2829 1750 2879 69
1791 2832 1843 2879 et
1885 2830 1992 2880 276
2018 2869 2030 2889 ‚
2080 2833 2133 2879 et
2173 2825 2314 2882 alibi.

341 2918 608 2972 Vitiosum
668 2920 749 2967 est
809 2914 863 2967 in
935 2914 1164 2968 Anabasi
1213 2913 1274 2967 V.
1325 2931 1412 2967 vn.
1469 2918 1559 2968 51.
1624 2913 1705 2968 ἵνοι
1764 2915 1849 2967 καὶ
1909 2916 2153 2982 φυλακήν
2216 2915 2318 2982 ἰδίᾳ

335 3007 521 3072 ποιήσῃ
572 3023 650 3063 τις
692 3018 787 3072 pro
836 3002 1112 3066 ποιήσήτοιί
1150 3021 1263 3064 τις,
1319 3018 1442 3055 nam
1501 3002 1768 3072 significat
1812 3001 1894 3056 ἵνοο
1946 3003 2033 3056 ua>
2086 3002 2190 3070 ἰδίᾳ
2238 3023 2316 3062 τις

331 3090 660 3162 φυλάξηται.
738 3089 1014 3143 Contrario
1050 3106 1229 3144 errore
1258 3089 1312 3141 in
1358 3089 1558 3143 Hellen.
1590 3091 1676 3144 VI.
1723 3108 1766 3143 v.
1813 3094 1898 3144 18.
1954 3089 2181 3160 legitur:
2224 3090 2311 3143 κοιὶ

338 3179 495 3240 οὕτως
535 3177 653 3243 οἶμοι
692 3176 748 3230 ἔκ
784 3198 841 3230 τε
869 3182 957 3230 τοῦ
994 3182 1136 3233 ςενοῦ
1178 3176 1334 3241 ἐξῆγε
1367 3176 1452 3230 καὶ
1489 3179 1819 3246 ἰσχυροτέραν
1855 3178 1934 3231 οὶεὶ
1968 3179 2059 3239 τήν
2092 3176 2316 3245 φοέλοογ-

333 3289 416 3333 γοι
473 3268 727 3328 ἐποιεῖτο,
786 3282 1017 3335 namque
1073 3266 1280 3332 ἰσχυρὸν
1339 3271 1496 3318 ποιεῖν
1552 3266 1811 3320 Graecum
1869 3272 1948 3319 est
2003 3272 2055 3318 et
2109 3266 2313 3325 οέσθενὲς

340 3363 498 3411 ποιεῖν
533 3360 587 3409 et
622 3352 819 3407 similia
854 3354 1062 3416 omnia,
1104 3353 1194 3406 ubi
1233 3360 1388 3406 ποιεῖν
1419 3360 1497 3406 est
1534 3353 1784 3413 reddere,
1829 3369 1933 3422 quo
1968 3369 2128 3405 sensu
2160 3368 2315 3406 nemo

339 3459 594 3514 umquam
651 3447 892 3495 veterum
954 3457 1076 3494 cum
1128 3440 1389 3495 adiectivo
1444 3439 1665 3494 verbum
1718 3442 1964 3495 ποιεῖσθοιι
2019 3441 2312 3494 coniunxit.

337 3530 577 3586 Emenda
622 3529 790 3600 igitur
830 3528 1159 3596 ἰσχυροτέραν
1190 3562 1264 3569 —-
1290 3530 1464 3584 ἐποίει.
1547 3528 1758 3582 Similes
1799 3528 2133 3599 corruptelae
2175 3530 2315 3582 inter

339 3617 622 3688 legendum
681 3622 762 3670 sat
819 3615 1018 3670 multae
1072 3626 1390 3680 occurrent,
1455 3634 1683 3688 quarum
1740 3634 1869 3670 nova
1919 3617 2157 3687 exempla
2215 3615 2311 3670 sibi
