2436 4068
970 224 1074 274 '565

115 374 172 428 In
219 376 268 444 ᾗ.
312 376 363 426 7.
425 369 579 442 plane
634 369 898 423 assentior
949 370 1050 430 HS,
1106 369 1198 440 qui
1252 368 1359 427 πῶς
1401 377 1728 424 censuerunt
1781 371 2018 428 inseren-

37 462 165 516 dum
228 467 280 514 et
339 460 417 513 sic
476 457 859 512 scribendum:
919 457 1068 530 (πῶς)
1130 459 1219 511 οὐκ
1277 453 1488 522 ἀνάγκη
1538 488 1613 497 —
1664 460 1853 526 εἰρήνης
1913 461 2020 526 μοί-

36 563 163 607 λιςα
203 549 494 613 ἐπιθυμεῖνς
550 551 609 599 ut
668 548 698 615 §
738 549 791 599 8.
845 546 954 605 πῶς
993 547 1083 599 οὐκ
1141 542 1349 609 ἀνάγκη
1391 545 1664 607 δαπανᾶν;
1715 553 1767 601 et
1817 550 2018 620 passim

37 636 184 691 alibi.

0 719 2 785 ζ
113 724 173 778 Iu
222 739 338 794 cap.
368 721 460 776 Xl.
505 725 556 774 4.
611 723 655 775 εἰ
692 721 763 774 τοὶ
814 720 884 774 σοὶ
939 721 1043 790 ἰδία
1080 719 1230 784 μόνον
1273 720 1456 787 ἐνεργοὶ
1497 719 1674 789 ἔχοις,
1715 739 1902 779 verum
1948 725 2023 779 vi·

40 812 120 866 dit
162 810 467 883 Stephanus
505 809 576 863 τα
613 808 684 862 σοὶ
721 808 826 862 ἴδια
862 808 1048 879 reponi
1083 807 1301 873 iubeuS,
1341 808 1433 862 sed
1474 826 1629 863 nemo
1669 810 2021 885 obtemperat.

0 899 203 954 *Recte
242 903 641 970 componuntur
682 897 747 951 X.
792 900 841 950 5.
896 903 1003 957 τοῖς
1045 902 1150 957 σοῖς
1191 897 1346 957 ἰδίοις.
1427 896 1622 951 Contra
1663 899 1752 953 XI.
1801 905 1886 954 12.
1928 903 2020 971 πρὸ

0 992 135 1042 ἰνῶν
174 991 272 1041 σῶν
313 986 496 1057 [ἰδίων]
548 983 716 1052 ὥσπερ
757 989 856 1038 τῶν
895 985 1027 1039 ἰδίων
1075 983 1410 1052 μαχομένους
1461 983 1542 1038 vel
1582 987 1731 1039 auris
1772 987 2024 1045 admonet.

0 1073 5 1079 '
38 1076 239 1148 optime
278 1091 311 1129 a
367 1074 502 1128 viris
541 1072 712 1127 doctis
753 1073 886 1127 ἰδίων
926 1089 1043 1127 esse
1082 1078 1372 1127 resectum.
1455 1070 1719 1138 Quoniam
1759 1075 1783 1128 1
1823 1075 2023 1131 adseri-

0 1206 13 1218 ,Α
37 1170 191 1236 ptum
246 1163 409 1217 etiam
464 1163 522 1216 in
578 1161 974 1232 antiquissimis
1014 1159 1168 1214 libris
1220 1166 1273 1213 et
1325 1160 1623 1214 sexcenties
1664 1163 1938 1217 omittitur
1972 1172 2026 1220 et

0 1250 263 1308 ‘subinde
316 1257 517 1306 temere
568 1248 789 1303 additur
827 1249 932 1303 ἴδια
981 1255 1034 1303 et
1087 1248 1192 1318 ἰδία
1233 1248 1435 1319 passim
1494 1248 1931 1315 confunduntur,
1971 1259 2026 1307 et

0 1334 213 1395 {nostri
253 1338 452 1410 ubique
489 1336 700 1392 arbitrii
742 1343 824 1391 est
880 1343 1001 1391 utra
1053 1337 1326 1408 scriptura
1376 1353 1502 1390 vera
1551 1338 1623 1391 sit
1675 1341 2022 1395 constituere.

0 1429 187 1484 ·-Dabo
222 1426 464 1499 exempta
510 1424 805 1498 quaedam:
863 1423 1004 1496 apud
1057 1424 1331 1479 Demosth.
1390 1422 1536 1479 Orat.
1574 1429 1682 1490 47,
1724 1430 1812 1480 44.
1869 1445 2025 1501 oppo-

6 1501 251 1572 'nu'ntur
304 1517 448 1570 inter
498 1531 555 1568 se
608 1510 659 1573 ὃς
700 1511 764 1567 ἂν
816 1511 951 1580 ἔχων
990 1513 1148 1574 σκεύη
1188 1515 1263 1579 μὴ
1302 1514 1523 1582 οέποδιδῷ
1570 1522 1634 1582 τῇ
1677 1514 1825 1570 πόλει
1867 1524 1919 1571 et
1973 1515 2025 1580 ὃς

40 1606 106 1663 ἂν
145 1606 286 1675 ἰδία
324 1601 648 1669 κτησάμενος
689 1604 763 1668 μὴ
803 1610 985 1671 πωλῇ,
1025 1600 1146 1656 luce
1186 1601 1388 1656 clarius
1425 1609 1505 1657 est
1547 1602 1651 1656 ἴδια
1697 1620 1811 1658 esse
1848 1594 2058 1661 emen?

14 1680 303 1749 dandum:
344 1693 586 1763 ineptum
628 1698 710 1746 est
750 1691 892 1745 euim
932 1691 1035 1761 ἰδία
1074 1692 1352 1752 κεκτῆσθαι
1385 1691 1539 1763 quasi
1575 1692 1859 1764 quisquam
1898 1696 2028 1767 quid

37 1783 262 1851 δημοσία
315 1782 595 1843 κεκτῆσθαι
629 1788 838 1852 posset,
878 1785 932 1834 et
972 1777 1427 1851 quemadmodum
1474 1779 1699 1834 reddere
1750 1782 1969 1839 iubetur
2003 1786 2026 1840 ὅ

33 1877 131 1933 τῆς
170 1869 368 1929 πόλεως
409 1870 567 1932 σκεύη
613 1868 784 1937 ἔχων,
842 1869 920 1923 sic
962 1867 1181 1921 vendere
1219 1868 1243 1920 ὁ
1277 1867 1385 1922 ἴδια
1419 1868 1761 1935 κτησάμενος.
1842 1872 1900 1926 ln
1944 1890 2026 1928 ea-

36 1958 159 2013 dem
197 1958 438 2012 oratione
481 1960 510 2028 §
550 1960 639 2012 25.
683 1958 872 2012 vitiose
912 1955 1206 2011 scribitur:
1255 1956 1578 2011 οὐδεπώποτε
1635 1957 1827 2025 ἔλαβον
1868 1962 2024 2024 σκεύη

16 2047 95 2118 ,ἐκ
132 2051 223 2102 τοῦ
278 2047 473 2113 νεωρίου
524 2047 652 2100 ἀλλ’
700 2048 858 2107 αὐτὸς
898 2046 1002 2114 ἰδία
1053 2044 1474 2113 παρεσκεύαζον,
1516 2044 1607 2099 ubi
1650 2036 1752 2101 uon
1794 2047 1888 2103 diu
1930 2049 2025 2105 du·

0 2168 1 2171 =
31 2134 231 2191 bitabis
274 2135 381 2189 ἴδια
415 2134 687 2205 corrigere
727 2135 771 2187 si
806 2133 1204 2205 comparaveris
1245 2131 1392 2187 Orat.
1432 2133 1488 2187 L.
1524 2138 1574 2187 7.
1616 2136 1850 2190 σκεύεσιν
1886 2139 2024 2200 ἰδίοις

16 2219 131 2288 ’τὴν
183 2229 308 2279 ναῦν
360 2221 581 2278 ἅπασαν
635 2222 1007 2277 κατεσκεύασα
1060 2222 1148 2276 καὶ
1189 2226 1287 2276 τῶν
1326 2223 1576 2287 δημοσίων
1617 2223 1810 2290 ἔλαβον
1852 2227 2024 2291 οὐδέν,

0 2310 92 2370 ¹701
132 2315 164 2385 ς
202 2316 291 2367 ⁵26.
333 2313 420 2367 καὶ
458 2311 572 2379 περὶ
613 2316 711 2365 τῶν
748 2316 939 2366 σκευῶν
978 2309 1201 2380 ἔφραζεν
1234 2311 1375 2379 αὐτῷ
1416 2307 1492 2366 ὅτι
1534 2311 1666 2366 ἴδια
1717 2313 1891 2382 ἔχοιμι
1932 2319 2020 2372 καὶ

0 2400 275 2467 ὶδημόσιον
317 2400 474 2456 οὐδέν.
534 2398 610 2454 Cf.
653 2406 706 2454 et
760 2402 790 2471 §
826 2404 894 2454 27
950 2407 1002 2454 et
1045 2403 1135 2454 54.
1210 2398 1299 2454 Sic
1339 2406 1389 2454 et
1433 2399 1573 2472 apud
1616 2401 1945 2459 Dinarchum
1980 2406 2021 2462 I.

0 2492 131 2571 9589.
171 2487 327 2551 οὕτως
366 2487 483 2553 οὖν,
523 2486 559 2543 ὦ
600 2487 779 2555 &pt-55,
819 2488 934 2543 εἰπέ
972 2493 1088 2553 μοι“,
1121 2486 1432 2558 φυλάξομεν
1475 2489 1566 2543 ἐὰν
1618 2489 1681 2543 σὺ
1728 2491 1823 2557 μὲν
1865 2493 2021 2551 εἴκοσι

27 2577 283 2632 τάλαντα
321 2579 500 2644 λαβὼν
541 2577 667 2646 ἔχῃς
724 2577 895 2635 ἴδια,
937 2574 1102 2645 ἕτερος
1143 2578 1196 2632 δὲ
1237 2578 1649 2640 πεντεκαίδεκα;
1695 2577 1784 2632 ubi
1824 2588 1875 2634 et
1917 2585 2021 2655 ἰδία

27 2664 434 2725 'restituendum
500 2674 582 2721 est
649 2671 703 2719 et
762 2664 829 2718 ab
891 2665 1046 2719 initio
1103 2664 1534 2719 emendandum:
1614 2672 1753 2729 Πῶς
1823 2667 1904 2725 οὖν
1945 2705 2021 2713 --

31 2752 379 2823 φυλάξομεν;
437 2752 574 2808 Utile
650 2755 754 2808 erit
814 2752 976 2807 simul
1049 2754 1234 2825 paucis
1302 2752 1583 2808 ostendere
1643 2772 1803 2826 quam
1864 2776 2021 2834 saepe

31 2841 118 2900 διό
172 2849 227 2898 et
278 2842 382 2910 ἰδίᾳ
441 2842 902 2914 permisceantur,
964 2848 1022 2896 ut
1081 2841 1224 2913 apud
1277 2840 1565 2896 Diodorum
1620 2842 1726 2898 Sic.
1764 2845 1872 2902 XV.
1927 2854 2015 2906 78.

35 2930 129 2988 ubi
172 2931 226 2985 in
268 2929 423 2984 tibris
474 2929 726 2984 omnibus
764 2937 846 2984 est
898 2930 1180 2992 διακοσίαις
1230 2931 1377 2985 ναυσὶ
1432 2932 1872 3001 διαπληροῦντας,
1927 2939 2020 2994 sed

35 3019 337 3076 certissima
390 3018 761 3074 emendatione
816 3017 1221 3073 rescribendum
1275 3019 1538 3081 διακοσίας
1579 3026 1702 3082 ναῦς
1738 3023 1841 3094 ἰδίᾳ
1890 3040 2022 3090 πλη.

35 3112 283 3179 poem-ae,
351 3106 489 3179 quod
555 3107 840 3178 occupavit
911 3105 1197 3161 emendare
1269 3105 1594 3163 DindorfiuS.
1695 3110 1850 3183 Apud
1923 3115 2018 3169 De-

38 3194 370 3252 mosthenem
448 3213 494 3267 p.
560 3198 738 3259 1152,
802 3200 849 3249 7.
925 3193 1044 3247 iibri
1117 3193 1402 3250 exhibent:
1470 3198 1557 3251 καὶ
1625 3200 1847 3266 κρύβδην
1917 3205 2019 3274 ἰδία

37 3284 415 3352 ψηφισαμένων
447 3289 545 3338 τῶν
600 3285 841 3345 δικαςῶν,
886 3282 1134 3337 Reiskius
1181 3284 1380 3355 optime
1429 3286 1650 3352 κρύβδην
1691 3289 2018 3359 διαψηφισα-

40 3372 202 3437 μένων
250 3371 504 3426 restituit.
587 3372 759 3426 Simili
820 3371 977 3426 modo
1032 3389 1080 3443 p.
1124 3376 1270 3438 855,
1315 3378 1403 3428 13.
1464 3373 1730 3428 titubatur
1784 3377 1835 3430 in
1894 3379 2015 3436 Cod.

42 3458 97 3514 S.
138 3458 231 3528 qui
274 3465 450 3512 servat
507 3461 684 3514 πολλοὶ
736 3462 1058 3527 διεκέρδανας
1104 3477 1198 3533 pro
1245 3461 1422 3516 πολλοὶ
1478 3463 1580 3531 ἰδία
1627 3462 1909 3529 κερδοένας,
1966 3477 2019 3524 et

11 3540 307 3618 'p.1033,
347 3549 399 3600 9.
465 3545 552 3600 nbi
612 3565 707 3619 pro
765 3550 929 3619 λαύρα
985 3551 1087 3604 καὶ
1146 3550 1281 3620 ἰδία
1335 3549 1751 3617 κρυφοὶμενοι
1812 3556 2019 3620 τούτους

44 3631 165 3687 cod.
211 3633 262 3687 S.
306 3633 515 3688 exhibet
566 3636 652 3689 καὶ
702 3637 1137 3704 διακρυψάμενοι,
1190 3654 1498 3710 perperam,
1543 3645 1592 3691 ut
1648 3639 1808 3695 vides,
1891 3646 2023 3713 Quis
