2436 4068
1307 254 1374 303 48

355 405 448 454 aut
483 399 676 469 fragm.
725 402 808 452 19.

659 485 795 552 με’λη
838 484 1086 551 πάραυλα
1127 482 1424 549 κάκρότητα
1458 482 1745 546 κύμβαλα.

354 581 448 630 aut
488 573 678 645 fragm.
725 577 811 627 36.
1408 569 1652 631 Μιλησία

655 661 957 728 σμάραγδος
978 700 990 722 ,
1032 657 1321 724 ἐμπόλημα
1355 658 1670 723 τιμηέςατον
1688 699 1698 709 .

350 756 443 805 aut
483 749 676 819 fragm.
723 751 810 801 66.

653 834 775 904 ὕδωρ
811 834 863 888 δὲ
899 835 1068 896 πίνει,
1112 835 1196 888 τὸν
1237 835 1288 888 δὲ
1330 834 1565 899 Βίβλινον
1607 839 1795 898 ςυγεῖ.

352 929 447 979 aut
486 922 676 995 fragm.
723 926 812 978 95.

652 1010 817 1079 χρόαν
850 1012 902 1064 δὲ
942 1012 1035 1074 την
1071 1011 1163 1073 σὴν
1198 1010 1336 1073 ἥλιος
1372 1007 1600 1073 λάμπων
1633 1009 1805 1075 φλογί

652 1100 994 1164 αἱγυπτιώσει
1016 1141 1026 1151 .

352 1193 445 1242 aut
484 1187 674 1259 fragm.
719 1192 845 1243 505.

656 1277 710 1331 τί
749 1277 835 1329 καὶ
874 1274 1030 1344 καθης
1074 1274 1304 1337 πίωμεν.
1347 1274 1401 1325 οὐ
1436 1272 1523 1325 καὶ
1566 1271 1710 1324 σιτία

658 1362 904 1430 παρεςινς
948 1359 983 1415 ὦ
1018 1362 1234 1423 δύςηνε,
1277 1362 1350 1425 μη
1392 1359 1565 1426 σαυτῷ
1606 1358 1812 1426 φθόνει.

658 1454 702 1505 οἱ
739 1452 785 1504 δ’
826 1451 970 1510 εὐθὺς
1013 1447 1317 1512 ἠλάλαξαν,
1358 1449 1408 1501 ἐν
1449 1447 1492 1500 δ’
1535 1447 1764 1514 ἐκίρνατο

659 1536 814 1603 οἶνος,
854 1538 1019 1607 φέρων
1058 1538 1110 1591 δὲ
1147 1536 1372 1604 ςέφανον
1409 1534 1686 1603 ἀμφέθηκέ
1725 1554 1832 1595 τις.

664 1630 871 1693 ὑμνεῖτο
912 1627 954 1679 δ’
992 1627 1218 1692 αἰσχρῶς
1257 1629 1430 1677 κλῶνα
1470 1624 1591 1690 πρὸς
1631 1623 1791 1676 καλὸν
1831 1620 2030 1690 δάφνης

659 1716 682 1768 ὁ
719 1715 903 1779 Φοῖβος
944 1717 997 1767 οὐ
1037 1711 1296 1781 προσῳδά.
1341 1714 1432 1774 τήν
1471 1713 1519 1765 τ’
1562 1711 1792 1765 ε’ναύλιον

662 1803 791 1856 ὠθῶν
824 1822 902 1863 τις
943 1799 1196 1864 ἐξέκλαξε
1233 1800 1505 1864 σύγκοιτον
1536 1798 1717 1868 φίλην.

359 1889 491 1957 Quis
538 1889 846 1944 admonitus
888 1906 995 1943 non
1037 1887 1182 1942 videt
1229 1887 1361 1942 haee
1407 1887 1588 1941 omnia
1632 1903 1662 1941 e
1706 1884 1968 1959 Satyriois
2010 1885 2345 1940 dramatibus

357 1983 538 2031 sumta
578 1995 725 2033 esse:
780 1979 803 2031 ὃ
845 1978 1030 2042 Φοῖβος
1075 1977 1282 2042 ὑμνεῖτο
1324 1980 1497 2030 κλῶνα
1535 1975 1658 2043 πρὸς
1705 1975 1864 2028 καλὸν
1910 1971 2110 2042 δάφνης
2152 1975 2206 2027 in
2255 1990 2342 2028 oo·

357 2063 568 2123 moedia
605 2066 681 2120 sio
714 2071 829 2120 erat
857 2064 1168 2120 dicendum:
1210 2065 1376 2119 παιὰν
1402 2064 1547 2133 ᾔδετο
1578 2062 1698 2131 πρὸς
1732 2062 1983 2129 μυρρίνην.
2063 2061 2343 2115 Eiusdem·

357 2151 504 2205 modi
546 2159 673 2206 sunt
718 2153 934 2216 ξενῶνας
981 2150 1092 2216 οἵγε
1144 2152 1225 2225 (ut
1266 2153 1323 2205 in
1377 2150 1652 2222 Euripidis
1702 2150 1898 2205 Alcest.
1951 2153 2076 2204 547.
2126 2149 2342 2213 ξενῶνας

359 2238 556 2312 οἴξας),
598 2241 751 2309 πυρὸς
785 2239 978 2309 φλέξον
1012 2240 1188 2305 μένος,
1230 2239 1520 2304 ε’μπόλημα
1567 2238 1910 2302 τιμηέςατον,
1951 2244 2109 2303 ςυγεῖ
2140 2244 2192 2292 et
2229 2254 2344 2292 cae-

356 2334 478 2381 tera
518 2327 628 2383 fere
676 2329 883 2391 omnia,
931 2345 1067 2399 quae
1106 2345 1210 2381 non
1251 2327 1376 2382 alibi
1417 2343 1577 2397 quam
1622 2328 1672 2379 ἐν
1711 2332 1816 2386 τοῖς
1869 2326 2116 2394 Σατύροις
2165 2325 2344 2380 locum
2432 2374 2436 2378 .

360 2415 603 2470 invenire
643 2421 950 2487 potuerunt.
1031 2415 1229 2470 Eodem
1262 2415 1436 2470 refero
1470 2413 1661 2485 fragm.
1699 2418 1824 2469 408.

664 2507 693 2567 ἡ
735 2505 786 2558 δὲ
821 2505 1166 2571 προύκαλεῖτό
1204 2526 1273 2570 με
1322 2503 1329 2578 Ι
1379 2503 1598 2569 βαυβῶν
1637 2506 1756 2567 μετ’
1797 2503 1960 2563 αὐτῆς
1986 2491 2008 2553 .’

362 2589 503 2660 quod
555 2607 806 2663 compara
855 2608 977 2645 eum
1031 2592 1336 2664 Euripideis
1385 2593 1434 2644 ἐν
1477 2596 1644 2644 Σολεῖ
1682 2590 1951 2656 σατύροις·
2009 2590 2063 2642 in
2119 2583 2345 2642 Bekkeri

359 2677 557 2733 Anecd.
595 2696 645 2750 p.
671 2684 773 2743 85,
818 2684 901 2734 10.

545 2767 834 2833 βαυβῶμεν
868 2767 1213 2828 εἰσελθόντες.
1254 2765 1547 2834 οὶπόμορξαι
1578 2765 1718 2819 σέθεν
1761 2763 1770 2836 Ι
1818 2765 1889 2818 τα
1928 2763 2152 2832 δάκρυα.

270 2862 274 2867 ’
357 2857 411 2906 et
443 2851 634 2925 fragm.
673 2858 759 2909 20.

660 2947 821 2997 πᾶσιν
856 2944 908 2997 δὲ
945 2945 1137 3004 θνητοῖς
1177 2943 1439 3007 βούλομαι
1476 2941 1783 3010 παραινέσαι

634 3033 814 3099 τούφ’
849 3031 1042 3098 ἡμέραν
1077 3030 1166 3097 ζῆν
1193 3030 1373 3092 ἡδέως.
1417 3031 1439 3084 0‘
1480 3031 1586 3097 γαρ
1625 3029 1780 3082 θανών

658 3119 715 3172 τὸ
755 3119 912 3184 μηδέν
947 3121 1022 3176 ε’ςι
1058 3118 1144 3172 καὶ
1186 3118 1308 3171 σκια
1351 3118 1493 3172 κατα
1528 3115 1736 3183 χθονός.

659 3212 837 3274 μικροῦ
872 3208 923 3261 δὲ
963 3205 1140 3272 βιότου
1182 3205 1328 3273 ζῶντ’
1369 3205 1676 3272 ἐπαυρέσθαι
1712 3203 1903 3271 χρεών.

352 3307 491 3362 quae
535 3294 655 3364 quis
707 3296 845 3348 serio
895 3295 1076 3349 credet
1121 3295 1176 3347 in
1221 3291 1684 3348 comoediadiota
1731 3289 1935 3343 fuisse?
2034 3287 2337 3342 Temulenti

351 3376 484 3434 haec
525 3380 857 3453 philosophia
899 3389 979 3435 est
1027 3399 1090 3435 ex
1138 3381 1314 3452 aliquo
1361 3381 1604 3453 Satyrion
1649 3378 1918 3441 dramate,
1959 3393 2190 3446 namque
2229 3392 2335 3429 non

351 3467 458 3521 nisi
499 3468 691 3534 semel,
746 3476 807 3523 ut
848 3469 1069 3540 opinor,
1114 3470 1168 3521 in
1207 3467 1533 3538 Tragoediae
1573 3467 1835 3537 gravitate
1874 3463 2334 3535 philosophantem
2434 3523 2436 3540 χ

352 3552 451 3609 hoe
487 3556 645 3611 modo
679 3556 961 3612 Herculem
996 3555 1129 3610 bene
1158 3563 1341 3629 potum
1382 3554 1666 3627 Euripides
1701 3553 1914 3608 induxit
1954 3552 2007 3605 in
2039 3551 2334 3616 Alcestide,
2414 3621 2420 3626 ⁸

351 3647 445 3702 uhi
484 3662 733 3720 compara
774 3663 875 3700 vss.
895 3647 1009 3698 1788
1039 3661 1150 3714 sqq.
