2436 4068
0 508 9 560 ἑ

0 4007 9 4032 z
6 3969 8 3988 -
0 3895 8 3950 π-
0 3678 8 3843 ΑιΠἾ-Α

980 181 1086 230 757

126 324 274 392 Quod
315 325 368 378 in
412 322 776 395 Xenophontis
814 323 942 393 Rep.
985 322 1524 376 Lacedaemoniorum
1558 321 1669 376 XV.
1716 326 1765 376 7.
1820 322 2020 394 legitur

0 404 9 485 l
49 414 136 469 καὶ
177 412 344 481 ὅρκους
383 414 436 467 δὲ
485 412 734 474 αλλήλοις
788 411 931 465 κατα
983 419 1125 476 μῆνα
1176 415 1467 472 ποιοῦνται,
1526 409 1691 479 ἔφοροι
1744 411 1840 476 μὲν
1897 413 2020 480 ὑπὲρ

49 510 142 565 τῆς
181 503 415 565 πόλεως,
452 500 710 565 βασιλεὺς
749 499 791 552 δ’
832 499 955 565 ὑπὲρ
1005 501 1215 557 ἑαυτοῦ.
1273 515 1336 553 ex
1393 499 1506 569 ipsa
1562 499 1641 552 rei
1701 506 1895 553 natura
1945 501 2021 552 in·

49 589 304 646 credibile
342 587 476 643 mihi
516 586 731 640 videtur
767 596 887 658 quot
920 587 1216 650 mensibus,
1256 587 1397 640 κατὰ
1433 593 1605 652 μῆνα,
1645 587 1722 640 ita
1752 603 1866 640 csse
1909 586 2024 640 fieri

50 678 304 742 solitum,
361 683 416 731 et
473 674 758 730 confirmat
813 691 899 728 me
955 674 1205 728 Nicolaus
1258 674 1622 728 Damascenus
1679 673 1821 745 apud
1879 674 2024 730 Stoh.

50 765 235 822 Floril.
263 769 366 827 44,
409 766 516 826 40,
555 763 650 834 qui
687 779 753 815 ex
794 761 891 815 hoc
938 763 1113 832 capite
1162 761 1294 814 duos
1335 761 1475 816 locos
1515 763 1806 833 excerpsit:
1848 763 2028 818 ὑπανί-

23 875 240 917 ,ςανται
276 854 329 907 δὲ
367 854 437 919 τῷ
458 852 683 916 βασιλεῖ
714 849 909 910 πάντες
944 851 1080 911 πλὴν
1113 851 1211 902 τῶν
1247 848 1471 915 ἐφόρων,
1511 857 1562 903 et
1603 851 1773 915 ὀμνύει
1815 853 1867 906 δὲ
1907 853 2026 919 πρὸ

22 941 170 1013 ξτῆς
226 943 448 1009 ἀρχῆς
500 940 524 992 o‘
577 939 832 1004 βασιλεὺς
886 938 1029 991 κατὰ
1067 938 1183 997 τοὺς
1245 944 1336 999 τῆς
1395 936 1590 998 πόλεως
1652 938 1830 1002 νόμους
1875 941 2032 1005 βασι-

20 1014 273 1084 ἷλεύσειν.
353 1027 562 1095 Quanto
602 1025 701 1080 hoc
741 1026 961 1097 propius
1002 1023 1159 1078 fidem
1203 1025 1273 1078 sit
1318 1025 1374 1077 in
1416 1023 1555 1095 ques
1607 1025 1783 1078 iurare
1831 1027 2031 1096 Regem

56 1122 175 1171 tum
213 1132 379 1188 quum
427 1115 665 1186 primum
707 1129 935 1183 regnum
976 1113 1046 1165 sit
1103 1111 1470 1182 capessiturus
1530 1112 1643 1186 (πρὸ
1693 1120 1785 1174 τῆς
1841 1114 2032 1187 ἀρχῆς)

16 1217 28 1234 ··
55 1204 427 1275 unusquisque
463 1203 646 1256 sentit.
724 1199 922 1254 Eadem
974 1198 1175 1253 Nicolai
1216 1198 1376 1253 verba
1416 1199 1673 1253 mendum
1728 1201 1903 1255 inesse
1951 1218 2034 1255 ar-

24 1287 232 1363 'guunt
270 1292 326 1345 in
366 1292 462 1355 iis,
510 1306 647 1361 quae
689 1287 831 1360 apud
867 1286 1270 1358 Xenophontem
1322 1288 1579 1342 continuo
1633 1296 1968 1359 sequuntur:
2012 1291 2035 1343 ὃ

23 1381 110 1450 ςδὲ
147 1378 285 1448 ὅρκος
336 1379 412 1437 ἕςὶ
470 1380 540 1446 τῷ
592 1379 687 1443 μὲν
742 1378 964 1442 βασιλεῖ
1007 1375 1150 1430 κατὰ
1204 1377 1323 1437 τοὺς
1380 1383 1473 1439 τῆς
1519 1375 1717 1438 πόλεως
1778 1377 2036 1443 κειμένους

18 1467 236 1541 ῗνόμους
273 1467 626 1533 βασιλεύσειν.
707 1464 895 1520 Graeci
944 1464 1088 1519 enim
1137 1463 1386 1519 dicebant
1429 1472 1524 1518 aut
1577 1464 1720 1519 κατα
1767 1466 1884 1526 τοὺς
1942 1473 2037 1529 τῆς

57 1557 255 1618 πόλεως
295 1555 475 1622 νόμους
517 1561 611 1609 aut
648 1555 792 1608 κατα
830 1552 949 1613 τοὺς
990 1552 1248 1619 κειμένους
1305 1553 1522 1618 νόμους,
1578 1554 1905 1624 coniungere
1946 1571 2038 1608 au·

55 1651 166 1700 tem
208 1651 500 1715 utrumque
531 1659 634 1697 non
671 1648 882 1696 tantum
926 1641 1248 1696 inusitatum
1286 1641 1378 1696 sed
1419 1641 1695 1710 soloecum
1729 1643 1891 1697 etiam
1929 1649 2036 1698 est:

57 1734 137 1789 sic
190 1733 334 1788 enim
387 1731 600 1786 dativus
659 1731 1028 1801 requireretur
1088 1731 1231 1784 κατα
1290 1731 1407 1791 τοὺς
1459 1739 1538 1800 τῇ
1598 1730 1801 1785 πόλει
1868 1731 2040 1797 κειμέ-

57 1842 166 1883 νους
203 1819 400 1887 νόμους.
479 1819 666 1891 Itaque
712 1826 807 1872 aut
863 1825 955 1881 τῆς
1002 1817 1197 1878 πόλεως
1259 1817 1624 1874 inducendum
1665 1827 1747 1874 est
1798 1827 1891 1874 aut
1939 1841 2038 1875 κει·

55 1910 255 1977 μένους.

132 1998 378 2054 Graviter
416 1994 582 2050 officit
620 1994 918 2050 sententiae
969 1993 1287 2048 vocabulum
1338 1993 1457 2049 οἴκοι
1507 2010 1536 2048 a
1581 1994 1744 2048 sciolo
1792 2012 2040 2067 praepos-

58 2092 173 2140 tere
229 2085 492 2140 insertum
548 2084 604 2137 in
661 2085 797 2153 §8:
852 2080 1013 2137 αὗται
1061 2083 1156 2148 μὲν
1210 2079 1292 2136 οὖν
1331 2086 1387 2138 αἱ
1443 2082 1593 2148 τιμαὶ
1644 2082 1807 2156 [οἴκοι]
1856 2069 2073 2151 ζῶντι

21 2176 280 2243 ῑβασιλεῖ
312 2174 575 2237 δέδονται,
615 2178 1024 2226 enumeraverat
1071 2171 1215 2224 enim
1266 2170 1558 2242 Xenophon
1605 2170 1892 2241 diligenter
1949 2172 2039 2226 ho·

24 2262 246 2324 ‘norem
288 2261 381 2333 qui
422 2261 554 2331 Regi
592 2260 734 2313 domi
771 2259 1091 2330 militiaeque
1131 2257 1458 2313 haberentur
1511 2276 1622 2331 cap.
1661 2260 1783 2314 XIII
1823 2270 1875 2315 et
1916 2261 2040 2325 XV,

23 2347 195 2423 ‘quae
235 2351 290 2404 in
327 2349 560 2420 genuina
594 2347 716 2402 libri
766 2346 935 2402 forma
981 2347 1294 2400 continuata
1352 2346 1608 2413 fuerunt,
1663 2356 1715 2403 et
1757 2349 2041 2404 manifesto

57 2445 400 2511 opponuntur
439 2436 523 2492 his
564 2437 875 2508 sequentia:
927 2432 983 2490 αἳ
1023 2436 1075 2490 δὲ
1115 2437 1626 2499 τελευτήσαντι
1679 2438 1830 2503 τιμαὶ
1884 2439 2039 2504 βασι·

59 2534 148 2582 λεῑ
179 2527 422 2582 δέδονται.
501 2525 782 2580 Caeterum
820 2530 968 2595 patet
1011 2523 1303 2578 novissima
1340 2523 1536 2589 verba,
1579 2541 1715 2596 quae
1751 2542 1876 2581 casu
1922 2526 2043 2580 hex-

61 2622 327 2670 ametrum
369 2611 637 2690 efficiunt:

288 2705 405 2763 τοὺς
447 2701 862 2767 Λακεδαιμονίων
899 2701 1140 2766 βασιλεῖς
1182 2702 1645 2768 προτετιμήκασιν,

67 2792 192 2847 olim
237 2808 337 2846 non
378 2789 541 2846 luisse
581 2789 742 2844 libelli
797 2788 1127 2850 clausulam,
1173 2788 1262 2844 sed
1303 2788 1588 2860 diligenter
1627 2808 1654 2846 a
1698 2790 2046 2863 Xenophonte

59 2878 355 2951 descriptos
394 2895 510 2934 esse
565 2878 791 2933 honores
846 2878 976 2948 Regi
1031 2877 1419 2949 Spartanorum
1461 2879 1570 2932 vita
1623 2878 1806 2935 functo
1865 2880 2045 2935 solitos

65 2967 288 3033 haberi,
328 2967 431 3021 nisi
469 2966 605 3022 forte
655 2973 812 3039 putas
852 2965 1077 3020 honores
1122 2966 1280 3020 etiam
1332 2966 1643 3031 tenuioreS‚
1700 2969 1896 3040 quihus
1937 2970 2044 3022 vivi

31 3073 220 3133 freges
258 3053 640 3120 afficerentur,
683 3062 933 3110 accurate
973 3055 1282 3126 exposuisse
1324 3054 1763 3127 Xenophontem,
1805 3073 2044 3111 summos

70 3160 133 3201 ac
174 3159 338 3217 paene
385 3141 624 3206 divinos,
685 3142 879 3215 quibus
932 3149 1300 3197 mactarentur
1349 3150 1468 3215 post
1516 3153 1776 3210 mortem,
1833 3144 2045 3199 silentio

67 3233 440 3307 praeteriisse;
482 3230 587 3286 illis
622 3232 852 3304 denique
895 3231 947 3284 in
990 3229 1135 3286 calce
1175 3230 1296 3286 libri
1341 3231 1612 3303 probabile
1656 3240 1736 3288 est
1791 3231 2045 3287 nonnulla

68 3318 235 3376 fuisse
286 3319 492 3374 adiecta
542 3319 607 3376 de
661 3326 913 3392 corrupta
966 3325 1145 3375 vetere
1199 3318 1480 3391 disciplina
1531 3320 1893 3391 neglectisque
1944 3321 2044 3393 Ly-

72 3410 225 3480 curgi
267 3407 474 3479 legibus
504 3415 557 3463 et
591 3407 831 3463 moribus
870 3407 1203 3481 depravatiS,
1247 3426 1472 3481 quorum
1512 3426 1655 3463 nuuc
1691 3408 1853 3463 exiles
1887 3424 2044 3480 quae-

70 3493 189 3551 dam
233 3495 490 3567 reliquiae
526 3496 577 3550 in
629 3512 743 3567 cap.
785 3496 918 3551 XIV.
963 3498 1253 3568 supersint.

1617 3591 1659 3620 52
