2436 4068
1304 309 1373 359 96

344 449 619 522 multaque
660 448 778 504 alia.
860 451 1185 507 (it-assantur
1229 452 1282 504 in
1325 451 1497 522 poetis
1541 466 1776 521 quoque,
1818 451 2026 506 ubis’rr'
2057 454 2332 524 αὐτοφώρῳ

343 538 843 610 deprehenduntur.·
914 540 1138 596 Photius
1177 555 1230 595 v.
1272 539 1464 594 οὐσίαν.
1542 539 1771 599 Εὔπολις
1811 539 2048 595 Πόλεσιν.
2100 542 2203 604 Ὃς
2237 544 2328 605 τὴν

342 628 393 680 ἐν
430 628 703 695 Μαραθῶνι
742 626 1023 682 κατέλιπεν
1069 631 1190 694 ἡμῖν
1223 626 1416 681 οὐσίαν.
1498 626 1766 680 Porsonus
1801 627 2061 680 correxit:

646 711 697 775 ὃς
729 716 819 777 τὴν
857 718 1132 784 Μαραθῶνι
1167 715 1417 782 κατ-ἔλιφ’
1459 715 1581 779 ἡμῖν
1615 713 1794 767 οὐσίαν
1818 755 1830 768 .

342 802 434 856 sed
485 802 705 872 impune
744 801 920 857 adhuc
970 807 1264 875 peccarunt
1303 802 1359 856 in
1409 800 1783 872 Aristophanis
1837 799 2138 872 fragmento
2186 802 2327 873 apud

343 889 534 944 Athen.
575 888 666 942 111.
707 893 830 942 111.
869 889 930 944 A.

472 976 577 1031 καὶ
618 975 872 1042 κολλύραν
911 985 1042 1034 ’τοῖσι
1086 984 1299 1047 περῶσιν
1339 979 1424 1034 δια
1459 981 1576 1033 τούν
1612 976 1890 1045 Μαραθῶνι
1920 984 2189 1045 τροπαῖον.

341 1080 464 1118 nam
521 1080 587 1118 ne
633 1063 895 1134 Bergkius
934 1066 1152 1137 quidem
1193 1066 1375 1138 paruit
1422 1063 1676 1119 Elmsleio
1714 1063 1781 1118 ad
1835 1065 2067 1119 Acharn.
2105 1082 2183 1119 vs.
2218 1070 2326 1120 545

340 1152 642 1206 rectissime
689 1151 997 1208 emendanti
1046 1155 1131 1208 δια
1168 1158 1258 1209 τοῦ
1307 1154 1582 1220 Μαραθῶνι
1631 1152 1901 1219 τροπαίουε
1952 1169 2107 1207 nemo
2149 1159 2327 1207 tamen

340 1241 527 1310 capiet*
548 1255 804 1310 umquam
840 1240 969 1311 quid
1006 1242 1077 1295 sit
1107 1245 1268 1309 περῶν
1301 1242 1386 1295 δια
1425 1241 1483 1294 τὸ
1517 1245 1755 1306 τροπαῖον
1788 1246 1842 1294 et
1885 1256 2040 1293 nemo
2069 1257 2326 1311 umquam

338 1334 581 1381 veterum
634 1327 685 1380 ἐν
725 1330 1000 1395 Μαραθῶνι
1047 1328 1199 1382 dixit.
1292 1329 1479 1399 Itaque
1517 1327 1769 1381 Aeschini
1810 1331 2010 1383 Αὐλῶνι
2063 1328 2223 1384 redde
2271 1338 2325 1384 et

340 1414 537 1468 similia
573 1414 701 1468 vitia
737 1414 879 1485 apud
916 1415 1048 1470 alios
1088 1415 1252 1470 simili
1291 1417 1499 1470 ratione
1536 1415 1672 1469 tolle.

415 1502 586 1555 Locus
623 1502 901 1557 Menandri
946 1510 1000 1558 et
1051 1503 1117 1558 ab
1161 1503 1264 1558 alio
1302 1509 1356 1557 et
1403 1519 1434 1557 a
1483 1501 1781 1558 Scholiasta
1827 1502 2088 1575 Apollonii
2132 1502 2324 1558 Rhodii

338 1591 430 1644 Ill.
482 1594 608 1643 294.
645 1589 896 1646 laudatus
936 1590 1003 1646 ad
1044 1589 1521 1647 demonstrandum
1562 1588 1638 1645 ὅτι
1685 1592 1743 1646 τὸ
1795 1590 2077 1658 ἔναγχος
2123 1592 2319 1646 τίθεται

338 1677 424 1733 καὶ
467 1677 550 1732 ἐπὶ
586 1676 768 1745 χρόνου
809 1677 866 1731 in
903 1678 1081 1733 verbis
1117 1678 1275 1744 ἔγημ’
1307 1677 1534 1746 ἔναγχος
1570 1679 1820 1734 admonet
1861 1695 1947 1733 me
1986 1679 2086 1733 loci
2125 1680 2323 1734 misere
2374 1746 2379 1751 .

339 1767 612 1837 depravati
666 1766 721 1819 in
763 1766 1004 1820 oratione
1048 1765 1304 1821 Dinarchi
1353 1767 1496 1821 κατα
1542 1766 1913 1832 Δημοσθένους.
1974 1765 2013 1840 3
2052 1770 2139 1820 54.
2183 1767 2321 1822 οὐδὲν

337 1853 480 1915 οὗτος
511 1855 765 1922 χρήσιμος
805 1855 931 1908 ἀλλ’
973 1854 1001 1917 ἢ
1036 1861 1141 1915 τοῖς
1183 1856 1380 1922 ἐχθροῖς
1415 1854 1558 1908 κατὰ
1598 1861 1690 1917 τῆς
1731 1854 1928 1916 πόλεως
1971 1862 2192 1917 συςῆσαι
2228 1875 2320 1909 κα·

335 1943 591 2004 ταῦ-κενὴν
626 1943 800 2011 ἑτέραν
838 1939 916 1996 οἵα
945 1943 1028 1995 ἐπ’
1064 1944 1215 2007 αἰγὸς
1246 1943 1450 2007 ἐγένετο
1479 1940 1566 1997 ὅτε
1600 1941 1995 2007 Λακεδαιμόνιοι
2025 1943 2118 2007 μὲν
2151 1940 2320 1997 ἅπαν-

335 2053 423 2093 τες
464 2029 877 2098 ἐξεςροὶτευσαν,
930 2030 1140 2098 Ἀχαιοὶ
1176 2030 1228 2085 δὲ
1267 2030 1355 2084 καὶ
1389 2032 1580 2085 Ἠλεῖοι
1621 2036 1717 2084 τῶν
1757 2030 2089 2096 πραγμάτων
2129 2031 2319 2085 ἐκοινώ-

337 2139 481 2182 νουν,
531 2120 758 2186 ὑπῆρχον
801 2119 853 2172 δὲ
893 2116 1019 2181 ξένοι
1065 2119 1228 2185 μύριοι
1253 2160 1270 2181 ,
1323 2117 1658 2186 Ἀλέξανδρος
1707 2118 1758 2172 δὲ
1799 2119 1850 2171 ἐν
1890 2119 2059 2179 Ἰνδοῖς
2104 2118 2159 2182 ἦν
2209 2119 2316 2173 κτὲ.

336 2206 504 2262 Nauci
540 2222 644 2258 non
687 2211 813 2259 sunt
852 2205 906 2258 in
947 2204 1033 2259 his
1072 2207 1155 2259 ἐπ’
1195 2206 1377 2270 αἰγός,
1422 2212 1476 2258 at
1519 2205 1684 2260 nihilo
1721 2205 1913 2261 melius
1953 2207 2035 2259 ἐπ’
2067 2207 2318 2272 Ἄγιδος,

337 2293 477 2366 quod
512 2291 907 2363 Wesselingius
938 2292 1006 2346 ad
1038 2293 1189 2348 Diod.
1222 2293 1324 2347 Sic.
1353 2292 1516 2346 XVII.
1548 2296 1618 2346 62
1654 2292 2016 2365 reponendum
2053 2311 2167 2349 esse
2195 2312 2314 2349 cen·

335 2382 481 2445 suit,
523 2370 818 2452 numquam
860 2380 1003 2434 enim
1044 2380 1134 2435 ἐτι-ι’
1159 2400 1290 2441 τινος
1332 2379 1532 2434 dicitur
1566 2379 1630 2435 de
1664 2398 1756 2444 eo,
1798 2381 1890 2451 qui
1931 2397 2053 2435 cum
2089 2382 2316 2453 imperio

335 2477 415 2524 est
445 2468 510 2523 ad
542 2466 902 2521 definiendum
934 2484 1164 2532 annum,
1204 2485 1308 2539 quo
1345 2467 1542 2521 bellum
1573 2469 1643 2521 sit
1672 2473 1902 2538 gestum.
1962 2469 2143 2540 Neque
2173 2469 2318 2524 domi

337 2573 509 2628 neque
558 2555 782 2609 militiae
834 2556 916 2609 ἐπ’
959 2556 1177 2620 ’Ἄγιδος
1227 2562 1373 2610 recte
1421 2555 1626 2609 dictum
1681 2556 1817 2610 erit:
1879 2556 2045 2610 libera
2093 2557 2315 2612 Graecia

336 2660 519 2700 eorum
558 2649 799 2707 tantum,
841 2643 936 2714 qui
974 2645 1234 2710 ἐπώνυμον
1274 2645 1443 2711 ἀρχήν
1481 2643 1736 2714 gerebant
1775 2642 2059 2711 ἄρχοντος,
2101 2646 2313 2714 ἐφόρου,

332 2731 710 2800 ἱερομνάμονος,
752 2732 1113 2800 ςεφαννιφόρου
1135 2774 1150 2796 ,
1191 2731 1520 2798 πρυτανιδος,
1562 2731 1784 2798 κόσμου,
1807 2732 2061 2797 aliorum,
2095 2735 2311 2789 nomina

333 2829 478 2876 recte
531 2837 654 2874 cum
691 2820 779 2874 ἐτι-ι’
812 2820 1219 2889 coniunguntur
1253 2820 1305 2872 in
1345 2819 1616 2874 historicis
1650 2820 1864 2892 quidem
1908 2828 1960 2875 ct
1999 2820 2313 2875 Oratoribus

334 2915 388 2963 et
440 2907 722 2972 omnibuS,
771 2907 863 2978 qui
916 2907 1053 2961 serio
1103 2906 1398 2978 loquuntur
1444 2914 1497 2962 et
1536 2909 1777 2980 populari
1822 2910 2005 2980 lingua
2050 2916 2310 2964 utuntur:

334 2994 1028 3068 quamobreme'w''‘A713oc;
1066 2993 1232 3048 nihilo
1267 2997 1450 3050 sanius
1480 3004 1561 3050 est
1593 3013 1755 3068 quam
1792 2999 1874 3051 ἐπ’
1900 2998 2069 3063 αἰγός.
2149 2997 2311 3068 Equi·

334 3083 455 3138 dem
503 3083 557 3135 in
598 3089 911 3136 ΕΠΑΙΓΟΣ
959 3081 1127 3136 latere
1170 3084 1414 3154 suspicor
1452 3092 1790 3139 ΕΝΑΓΧΟΣ
1831 3084 2057 3154 ἔναγχος
2093 3093 2146 3140 et
2194 3091 2310 3140 erat

333 3172 520 3241 utique
560 3169 929 3223 recentissima
960 3169 1122 3223 huius
1156 3171 1235 3225 rei
1268 3172 1558 3234 memoria,
1601 3189 1767 3243 quum
1806 3177 1858 3228 in
1899 3173 2305 3228 Demosthenem

332 3258 624 3314 adversarii
676 3255 913 3327 undique
965 3258 1227 3329 impetum
1267 3257 1526 3314 fecerunt.
1604 3261 1794 3315 Paucis
1841 3269 1964 3318 ante
2008 3263 2161 3316 annis
2196 3268 2308 3318 tola
2392 3266 2394 3268 ’

333 3346 554 3402 Graecia
593 3349 843 3399 eventum
883 3342 1045 3397 huius
1081 3345 1204 3399 belli
1241 3347 1399 3400 anxia
1433 3356 1831 3420 exspectaverat
1862 3357 1913 3404 et
1953 3352 2006 3403 in
2044 3351 2306 3406 invidiosa

330 3434 493 3489 huius
527 3432 606 3486 rei
645 3430 914 3485 mentione
946 3431 1114 3486 satius
1146 3440 1259 3487 erat
1293 3434 1470 3491 dicere
1505 3435 1584 3491 οἵα
1613 3437 1839 3505 ἔναγχος
1871 3438 2099 3502 ἐγένετο,
2141 3456 2301 3509 quam

331 3520 554 3592 Agidem
578 3521 869 3575 nominare.
912 3519 1171 3585 Quoniam
1210 3520 1437 3591 ἔναγχος
1480 3526 1533 3578 in
1577 3525 1981 3579 desuetudinem
2013 3525 2214 3580 abierat
2251 3535 2304 3582 et

331 3617 435 3671 τοῖς
472 3611 690 3671 ἰδιώταις
714 3615 829 3666 erat
870 3606 1202 3678 incognitum
1226 3650 1240 3673 ‚
1282 3609 1434 3665 facile
1475 3611 1588 3667 fieri
1611 3613 1783 3684 potuit
1806 3620 1866 3669 ut
1901 3613 2299 3687 depravaretur.

2430 3666 2436 3800 l
