2436 4068
1313 230 1417 280 264

448 377 727 448 Sequiores
763 381 1067 448 praetcrea,
1108 373 1199 442 qui
1237 388 1421 425 omnes
1461 387 1614 442 saepe
1650 372 1878 435 οξκούσω,
1922 375 2062 443 ᾄσω,
2103 374 2343 440 γελάσω,

368 468 572 533 βοήσω,
612 464 911 533 similiaque
958 460 1127 514 multa
1166 465 1351 512 contra
1390 465 1720 513 constantem
1767 460 2018 515 Veterum
2068 479 2225 516 usum
2267 463 2344 516 di-

369 554 595 615 cebant,
649 554 703 605 in
753 550 929 604 certis*
964 546 1282 619 quibusdam
1326 546 1500 600 verbis
1550 547 1826 617 antiquam
1869 547 2078 602 dicendi
2124 567 2344 604 consue·

371 642 611 695 tudinem
652 638 920 692 contrario
959 653 1138 690 errore
1178 634 1607 707 corrumpebant.
1688 634 1906 688 Veteres
1962 653 2144 691 omnes
2203 654 2346 692 sum-

372 746 458 783 ina
512 727 809 782 constantia
863 724 1107 779 dixerant
1153 723 1403 788 τεθνήξω,
1458 731 1512 777 at
1567 724 1656 776 isti
1713 721 2014 787 τεθνήξομαι
2061 723 2344 780 dicebant:

372 818 590 869 Veteres
643 812 802 877 ἐςήξω
843 819 896 866 et
932 813 1065 880 ζήσω
1116 818 1169 866 et
1219 812 1358 874 λήσω
1415 810 1787 881 usurpabant,
1843 811 2114 881 sequiores
2160 820 2347 867 contra

373 904 617 969 ἒςήξομαι
667 910 719 956 et
773 901 993 969 ζήσομαι
1035 907 1088 954 et
1126 901 1351 966 λήσομαι
1394 915 1587 970 magno
1642 915 1904 952 consensu
1945 898 2122 953 dicere
2166 917 2347 971 coepe·

374 999 520 1046 runt.
616 989 830 1044 Licebat
878 990 944 1042 iis
996 987 1156 1060 patrii
1210 988 1470 1042 sermonis
1524 986 1887 1040 sinceritatem
1942 1003 2038 1040 suo
2085 986 2350 1042 arbitratu

375 1079 623 1135 omnibus
674 1077 845 1132 modis
885 1077 1288 1139 contaminare,
1347 1076 1476 1129 satis
1517 1075 1619 1128 erit
1661 1074 1706 1126 si
1755 1090 1817 1127 ca
1869 1091 1955 1128 res
1997 1091 2092 1129 nos
2132 1092 2233 1129 non
2277 1074 2348 1129 fe-

375 1169 568 1224 fellerit
608 1182 780 1237 neque
817 1164 1019 1236 aliquid
1061 1165 1315 1218 Veterum
1353 1163 1569 1234 scriptis
1608 1169 1850 1233 apportet
1881 1162 2024 1215 mali.
2105 1162 2207 1216 Sed
2244 1179 2348 1216 non

375 1260 449 1312 ita
490 1256 700 1311 evenit:
741 1260 982 1324 grassata
1023 1259 1099 1307 est
1146 1268 1279 1305 nova
1318 1250 1462 1305 labes
1503 1251 1555 1303 in
1597 1250 1865 1320 plerisque
1899 1249 2146 1304 omnibus
2197 1251 2350 1305 Anti-
2410 1280 2413 1281 ν

375 1345 599 1417 quitatis
641 1342 1035 1397 monumentis:
1077 1346 1156 1393 est
1196 1355 1385 1410 operae
1423 1338 1653 1409 pretium
1693 1338 1746 1390 in
1782 1354 1888 1390 uno
1927 1338 1979 1391 id
2021 1338 2351 1392 demonstra-

375 1451 451 1488 re.
533 1432 673 1486 Satis
723 1435 931 1485 constat
982 1428 1187 1482 Atticos
1223 1426 1348 1480 olim
1401 1425 1833 1480 constantissime
1881 1425 2077 1480 dixisse
2134 1425 2349 1490 τεθνήξω

380 1523 463 1596 (ut
495 1520 655 1585 ἑςήξω
693 1535 756 1572 ex
788 1515 950 1579 ἕςήκα
991 1515 1291 1569 formarunt
1319 1521 1372 1569 et
1404 1531 1468 1568 ex
1496 1512 1665 1577 ἔοικα,
1703 1512 1916 1578 εἰκέναι,
1956 1513 2152 1587 erza),
2193 1531 2351 1568 num-

376 1626 537 1682 quam
577 1605 909 1671 τεθνήξομαιε
951 1620 1037 1658 res
1076 1610 1222 1657 certa
1262 1619 1406 1656 nunc
1441 1607 1521 1656 est
1555 1608 1607 1654 et
1642 1599 1968 1657 indubitata:
2013 1602 2353 1673 experiamur

376 1700 546 1769 igitur
586 1697 638 1749 in
674 1711 736 1749 ea
775 1691 1027 1747 Codicum
1069 1689 1226 1745 fidem
1268 1697 1321 1746 et
1359 1695 1620 1761 quantum
1662 1688 1728 1742 iis
1778 1689 1945 1743 tribui
1992 1690 2157 1761 possit
2197 1689 2356 1744 aesti-

377 1801 604 1840 memus,
696 1782 756 1836 In
811 1777 1245 1834 Acharnensibus
1303 1777 1797 1849 praestantissimus
1849 1776 2022 1831 Codex
2072 1777 2353 1832 Ravennas

378 1892 453 1928 νε.
478 1876 606 1928 565.
649 1869 790 1942 apud
821 1868 1121 1922 Bekkerum
1155 1865 1366 1920 exhibet
1395 1866 1620 1928 τεθνήσει
1662 1881 1880 1936 prorsus
1915 1864 2166 1922 barbare:
2209 1866 2349 1922 idem

378 1964 432 2016 in
481 1959 722 2015 Nubibus
759 1960 920 2011 1418.
976 1960 1152 2009 servat
1199 1955 1261 2009 σὺ
1315 1955 1358 2008 δ’
1393 1953 1634 2022 ἐγχανὼν
1690 1952 1911 2016 τεθνήξει
1969 1955 2198 2025 pessime
2258 1972 2354 2026 pro

374 2049 644 2114 τεθνήξεις.
724 2047 784 2101 In
822 2045 1009 2115 Vespis
1047 2042 1187 2096 idem
1229 2058 1304 2094 vs.
1347 2044 1474 2095 654.
1515 2044 1604 2096 οὐκ
1644 2040 1746 2098 ἔςιν
1786 2038 1919 2102 ὅπως
1965 2043 2081 2110 οὐχὶ
2121 2044 2346 2107 τεθνήσει

374 2140 602 2211 repetito
639 2134 863 2190 immani
897 2131 1244 2186 barbarismo,
1328 2129 1528 2183 Unicus
1563 2136 1643 2183 est
1683 2129 1822 2200 apud
1863 2129 2135 2185 Comicum
2170 2130 2351 2196 locuS,

375 2228 428 2281 in
468 2243 572 2298 quo
612 2223 735 2276 libri
779 2237 883 2274 non
925 2225 1052 2272 sunt
1092 2216 1395 2288 interpolati
1437 2218 1490 2270 in
1532 2215 1762 2270 Acharn.
1802 2220 1928 2271 325.

677 2314 742 2371 ὥς
778 2306 1022 2371 τεθνήξων
1063 2306 1159 2360 ἴσθι
1199 2305 1304 2359 νυνί
1323 2324 1335 2358 :
1376 2301 1621 2380 δήξομᾶρ’
1661 2306 1799 2370 ὑμᾶς
1839 2305 1959 2369 ἐγώ.

451 2403 509 2456 In
552 2399 786 2455 Platonis
826 2396 1017 2466 Gorgia
1073 2411 1123 2465 p.
1162 2397 1270 2447 469
1313 2393 1370 2447 D.
1426 2392 1517 2446 ἐὰν
1558 2390 1658 2460 ἄρα
1699 2391 1809 2457 ἐμοὶ
1851 2391 1968 2462 δόξῃ
2005 2393 2123 2447 τινα
2158 2394 2349 2449 τούτων

374 2489 610 2547 τεθνάναι
651 2484 954 2549 τεθνήξει
998 2480 1141 2543 οὗτος
1182 2479 1233 2536 ὃν
1273 2481 1336 2536 ἂν
1371 2480 1524 2549 δόξῃ,
1567 2480 1631 2534 ad
1682 2496 1840 2551 quem
1895 2481 2151 2550 magister
2190 2498 2350 2535 anno-

374 2579 541 2634 tavit:
601 2572 943 2638 τεθνήξεις
1017 2572 1334 2639 ἐνεργητικὸν
1403 2567 1520 2622 οὲντὶ
1589 2568 1870 2630 παθητικοῦ
1943 2568 2350 2632 τεθνήξεται

374 2666 719 2734 καινοπρεπῶς
759 2660 1086 2729 παρελήφθη.
1166 2659 1393 2713 Doctum
1440 2654 1617 2710 hercle
1657 2654 1926 2710 hominem
1969 2663 2020 2710 et
2061 2658 2350 2728 antiquita·

375 2756 447 2810 tis
506 2752 665 2826 probe
721 2749 981 2822 gnarum!
1060 2745 1369 2801 Ridiculum
1427 2751 1506 2799 est
1567 2742 1699 2797 illud
1753 2749 2131 2812 καινοπρεπῶςε
2194 2762 2349 2800 nemo

374 2843 630 2897 Veterum
689 2853 946 2909 umquam
1001 2835 1158 2890 aliter
1208 2834 1452 2895 dixerat,
1512 2830 1650 2903 quod
1706 2831 1806 2886 iste
1857 2831 2144 2888 nesciebat.
2232 2833 2348 2887 Noli

375 2930 564 2989 mirari
606 2944 779 2989 nunc,
821 2923 962 2997 quod
1004 2925 1056 2977 in
1112 2922 1298 2976 multis
1337 2920 1496 2976 Codd.
1538 2918 1832 2984 τεθνήξεται
1879 2919 2092 2990 legitur.
2173 2919 2347 2975 Simili

375 3017 530 3074 modo
570 3015 628 3070 fit
662 3016 714 3068 in
757 3013 1012 3076 caeteriS‚
1053 3011 1145 3066 ubi
1184 3010 1341 3081 longa
1381 3009 1493 3063 dies
1532 3007 1812 3062 verborum
1855 3006 2052 3060 formas
2104 3015 2345 3063 mutave-

376 3114 478 3163 rat.
567 3103 762 3167 Ἑςήξω
818 3109 975 3156 vetus
1021 3107 1072 3155 et
1125 3098 1370 3164 ἑςήξομαι
1426 3096 1695 3150 novicium
1755 3093 1973 3148 confusa
2030 3094 2150 3149 vide
2206 3095 2346 3166 apud

373 3193 687 3251 Elmsleium
723 3189 791 3244 ad
831 3189 1059 3244 Acharn.
1092 3190 1216 3242 598.
1295 3184 1406 3238 Non
1450 3183 1542 3237 diu
1575 3182 1843 3236 dubitabis
1881 3183 2050 3253 igitur
2085 3183 2137 3236 in
2174 3183 2346 3255 lphig.

376 3281 554 3339 Aulid.
590 3284 717 3335 675.
759 3276 1017 3331 scribere:

679 3367 798 3422 εἴσει
841 3365 931 3428 σύ,
970 3364 1220 3432 χερνίβων
1261 3362 1364 3428 γὰρ
1406 3358 1677 3422 ἓςήξεις
1718 3358 1886 3419 πέλας
1916 3401 1927 3421 ,

379 3467 430 3516 et
489 3457 682 3530 quibus
736 3453 991 3510 debeatur
1047 3452 1304 3506 librorum
1356 3449 1623 3519 scriptura
1679 3446 1844 3509 ἑςήξει
1901 3446 2080 3500 statim
2141 3448 2342 3518 perspi-

378 3564 501 3602 cies».
