2436 4068
1262 215 1329 251 XX

309 352 434 409 buin
484 363 589 409 tam
652 372 773 410 acre
814 372 874 410 ac
917 354 1194 409 vehemens
1238 362 1295 406 ut
1341 353 1471 406 nihil
1533 331 1815 425 superaddi
1879 355 2062 426 possit.
2142 353 2275 408 Ana-

309 455 591 510 xandrides
629 455 882 510 Athenaei
922 455 1007 508 XI.
1050 469 1167 523 pag.
1211 456 1334 506 481.

1246 552 1446 618 μεγάλ’
1488 552 1601 613 ἴσως
1646 554 1859 620 ποτήρια

609 655 856 723 ἐκάρωσεν
898 655 1052 719 ὑμᾶς.
1095 663 1150 707 Β.
1192 655 1593 721 ἀνακεχαίτικεν
1635 655 1727 719 μὲν
1768 651 1868 709 οὖν.

385 755 624 810 Proderit
665 755 817 827 plane
858 753 998 808 idem
1040 753 1300 815 emblema
1343 753 1482 825 apud
1522 754 1809 808 Isocratem
1851 768 1973 807 cum
2030 742 2144 806 loco
2179 753 2274 807 De-

302 857 596 910 mosthenis
655 855 1031 926 composuisse.
1132 853 1397 924 Vulgatur
1463 852 1603 924 apud
1672 853 1956 907 Isocratem
2020 853 2074 906 in
2131 850 2276 907 Orat.

309 956 419 1010 Vll.
479 959 506 1026 ᾗ
553 959 650 1010 12:
713 955 888 1010 οὐδένα
941 954 1116 1022 χρόνον
1173 954 1270 1016 τὰς
1312 953 1563 1021 εὐτυχίας
1615 959 1909 1019 κατασχεῖν
1971 953 2278 1018 ἠδυνήθημεν

308 1058 454 1110 άλλα
503 1057 709 1124 ταχέως
769 1055 1282 1126 διεσκαριφησάμεθα
1332 1053 1440 1126 [καὶ
1494 1053 1830 1129 διελύσαμεν]
1894 1052 2081 1114 αὐτάς.
2164 1052 2278 1106 Non

306 1157 673 1228 intelligebant
714 1158 987 1229 sequiores
1026 1156 1245 1211 verbum
1295 1156 1533 1227 priscum
1586 1161 1637 1209 et
1679 1155 2016 1208 rarissimum
2067 1155 2278 1208 διασκα-

303 1259 591 1326 ριφεῖσθαι,
646 1257 785 1328 quod
841 1265 1040 1311 temere
1093 1258 1479 1328 interpretatur
1532 1255 1914 1327 Harpocration
1955 1255 2013 1309 τὸ
2070 1254 2279 1309 ἐπελθόν

305 1357 369 1411 de
412 1374 556 1412 more
595 1359 853 1414 scribenS.
931 1357 1093 1412 Paulo
1145 1357 1338 1412 melius
1392 1356 1616 1421 SuidaS,
1671 1357 1763 1428 qui
1808 1373 1871 1411 ex
1924 1362 2102 1410 vetere
2141 1355 2278 1420 λέξει

304 1461 530 1527 ῥητορικῇ
572 1458 887 1530 exscripsit:
945 1456 1630 1527 Διεσκαριφησάμεθα
1684 1457 1798 1511 dur)
1855 1461 1943 1511 τοῦ
1995 1457 2281 1512 διελύσα-

307 1579 439 1622 μεν.
520 1557 681 1612 Vides
719 1559 827 1613 iam
881 1576 941 1614 ac
983 1559 1229 1614 manibus
1274 1566 1420 1613 tenes
1461 1558 1514 1612 id
1554 1557 1692 1613 unde
1733 1556 1985 1612 Codicum
2039 1558 2281 1611 omnium

307 1659 631 1730 scripturam
669 1659 1039 1732 interpolatam
1078 1677 1193 1715 esse
1233 1659 1623 1714 contendimus,
1703 1659 1984 1713 Caeterum
2022 1659 2123 1725 ista
2158 1675 2283 1730 quo-

307 1776 410 1829 que
470 1760 842 1831 interpretatio
896 1778 1001 1814 non
1061 1767 1145 1815 est
1206 1777 1346 1816 vera.
1443 1760 1578 1828 Quid
1636 1761 1706 1815 sit
1768 1758 2280 1828 διεσκαριφησάμεθα

309 1859 606 1932 Hesychius
645 1860 959 1915 emendatus
1000 1862 1198 1932 optime
1238 1860 1466 1916 docebit.
1549 1861 1773 1916 Editur:
1817 1863 2282 1928 Διασκαριφῆ-

313 1981 399 2014 σαι
422 1961 505 2015 ἐπὶ
548 1962 718 2028 ὀρνέων
756 1967 852 2016 τῶν
889 1969 994 2022 τοῖς
1026 1960 1158 2026 ὄνυξι
1191 1961 1539 2016 σκαλευόντων
1573 1964 1665 2025 τὴν
1704 1969 1802 2027 γῆν
1837 1963 2009 2030 κυρίως
2033 1961 2283 2026 λέγεται,

310 2070 363 2116 et
420 2062 696 2132 sequitur:
758 2061 1261 2116 Διασκεδάσειε
1337 2063 1681 2129 διασκορπίσει
1744 2064 1896 2133 quasi
1961 2060 2090 2117 haec
2149 2078 2284 2117 nova

309 2162 483 2233 glossa
522 2170 660 2217 esset
697 2179 760 2216 ex
797 2163 1018 2234 antiquo
1059 2163 1321 2234 scriptore
1363 2169 1561 2218 sumta.
1642 2161 1744 2216 Sed
1787 2163 2004 2217 Veteres
2038 2162 2281 2217 διασκεδῶ

310 2261 558 2317 dicebant
597 2268 648 2316 et
688 2263 1009 2318 κατασκεδῶ.
1091 2261 1471 2333 Coniungenda
1529 2261 1659 2316 haec
1716 2269 1844 2316 sunt
1892 2262 1946 2315 in
2005 2280 2172 2318 unum
2225 2271 2282 2317 ut

308 2364 713 2432 διασκαριφῆσαι
758 2363 970 2418 dicatur
1007 2380 1124 2418 esse
1162 2362 1532 2429 διασκεδάσαι,
1572 2363 1944 2431 διασκορπίσαι.
2024 2364 2283 2436 Corrupte

310 2463 610 2536 Hesychius
650 2463 753 2518 alio
804 2463 951 2519 loco:
1014 2466 1506 2533 Σκαρφοῖσθαιτ
1561 2462 1922 2518 σκεδάννυσθαι
1961 2481 2056 2536 pro
2096 2474 2281 2534 Σκαρι·

307 2566 542 2633 φάσθαι,
602 2565 693 2619 sed
746 2573 891 2620 recte
933 2565 1081 2636 ponit
1137 2563 1518 2619 σκεδάννυσθαι.
1599 2564 1712 2619 Non
1757 2563 1914 2618 aliter
1958 2567 2100 2620 enim
2142 2565 2282 2622 dice-

308 2665 436 2720 bant
476 2666 695 2720 Veteres
739 2683 898 2736 quam
938 2665 1282 2731 σκεδάννυμι,
1323 2665 1714 2731 διασκεδάννυμι
1739 2708 1754 2728 ,
1796 2665 2282 2732 κατασκεδάννυμι,

309 2773 362 2820 et
411 2765 564 2820 nihili
619 2766 818 2820 formae
877 2774 1004 2820 sunt
1057 2766 1341 2821 διασκεδάω
1391 2774 1443 2821 et
1497 2765 1814 2834 διασκεδάζω
1868 2766 1925 2820 in
1966 2765 2283 2822 Graecitatis

310 2883 495 2936 gazam
552 2866 851 2921 inconsulto
906 2873 1167 2938 receptae.
1244 2867 1346 2922 Sed
1406 2866 1535 2921 haec
1587 2866 1774 2921 obiter.
1855 2867 1950 2921 His
2008 2867 2176 2938 igitur
2233 2873 2286 2923 et

310 2965 592 3037 permultis
632 2967 750 3021 aliis
793 2966 1179 3021 eiusdemmodi
1222 2968 1391 3021 l'retus
1427 2985 1529 3021 non
1569 2966 1797 3021 multum
1835 2983 2048 3021 moveor
2082 2967 2284 3023 voculis

311 3075 361 3120 et
400 3066 628 3138 querelis
683 3084 866 3121 eorum
920 3067 1013 3138 qui
1064 3069 1178 3122 sine
1231 3069 1436 3122 ratione
1490 3067 1622 3121 mihi
1673 3067 2050 3138 obloquuntur.
2131 3067 2284 3124 Valet

310 3169 618 3221 etiamnunc
675 3166 814 3237 quod
870 3168 921 3220 in
966 3167 1164 3222 Graeco
1205 3168 1588 3239 epigrammate
1641 3174 1722 3222 est
1775 3166 1916 3239 apud
1955 3166 2097 3222 Stob.
2139 3167 2279 3222 Flor.

313 3272 379 3323 82
403 3311 417 3334 ,
459 3273 489 3323 5
514 3289 524 3323 :
932 3271 942 3280 “

538 3375 744 3429 πολλοῖς
787 3369 1077 3433 άντιλέγειν
1117 3369 1211 3435 μὲν
1253 3368 1353 3430 ἔθος
1395 3369 1505 3436 περὶ
1549 3371 1741 3430 παντὸς
1781 3368 1958 3434 ὁμοίως
1983 3412 1995 3433 ,

614 3470 754 3536 ὀρθῶς
793 3468 834 3523 δ’
876 3469 1166 3535 ἀντιλέγειν
1207 3469 1371 3524 οὐκέτι
1413 3472 1552 3524 τοῦτ’
1594 3471 1643 3522 ἐν
1683 3468 1795 3524 ἔθει.
