2436 4068
1033 255 1130 303 171

539 398 921 464 Συμπνευσμός
939 417 951 452 :
991 396 1215 463 ὁμόνοια.

82 490 260 559 Quum
300 485 445 541 aliud
482 487 551 540 sit
590 495 851 552 συμπλεῖν
891 485 1037 540 aliud
1072 486 1292 551 ὁμονοεῖν
1339 483 1485 539 nullo
1526 488 1740 557 negotio
1781 489 1884 542 viri
1924 486 2067 542 docti
2151 478 2410 506 ⁹

79 593 260 634 veram
294 575 580 630 lectionem
617 581 960 646 repererunt,
1000 590 1136 644 quae
1170 580 1250 627 est
1285 575 1754 640 συμπνευσάντων,
1796 575 1886 630 sed
1926 575 2078 630 unde·

82 665 255 738 glossa
290 670 471 717 sumta
522 670 664 717 esset
699 678 855 716 nemo
892 668 1099 733 poterat
1152 662 1389 732 reperire
1402 677 1418 727 ;
1458 663 1585 733 quia
1629 663 1754 718 olim
1791 665 1847 718 in
1886 663 2073 736 depra-

77 759 202 808 vata
233 752 505 822 scriptura
545 749 743 805 latebat
790 748 932 820 apud
985 749 1399 804 Demosthenem
1436 750 1501 806 de
1541 769 1737 807 corona
1781 769 1899 825 pag.
1940 755 2068 807 284.

78 844 145 902 ὥς
183 840 286 895 οὐδ’
324 837 391 893 ἂν
426 838 476 892 εἴ
510 860 561 892 τι
590 838 786 903 γένοιτο
822 836 898 892 ἔτι
948 838 1514 902 συμπνευσόντων
1564 840 1628 895 ἂν
1667 844 1804 908 ἡμῶν
1845 841 1932 895 καὶ
1973 845 2072 894 τῶν

79 928 355 995 Θηβαίων,
398 925 540 997 quod
580 941 908 998 quamquam
949 941 1170 997 prorsus
1208 932 1350 980 esset
1396 925 1688 983 barbarum
1744 935 1926 984 tamen
1981 945 2069 984 ne·

73 1018 187 1074 scio
226 1013 495 1087 quomodo
537 1015 854 1069 criticorum
896 1029 1123 1068 acumen
1168 1012 1344 1067 adhuc
1385 1012 1664 1085 effugerat.

151 1103 303 1173 Quod
343 1101 519 1157 fertur
557 1102 754 1158 dixisse
806 1101 1191 1174 Aristophanes
1228 1101 1284 1154 in
1332 1101 1561 1157 Bekkeri
1598 1104 1799 1160 Anecd.
1840 1122 1890 1176 p.
1932 1108 2070 1170 427,

45 1197 111 1262 „5
148 1192 532 1260 ἀποβροχθίσαι
583 1208 680 1264 pro
727 1192 1032 1247 καταπίνειν
1086 1189 1203 1245 fieri
1259 1207 1364 1244 non
1411 1197 1586 1262 potest
1637 1198 1699 1246 ut
1748 1209 1938 1246 verum
1979 1195 2067 1249 sit.

43 1282 221 1339 -lbixit
272 1282 728 1349 καταβροχθίσαι,
782 1286 843 1334 ut
893 1278 1073 1334 etalii
1123 1278 1324 1350 passim
1376 1285 1430 1332 et
1479 1279 1592 1350 ipse
1634 1279 1761 1334 alibi
1810 1279 2070 1351 loquitur.

13 1350 26 1366 ’
70 1370 482 1438 ’Λποβροχθίο-αι
536 1375 648 1423 tam
698 1368 954 1422 vitiosum
995 1372 1077 1421 est
1116 1382 1178 1420 ac
1219 1367 1265 1421 si
1298 1367 1422 1438 quis
1455 1368 1726 1424 ἀποπίνειν
1774 1367 1933 1424 vellet
1973 1386 2069 1441 pro

74 1459 382 1514 καταπίνειν
419 1457 616 1512 dicere.

78 1579 82 1582 ·
148 1544 455 1618 Repetenda
493 1543 699 1619 syllaba
750 1551 833 1599 est
881 1545 935 1597 in
982 1541 1358 1615 Aristophanis
1406 1545 1618 1600 senario
1676 1543 1818 1616 apud
1867 1544 2062 1602 Athen.

45 1650 127 1708 ,μ
163 1636 291 1689 422.
325 1633 389 1689 Ε.

450 1722 541 1785 ἤδη
582 1728 837 1788 παροινεῖς
875 1722 970 1786 ἐμὲ
1011 1720 1126 1788 πρὶν
1165 1719 1506 1775 δεδειπνάναι.

69 1811 249 1866 scriba
295 1810 425 1866 dare
472 1809 715 1865 voluerat
768 1815 1020 1877 παροινεῖς
1066 1810 1137 1869 εἷς
1174 1808 1298 1874 ἐμέ,
1352 1815 1509 1881 poeta
1549 1808 1769 1865 dederat
1810 1817 2063 1878 παροινεῖς

72 1901 126 1960 ἐς
165 1899 282 1966 ἐμὲ.

149 1986 523 2060 Aristophanis
560 1986 925 2059 fragmentum
961 1983 1103 2057 apud
1141 1983 1333 2039 Athen.
1371 2001 1421 2056 p.
1469 1989 1632 2041 1561.
1674 1984 1772 2041 Ed.
1811 1986 1968 2042 Dind.
2008 1994 2064 2044 et

73 2075 373 2130 scribarum
416 2075 655 2130 socordia
699 2075 928 2147 pessime
965 2073 1316 2145 depravatum
1358 2079 1441 2127 est
1481 2080 1534 2127 et
1569 2090 1786 2139 eorum,
1827 2077 1921 2148 qui
1961 2076 2061 2132 dir-

72 2163 265 2219 flcilem
307 2163 452 2219 lectu
491 2163 666 2217 locum
710 2162 847 2216 male
881 2162 1143 2232 legerunt.
1202 2160 1465 2230 Bergkius
1506 2161 1638 2216 haec
1677 2161 1859 2219 affert:
1900 2186 2062 2234 orpes:-

68 2254 175 2308 πῶν
223 2257 521 2320 λυχνοῦχον
572 2251 702 2317 οἴμοι
757 2250 1084 2314 κακοδαίμων
1132 2248 1293 2316 φησὶν
1339 2253 1636 2317 λυχνοῦχος
1690 2254 1812 2317 ἡμῖν
1851 2252 2058 2322 οἴχεται

67 2337 165 2396 εἴτ’
205 2341 436 2408 ἐπιφέρει
483 2341 570 2394 καὶ
613 2360 719 2399 πως
758 2358 1040 2406 επιρρασας
1078 2338 1165 2391 τὸν
1219 2342 1515 2406 λυχνοῦχον
1559 2337 1766 2407 οἴχεται
1811 2338 1908 2396 εἶτ’
1948 2345 2060 2399 ε’πι-

72 2427 215 2499 φέρει
245 2429 333 2483 καὶ
374 2428 585 2489 ἔλαθες.
627 2430 678 2482 ἐν
715 2429 767 2482 δὲ
795 2432 919 2487 τοῖς.
979 2425 1155 2480 Unum
1192 2432 1406 2480 tantum
1436 2432 1584 2482 recte
1619 2427 1755 2483 vidit
1772 2429 2061 2503 BergkiuS,

51 2515 210 2579 male
245 2518 470 2589 repetita
508 2533 624 2572 esse
661 2514 941 2571 vocabula:

562 2605 768 2674 οἴχεται
809 2601 904 2659 εἶτ’
951 2602 1183 2672 ἐπιφέρει
1222 2604 1333 2659 καὶ.

55 2719 63 2733 ·
143 2692 205 2749 ln
240 2694 353 2766 ipso
392 2692 583 2749 Codice
617 2710 723 2748 non
759 2694 878 2748 sine
912 2692 1189 2746 aerumnis
1230 2690 1446 2746 tandem
1480 2691 1591 2746 vidi
1626 2692 1706 2748 sic
1739 2708 1855 2749 esse
1889 2696 2058 2768 scrip·

199 2801 212 2837 ε
250 2784 339 2837 καὶ
371 2787 477 2843 πῶς
514 2781 748 2849 ὑπερβὰς
781 2783 866 2836 τὸν
899 2783 1219 2848 λυχνοῦχον,
1260 2779 1402 2835 unde
1437 2779 1568 2835 haec
1602 2783 1831 2853 emergit
1861 2799 2056 2841 manus

225 2887 283 2927 e:
324 2873 572 2939 προειπὼν
611 2870 833 2937 λύχνον·

295 2959 451 3025 Οἵμοι
493 2958 820 3022 κακοδαίμων
861 2956 1095 3030 (φησὶν),
1139 2958 1160 3009 ὁ
1200 2958 1395 3025 λύχνος
1438 2961 1558 3025 ἡμῖν
1593 2959 1818 3028 οἴχεται.

202 3048 468 3118 ἐπιφέρει·

295 3138 382 3190 καὶ
419 3141 525 3197 πῶς
564 3135 798 3201 ὑπερβας
836 3135 922 3189 τὸν
961 3137 1253 3201 λυχνοῦχον
1293 3132 1447 3189 ἔλαθέ
1486 3157 1581 3199 σε;

74 3221 416 3279 manifestum
457 3231 539 3279 est
578 3224 721 3278 enim
783 3224 835 3277 in
890 3221 1100 3283 ἔλαθες·
1142 3223 1194 3276 ἑν
1231 3222 1284 3277 δὲ
1320 3243 1427 3284 τοις
1485 3223 1619 3279 nihil
1674 3223 1818 3280 aliud
1870 3224 2053 3280 latere.

78 3307 352 3368 Praeterea
392 3329 456 3367 ex
498 3312 596 3367 hoc
641 3326 852 3383 quoque
905 3310 1113 3365 scribae
1165 3309 1512 3367 dormitantis
1552 3329 1734 3369 errore
1782 3311 2057 3384 colligitur

0 3423 2 3427 ⁸
77 3410 197 3455 σιω
240 3399 541 3456 describere
595 3407 866 3455 vetustum
922 3398 1159 3453 codicem
1210 3400 1263 3453 in
1318 3401 1611 3457 versiculos
1659 3402 1927 3458 breviores
1975 3401 2054 3455 sic

74 3481 300 3544 divisum
348 3497 405 3544 ut
446 3493 708 3561 scriptum
751 3494 917 3542 esset:

449 3582 1612 3633 ΔΛῙΜΩΝΦΗΣΙΝΛΥΧΝΟΤΧΟΣΗΜῙΝ

450 3672 1314 3720 ΟΙΧΕΤΑΙΕΙΤΕΠΙΦΕΡΕΙΚΛΙ

1599 3754 1687 3786 1⁴*
