<?xml version="1.0" encoding="UTF-8"?>
<!DOCTYPE html PUBLIC "-//W3C//DTD XHTML 1.0 Transitional//EN"
    "http://www.w3.org/TR/xhtml1/DTD/xhtml1-transitional.dtd">
<html xmlns="http://www.w3.org/1999/xhtml" xml:lang="en" lang="en">
 <head>
  <title>
</title>
<meta http-equiv="Content-Type" content="text/html;charset=utf-8" />
  <meta name='ocr-system' content='tesseract 3.04.00' />
  <meta name='ocr-capabilities' content='ocr_page ocr_carea ocr_par ocr_line ocrx_word'/>
</head>
<body>
  <div class='ocr_page' id='page_1' title='image "./novaelectionesqu00cobeuoft/novaelectionesqu00cobeuoft_0335.png"; bbox 0 0 2436 4068; ppageno 0'>
   <div class='ocr_carea' id='block_1_1' title="bbox 1013 213 1114 264">
    <p class='ocr_par' dir='ltr' id='par_1_1' title="bbox 1013 213 1114 264">
     <span class='ocr_line' id='line_1_1' title="bbox 1013 213 1114 264; baseline 0.02 -2"><span class='ocrx_word' id='word_1_1' title='bbox 1013 213 1114 264; x_wconf 86' lang='lat'><strong>501</strong></span> 
     </span>
    </p>
   </div>
   <div class='ocr_carea' id='block_1_2' title="bbox 3 354 2068 3691">
    <p class='ocr_par' dir='ltr' id='par_1_2' title="bbox 3 354 2058 1307">
     <span class='ocr_line' id='line_1_2' title="bbox 82 354 2054 429; baseline -0.001 -17"><span class='ocrx_word' id='word_1_2' title='bbox 82 374 168 412; x_wconf 87' lang='lat' dir='ltr'><strong>me</strong></span> <span class='ocrx_word' id='word_1_3' title='bbox 209 358 337 428; x_wconf 82' lang='lat' dir='ltr'><strong>quin</strong></span> <span class='ocrx_word' id='word_1_4' title='bbox 378 355 678 410; x_wconf 81' lang='lat' dir='ltr'><strong>adscribam</strong></span> <span class='ocrx_word' id='word_1_5' title='bbox 732 354 907 409; x_wconf 91' lang='lat' dir='ltr'><strong>locum</strong></span> <span class='ocrx_word' id='word_1_6' title='bbox 963 372 1027 410; x_wconf 91' lang='lat' dir='ltr'><strong>ex</strong></span> <span class='ocrx_word' id='word_1_7' title='bbox 1081 356 1418 429; x_wconf 79' lang='lat' dir='ltr'><strong>Theognidea</strong></span> <span class='ocrx_word' id='word_1_8' title='bbox 1474 355 1778 427; x_wconf 80' lang='lat' dir='ltr'><strong>farragine,</strong></span> <span class='ocrx_word' id='word_1_9' title='bbox 1838 357 1892 410; x_wconf 91' lang='lat' dir='ltr'><strong>in</strong></span> <span class='ocrx_word' id='word_1_10' title='bbox 1949 373 2054 429; x_wconf 89' lang='lat' dir='ltr'><strong>quo</strong></span> 
     </span>
     <span class='ocr_line' id='line_1_3' title="bbox 3 442 1911 519; baseline -0.003 -18"><span class='ocrx_word' id='word_1_11' title='bbox 3 461 32 519; x_wconf 64' lang='grc' dir='ltr'><strong>ζ·</strong></span> <span class='ocrx_word' id='word_1_12' title='bbox 82 442 390 501; x_wconf 87' lang='lat' dir='ltr'><strong>huiusmodi</strong></span> <span class='ocrx_word' id='word_1_13' title='bbox 430 460 611 498; x_wconf 87' lang='lat' dir='ltr'><strong>errore</strong></span> <span class='ocrx_word' id='word_1_14' title='bbox 649 442 924 497; x_wconf 87' lang='lat' dir='ltr'><strong>turbatum</strong></span> <span class='ocrx_word' id='word_1_15' title='bbox 966 452 1063 498; x_wconf 87' lang='lat' dir='ltr'><strong>est.</strong></span> <span class='ocrx_word' id='word_1_16' title='bbox 1144 444 1361 499; x_wconf 81' lang='lat' dir='ltr'><strong>Dixerat</strong></span> <span class='ocrx_word' id='word_1_17' title='bbox 1400 450 1554 516; x_wconf 78' lang='lat' dir='ltr'><strong>poeta</strong></span> <span class='ocrx_word' id='word_1_18' title='bbox 1591 461 1666 499; x_wconf 79' lang='lat' dir='ltr'><strong>vs,</strong></span> <span class='ocrx_word' id='word_1_19' title='bbox 1715 449 1855 499; x_wconf 76' lang='lat'>1155</span> <span class='ocrx_word' id='word_1_20' title='bbox 1879 465 1911 500; x_wconf 86' lang='grc'><strong>;,</strong></span> 
     </span>
     <span class='ocr_line' id='line_1_4' title="bbox 380 531 1746 600; baseline 0.001 -15"><span class='ocrx_word' id='word_1_21' title='bbox 380 531 457 594; x_wconf 79' lang='grc' dir='ltr'><strong>εἴη</strong></span> <span class='ocrx_word' id='word_1_22' title='bbox 496 552 582 597; x_wconf 86' lang='grc' dir='ltr'><strong>μοι</strong></span> <span class='ocrx_word' id='word_1_23' title='bbox 620 536 925 585; x_wconf 83' lang='grc' dir='ltr'><em>πλουτεῦντι</em></span> <span class='ocrx_word' id='word_1_24' title='bbox 964 538 1132 586; x_wconf 82' lang='grc' dir='ltr'><em>κακῶν</em></span> <span class='ocrx_word' id='word_1_25' title='bbox 1170 532 1429 600; x_wconf 72' lang='grc' dir='ltr'><em>ιέποὶτερθε</em></span> <span class='ocrx_word' id='word_1_26' title='bbox 1466 532 1746 599; x_wconf 76' lang='grc' dir='ltr'><em>μεριμνέων</em></span> 
     </span>
     <span class='ocr_line' id='line_1_5' title="bbox 508 618 2048 688; baseline 0.004 -17"><span class='ocrx_word' id='word_1_27' title='bbox 508 619 647 686; x_wconf 78' lang='grc' dir='ltr'><em>ζώειν</em></span> <span class='ocrx_word' id='word_1_28' title='bbox 684 618 974 684; x_wconf 68' lang='grc' dir='ltr'><em>ἀβλαβέως</em></span> <span class='ocrx_word' id='word_1_29' title='bbox 1014 621 1171 684; x_wconf 78' lang='grc' dir='ltr'><em>μηδὲν</em></span> <span class='ocrx_word' id='word_1_30' title='bbox 1210 620 1382 688; x_wconf 81' lang='grc' dir='ltr'><em>ἔχοντι</em></span> <span class='ocrx_word' id='word_1_31' title='bbox 1422 621 1595 676; x_wconf 70' lang='grc' dir='ltr'><em>κακόν.</em></span> <span class='ocrx_word' id='word_1_32' title='bbox 2045 667 2048 671; x_wconf 86' lang='grc'><em>.</em></span> 
     </span>
     <span class='ocr_line' id='line_1_6' title="bbox 6 707 2055 781; baseline -0.001 -17"><span class='ocrx_word' id='word_1_33' title='bbox 6 710 26 735; x_wconf 66' lang='lat'>²</span> <span class='ocrx_word' id='word_1_34' title='bbox 81 709 260 764; x_wconf 91' lang='lat' dir='ltr'><strong>nescio</strong></span> <span class='ocrx_word' id='word_1_35' title='bbox 298 708 454 780; x_wconf 88' lang='lat' dir='ltr'><strong>quis,</strong></span> <span class='ocrx_word' id='word_1_36' title='bbox 491 707 579 760; x_wconf 92' lang='lat' dir='ltr'><strong>cui</strong></span> <span class='ocrx_word' id='word_1_37' title='bbox 621 722 717 759; x_wconf 91' lang='lat' dir='ltr'><strong>sua</strong></span> <span class='ocrx_word' id='word_1_38' title='bbox 757 712 1044 777; x_wconf 73' lang='lat' dir='ltr'><strong>paupertas</strong></span> <span class='ocrx_word' id='word_1_39' title='bbox 1091 707 1220 761; x_wconf 90' lang='lat' dir='ltr'><strong>satis</strong></span> <span class='ocrx_word' id='word_1_40' title='bbox 1278 707 1515 778; x_wconf 81' lang='lat' dir='ltr'><strong>placebat</strong></span> <span class='ocrx_word' id='word_1_41' title='bbox 1563 716 1619 764; x_wconf 93' lang='lat' dir='ltr'><strong>et</strong></span> <span class='ocrx_word' id='word_1_42' title='bbox 1669 715 1855 781; x_wconf 75' lang='lat' dir='ltr'><strong>poetae</strong></span> <span class='ocrx_word' id='word_1_43' title='bbox 1905 713 2055 778; x_wconf 81' lang='grc' dir='ltr'><em>φιλο-</em></span> 
     </span>
     <span class='ocr_line' id='line_1_7' title="bbox 78 792 2055 866; baseline 0 -14"><span class='ocrx_word' id='word_1_44' title='bbox 78 797 305 852; x_wconf 83' lang='grc' dir='ltr'><em>πλουτία</em></span> <span class='ocrx_word' id='word_1_45' title='bbox 340 793 681 866; x_wconf 81' lang='lat' dir='ltr'><strong>displicebat,</strong></span> <span class='ocrx_word' id='word_1_46' title='bbox 717 792 1024 864; x_wconf 79' lang='lat' dir='ltr'><strong>obloquitur</strong></span> <span class='ocrx_word' id='word_1_47' title='bbox 1056 802 1109 848; x_wconf 91' lang='lat' dir='ltr'><strong>et</strong></span> <span class='ocrx_word' id='word_1_48' title='bbox 1141 794 1219 848; x_wconf 91' lang='lat' dir='ltr'><strong>sic</strong></span> <span class='ocrx_word' id='word_1_49' title='bbox 1261 795 1403 849; x_wconf 88' lang='lat' dir='ltr'><strong>illam</strong></span> <span class='ocrx_word' id='word_1_50' title='bbox 1446 798 1768 852; x_wconf 91' lang='lat' dir='ltr'><strong>sententiam</strong></span> <span class='ocrx_word' id='word_1_51' title='bbox 1804 797 2055 866; x_wconf 80' lang='grc' dir='ltr'><em>παρῳδεῒ;</em></span> 
     </span>
     <span class='ocr_line' id='line_1_8' title="bbox 303 881 1772 951; baseline 0.001 -13"><span class='ocrx_word' id='word_1_52' title='bbox 303 886 392 938; x_wconf 81' lang='grc' dir='ltr'><strong>οὐκ</strong></span> <span class='ocrx_word' id='word_1_53' title='bbox 432 881 620 950; x_wconf 76' lang='grc' dir='ltr'><em>ἔραμαι</em></span> <span class='ocrx_word' id='word_1_54' title='bbox 659 887 904 936; x_wconf 74' lang='grc' dir='ltr'><em>πλουτεῖν</em></span> <span class='ocrx_word' id='word_1_55' title='bbox 940 883 1043 936; x_wconf 76' lang='grc' dir='ltr'><strong>οὐδ’</strong></span> <span class='ocrx_word' id='word_1_56' title='bbox 1081 882 1344 950; x_wconf 80' lang='grc' dir='ltr'><em>εὔχομαι,</em></span> <span class='ocrx_word' id='word_1_57' title='bbox 1384 884 1534 939; x_wconf 71' lang='grc' dir='ltr'><em>ἀλλά</em></span> <span class='ocrx_word' id='word_1_58' title='bbox 1570 905 1656 951; x_wconf 72' lang='grc' dir='ltr'><strong>μοι</strong></span> <span class='ocrx_word' id='word_1_59' title='bbox 1696 884 1772 947; x_wconf 78' lang='grc' dir='ltr'><strong>εἴη</strong></span> 
     </span>
     <span class='ocr_line' id='line_1_9' title="bbox 455 970 1674 1039; baseline 0.002 -16"><span class='ocrx_word' id='word_1_60' title='bbox 455 970 546 1039; x_wconf 79' lang='grc' dir='ltr'><em>ζῆν</em></span> <span class='ocrx_word' id='word_1_61' title='bbox 583 970 689 1023; x_wconf 70' lang='grc' dir='ltr'><strong>ἀπὸ</strong></span> <span class='ocrx_word' id='word_1_62' title='bbox 727 971 828 1024; x_wconf 79' lang='grc' dir='ltr'><em>τῶν</em></span> <span class='ocrx_word' id='word_1_63' title='bbox 866 971 1051 1035; x_wconf 71' lang='grc' dir='ltr'><em>ὀλίγων</em></span> <span class='ocrx_word' id='word_1_64' title='bbox 1089 971 1248 1036; x_wconf 79' lang='grc' dir='ltr'><em>μηδὲν</em></span> <span class='ocrx_word' id='word_1_65' title='bbox 1287 970 1461 1038; x_wconf 77' lang='grc' dir='ltr'><em>ἔχοντι</em></span> <span class='ocrx_word' id='word_1_66' title='bbox 1499 973 1674 1027; x_wconf 84' lang='grc' dir='ltr'><em>κακόν.</em></span> 
     </span>
     <span class='ocr_line' id='line_1_10' title="bbox 78 1057 2055 1130; baseline -0.001 -15"><span class='ocrx_word' id='word_1_67' title='bbox 78 1060 378 1115; x_wconf 86' lang='lat' dir='ltr'><strong>rectissime</strong></span> <span class='ocrx_word' id='word_1_68' title='bbox 418 1058 506 1113; x_wconf 91' lang='lat' dir='ltr'><strong>ille</strong></span> <span class='ocrx_word' id='word_1_69' title='bbox 544 1057 760 1130; x_wconf 91' lang='lat' dir='ltr'><strong>quidem</strong></span> <span class='ocrx_word' id='word_1_70' title='bbox 813 1066 868 1113; x_wconf 90' lang='lat' dir='ltr'><strong>et</strong></span> <span class='ocrx_word' id='word_1_71' title='bbox 906 1074 972 1112; x_wconf 86' lang='lat' dir='ltr'><strong>ex</strong></span> <span class='ocrx_word' id='word_1_72' title='bbox 1007 1059 1188 1112; x_wconf 91' lang='lat' dir='ltr'><strong>animo</strong></span> <span class='ocrx_word' id='word_1_73' title='bbox 1222 1059 1520 1120; x_wconf 87' lang='lat' dir='ltr'><strong>assentior.</strong></span> <span class='ocrx_word' id='word_1_74' title='bbox 1559 1058 1652 1114; x_wconf 89' lang='lat' dir='ltr'><strong>sed</strong></span> <span class='ocrx_word' id='word_1_75' title='bbox 1693 1059 1820 1130; x_wconf 89' lang='lat' dir='ltr'><strong>quid</strong></span> <span class='ocrx_word' id='word_1_76' title='bbox 1870 1061 1938 1114; x_wconf 91' lang='lat' dir='ltr'><strong>iis</strong></span> <span class='ocrx_word' id='word_1_77' title='bbox 1976 1060 2055 1114; x_wconf 82' lang='lat' dir='ltr'><strong>sa·.</strong></span> 
     </span>
     <span class='ocr_line' id='line_1_11' title="bbox 77 1144 2058 1218; baseline 0 -16"><span class='ocrx_word' id='word_1_78' title='bbox 77 1148 227 1210; x_wconf 80' lang='lat' dir='ltr'><strong>ciaS,</strong></span> <span class='ocrx_word' id='word_1_79' title='bbox 283 1147 375 1218; x_wconf 88' lang='lat' dir='ltr'><strong>qui</strong></span> <span class='ocrx_word' id='word_1_80' title='bbox 422 1144 652 1202; x_wconf 90' lang='lat' dir='ltr'><strong>eundem</strong></span> <span class='ocrx_word' id='word_1_81' title='bbox 706 1145 980 1200; x_wconf 91' lang='lat' dir='ltr'><strong>hominem</strong></span> <span class='ocrx_word' id='word_1_82' title='bbox 1033 1162 1142 1200; x_wconf 91' lang='lat' dir='ltr'><strong>uno</strong></span> <span class='ocrx_word' id='word_1_83' title='bbox 1194 1154 1378 1202; x_wconf 87' lang='lat' dir='ltr'><strong>tenore</strong></span> <span class='ocrx_word' id='word_1_84' title='bbox 1431 1145 1586 1218; x_wconf 89' lang='lat' dir='ltr'><strong>plane</strong></span> <span class='ocrx_word' id='word_1_85' title='bbox 1629 1149 1902 1202; x_wconf 88' lang='lat' dir='ltr'><strong>contraria</strong></span> <span class='ocrx_word' id='word_1_86' title='bbox 1955 1147 2058 1202; x_wconf 89' lang='lat' dir='ltr'><strong>sibi</strong></span> 
     </span>
     <span class='ocr_line' id='line_1_12' title="bbox 77 1233 1570 1307; baseline -0.001 -17"><span class='ocrx_word' id='word_1_87' title='bbox 77 1241 414 1307; x_wconf 82' lang='lat' dir='ltr'><strong>exoptantem</strong></span> <span class='ocrx_word' id='word_1_88' title='bbox 456 1233 827 1289; x_wconf 82' lang='lat' dir='ltr'><strong>induxerunt?</strong></span> <span class='ocrx_word' id='word_1_89' title='bbox 1568 1286 1570 1288; x_wconf 83' lang='lat'>.</span> 
     </span>
    </p>

    <p class='ocr_par' dir='ltr' id='par_1_3' title="bbox 77 1286 2059 1574">
     <span class='ocr_line' id='line_1_13' title="bbox 154 1286 2059 1395; baseline 0.001 -18"><span class='ocrx_word' id='word_1_90' title='bbox 154 1324 312 1378; x_wconf 86' lang='lat' dir='ltr'><strong>Plura</strong></span> <span class='ocrx_word' id='word_1_91' title='bbox 354 1323 550 1378; x_wconf 91' lang='lat' dir='ltr'><strong>similia</strong></span> <span class='ocrx_word' id='word_1_92' title='bbox 588 1323 689 1387; x_wconf 87' lang='lat' dir='ltr'><strong>iis,</strong></span> <span class='ocrx_word' id='word_1_93' title='bbox 742 1339 880 1394; x_wconf 88' lang='lat' dir='ltr'><strong>quae</strong></span> <span class='ocrx_word' id='word_1_94' title='bbox 918 1322 1234 1388; x_wconf 81' lang='lat' dir='ltr'><strong>attulimuS,</strong></span> <span class='ocrx_word' id='word_1_95' title='bbox 1288 1340 1352 1379; x_wconf 83' lang='lat' dir='ltr'><strong>ex</strong></span> <span class='ocrx_word' id='word_1_96' title='bbox 1404 1286 1631 1379; x_wconf 86' lang='lat' dir='ltr'><strong>caeteris</strong></span> <span class='ocrx_word' id='word_1_97' title='bbox 1667 1323 1944 1395; x_wconf 87' lang='lat' dir='ltr'><strong>Euripidis</strong></span> <span class='ocrx_word' id='word_1_98' title='bbox 1985 1323 2059 1378; x_wconf 86' lang='lat' dir='ltr'><strong>sa·</strong></span> 
     </span>
     <span class='ocr_line' id='line_1_14' title="bbox 79 1410 2057 1483; baseline 0.001 -17"><span class='ocrx_word' id='word_1_99' title='bbox 79 1410 223 1466; x_wconf 85' lang='lat' dir='ltr'><strong>bulis</strong></span> <span class='ocrx_word' id='word_1_100' title='bbox 259 1411 508 1483; x_wconf 83' lang='lat' dir='ltr'><strong>colligere</strong></span> <span class='ocrx_word' id='word_1_101' title='bbox 558 1428 654 1483; x_wconf 90' lang='lat' dir='ltr'><strong>pro</strong></span> <span class='ocrx_word' id='word_1_102' title='bbox 708 1427 764 1465; x_wconf 87' lang='lat' dir='ltr'><strong>se</strong></span> <span class='ocrx_word' id='word_1_103' title='bbox 804 1411 1031 1482; x_wconf 90' lang='lat' dir='ltr'><strong>quisque</strong></span> <span class='ocrx_word' id='word_1_104' title='bbox 1071 1412 1300 1483; x_wconf 89' lang='lat' dir='ltr'><strong>poterit:</strong></span> <span class='ocrx_word' id='word_1_105' title='bbox 1354 1411 1602 1467; x_wconf 84' lang='lat' dir='ltr'><strong>adiiciam</strong></span> <span class='ocrx_word' id='word_1_106' title='bbox 1646 1429 1814 1467; x_wconf 87' lang='lat' dir='ltr'><strong>unum</strong></span> <span class='ocrx_word' id='word_1_107' title='bbox 1855 1429 1921 1468; x_wconf 81' lang='lat' dir='ltr'><strong>ex</strong></span> <span class='ocrx_word' id='word_1_108' title='bbox 1961 1411 2057 1467; x_wconf 87' lang='lat' dir='ltr'><strong>So·</strong></span> 
     </span>
     <span class='ocr_line' id='line_1_15' title="bbox 77 1499 946 1574; baseline -0.003 -19"><span class='ocrx_word' id='word_1_109' title='bbox 77 1499 282 1574; x_wconf 89' lang='lat' dir='ltr'><strong>phoclis</strong></span> <span class='ocrx_word' id='word_1_110' title='bbox 323 1499 615 1555; x_wconf 87' lang='lat' dir='ltr'><strong>Philocteta</strong></span> <span class='ocrx_word' id='word_1_111' title='bbox 656 1516 732 1554; x_wconf 78' lang='lat' dir='ltr'><strong>vs,</strong></span> <span class='ocrx_word' id='word_1_112' title='bbox 770 1503 946 1554; x_wconf 82' lang='lat'>1565:</span> 
     </span>
    </p>

    <p class='ocr_par' dir='ltr' id='par_1_4' title="bbox 376 1585 1804 1836">
     <span class='ocr_line' id='line_1_16' title="bbox 376 1585 1804 1657; baseline 0.001 -16"><span class='ocrx_word' id='word_1_113' title='bbox 376 1595 507 1657; x_wconf 80' lang='grc' dir='ltr'><em>χρῆν</em></span> <span class='ocrx_word' id='word_1_114' title='bbox 545 1586 651 1655; x_wconf 74' lang='grc' dir='ltr'><strong>γάρ</strong></span> <span class='ocrx_word' id='word_1_115' title='bbox 691 1607 750 1641; x_wconf 84' lang='grc' dir='ltr'><strong>σε</strong></span> <span class='ocrx_word' id='word_1_116' title='bbox 790 1589 917 1654; x_wconf 79' lang='grc' dir='ltr'><strong>μήτ’</strong></span> <span class='ocrx_word' id='word_1_117' title='bbox 956 1585 1113 1641; x_wconf 78' lang='grc' dir='ltr'><em>αὐτόν</em></span> <span class='ocrx_word' id='word_1_118' title='bbox 1153 1594 1270 1642; x_wconf 89' lang='grc' dir='ltr'><em>ποτ’</em></span> <span class='ocrx_word' id='word_1_119' title='bbox 1310 1590 1361 1650; x_wconf 82' lang='grc' dir='ltr'><strong>ἐς</strong></span> <span class='ocrx_word' id='word_1_120' title='bbox 1400 1590 1600 1657; x_wconf 78' lang='grc' dir='ltr'><em>Τροίαν</em></span> <span class='ocrx_word' id='word_1_121' title='bbox 1626 1597 1804 1656; x_wconf 78' lang='grc' dir='ltr'><em>μολεῖν</em></span> 
     </span>
     <span class='ocr_line' id='line_1_17' title="bbox 377 1674 1659 1745; baseline -0.001 -14"><span class='ocrx_word' id='word_1_122' title='bbox 377 1680 519 1743; x_wconf 71' lang='grc' dir='ltr'><strong><em>ἡμᾶς</em></strong></span> <span class='ocrx_word' id='word_1_123' title='bbox 558 1680 607 1730; x_wconf 82' lang='grc' dir='ltr'><strong>τ’</strong></span> <span class='ocrx_word' id='word_1_124' title='bbox 645 1676 913 1745; x_wconf 70' lang='grc' dir='ltr'><em>ἀπείργειν</em></span> <span class='ocrx_word' id='word_1_125' title='bbox 935 1718 949 1740; x_wconf 91' lang='grc'><em>,</em></span> <span class='ocrx_word' id='word_1_126' title='bbox 988 1674 1040 1730; x_wconf 82' lang='grc' dir='ltr'><strong>οἵ</strong></span> <span class='ocrx_word' id='word_1_127' title='bbox 1069 1676 1135 1741; x_wconf 72' lang='grc' dir='ltr'><strong>γε’</strong></span> <span class='ocrx_word' id='word_1_128' title='bbox 1174 1696 1263 1730; x_wconf 86' lang='grc' dir='ltr'><strong>σου</strong></span> <span class='ocrx_word' id='word_1_129' title='bbox 1302 1678 1620 1744; x_wconf 68' lang='grc' dir='ltr'><em>καθύβρισαν</em></span> <span class='ocrx_word' id='word_1_130' title='bbox 1657 1728 1659 1730; x_wconf 80' lang='grc'>,</span> 
     </span>
     <span class='ocr_line' id='line_1_18' title="bbox 377 1757 1553 1836; baseline 0.002 -17"><span class='ocrx_word' id='word_1_131' title='bbox 377 1766 572 1831; x_wconf 83' lang='grc' dir='ltr'><em>πατρὸς</em></span> <span class='ocrx_word' id='word_1_132' title='bbox 612 1764 772 1831; x_wconf 73' lang='grc' dir='ltr'><em>γέρας</em></span> <span class='ocrx_word' id='word_1_133' title='bbox 810 1765 1066 1823; x_wconf 78' lang='grc' dir='ltr'><em>συλῶντες</em></span> <span class='ocrx_word' id='word_1_134' title='bbox 1087 1806 1105 1826; x_wconf 90' lang='grc'><strong>,</strong></span> <span class='ocrx_word' id='word_1_135' title='bbox 1153 1757 1221 1836; x_wconf 80' lang='grc' dir='ltr'><strong>[οἳ</strong></span> <span class='ocrx_word' id='word_1_136' title='bbox 1255 1766 1342 1820; x_wconf 83' lang='grc' dir='ltr'><em>τὸν</em></span> <span class='ocrx_word' id='word_1_137' title='bbox 1381 1764 1553 1821; x_wconf 78' lang='grc' dir='ltr'><em>ἄθλιον</em></span> 
     </span>
    </p>

    <p class='ocr_par' dir='ltr' id='par_1_5' title="bbox 355 1850 1484 2013">
     <span class='ocr_line' id='line_1_19' title="bbox 379 1850 1484 1923; baseline 0.002 -17"><span class='ocrx_word' id='word_1_138' title='bbox 379 1853 554 1907; x_wconf 76' lang='grc' dir='ltr'><em>Αἴανθ’</em></span> <span class='ocrx_word' id='word_1_139' title='bbox 592 1851 762 1908; x_wconf 77' lang='grc' dir='ltr'><em>ὅπλων</em></span> <span class='ocrx_word' id='word_1_140' title='bbox 802 1856 891 1907; x_wconf 82' lang='grc' dir='ltr'><strong>σοῦ</strong></span> <span class='ocrx_word' id='word_1_141' title='bbox 932 1851 1127 1919; x_wconf 80' lang='grc' dir='ltr'><em>πατρὸς</em></span> <span class='ocrx_word' id='word_1_142' title='bbox 1164 1850 1334 1920; x_wconf 76' lang='grc' dir='ltr'><em>ὕςερον</em></span> <span class='ocrx_word' id='word_1_143' title='bbox 1371 1853 1484 1923; x_wconf 67' lang='grc' dir='ltr'><strong>δίκῃ</strong></span> 
     </span>
     <span class='ocr_line' id='line_1_20' title="bbox 355 1936 1389 2013; baseline 0 -17"><span class='ocrx_word' id='word_1_144' title='bbox 355 1939 645 2002; x_wconf 78' lang='grc' dir='ltr'><strong><em>Ὀδυσσέως</em></strong></span> <span class='ocrx_word' id='word_1_145' title='bbox 685 1939 915 2013; x_wconf 79' lang='grc' dir='ltr'><em>ἔκριναν]</em></span> <span class='ocrx_word' id='word_1_146' title='bbox 960 1936 1080 1994; x_wconf 79' lang='grc' dir='ltr'><em>εἶτα</em></span> <span class='ocrx_word' id='word_1_147' title='bbox 1116 1941 1287 1995; x_wconf 80' lang='grc' dir='ltr'><em>τοῖσδε</em></span> <span class='ocrx_word' id='word_1_148' title='bbox 1324 1941 1389 1996; x_wconf 83' lang='grc' dir='ltr'><strong>σύ</strong></span> 
     </span>
    </p>

    <p class='ocr_par' dir='ltr' id='par_1_6' title="bbox 379 2026 843 2097">
     <span class='ocr_line' id='line_1_21' title="bbox 379 2026 843 2097; baseline -0.002 -14"><span class='ocrx_word' id='word_1_149' title='bbox 379 2026 432 2083; x_wconf 84' lang='grc' dir='ltr'><strong>εἶ</strong></span> <span class='ocrx_word' id='word_1_150' title='bbox 460 2028 843 2097; x_wconf 77' lang='grc' dir='ltr'><em>ξυμμαχήσων.</em></span> 
     </span>
    </p>

    <p class='ocr_par' dir='ltr' id='par_1_7' title="bbox 73 2116 2062 3159">
     <span class='ocr_line' id='line_1_22' title="bbox 154 2116 2056 2189; baseline 0.002 -18"><span class='ocrx_word' id='word_1_151' title='bbox 154 2116 286 2185; x_wconf 87' lang='lat' dir='ltr'><strong>Quis</strong></span> <span class='ocrx_word' id='word_1_152' title='bbox 325 2133 429 2171; x_wconf 90' lang='lat' dir='ltr'><strong>non</strong></span> <span class='ocrx_word' id='word_1_153' title='bbox 462 2117 771 2189; x_wconf 86' lang='lat' dir='ltr'><strong>planissime</strong></span> <span class='ocrx_word' id='word_1_154' title='bbox 805 2117 1133 2171; x_wconf 86' lang='lat' dir='ltr'><strong>assentiatur</strong></span> <span class='ocrx_word' id='word_1_155' title='bbox 1171 2116 1441 2170; x_wconf 85' lang='lat' dir='ltr'><strong>Brunckio</strong></span> <span class='ocrx_word' id='word_1_156' title='bbox 1467 2158 1480 2182; x_wconf 95' lang='lat'><strong>,</strong></span> <span class='ocrx_word' id='word_1_157' title='bbox 1525 2116 1728 2187; x_wconf 90' lang='lat' dir='ltr'><strong>optimo</strong></span> <span class='ocrx_word' id='word_1_158' title='bbox 1775 2125 2056 2189; x_wconf 78' lang='lat' dir='ltr'><strong>poetarum</strong></span> 
     </span>
     <span class='ocr_line' id='line_1_23' title="bbox 80 2203 2062 2278; baseline 0.001 -18"><span class='ocrx_word' id='word_1_159' title='bbox 80 2204 246 2260; x_wconf 90' lang='lat' dir='ltr'><strong>iudici</strong></span> <span class='ocrx_word' id='word_1_160' title='bbox 286 2211 340 2259; x_wconf 92' lang='lat' dir='ltr'><strong>et</strong></span> <span class='ocrx_word' id='word_1_161' title='bbox 377 2205 713 2276; x_wconf 84' lang='lat' dir='ltr'><strong>ingeniorum</strong></span> <span class='ocrx_word' id='word_1_162' title='bbox 760 2204 1080 2277; x_wconf 87' lang='lat' dir='ltr'><strong>spectatori,</strong></span> <span class='ocrx_word' id='word_1_163' title='bbox 1126 2203 1331 2278; x_wconf 86' lang='lat' dir='ltr'><strong>(quales</strong></span> <span class='ocrx_word' id='word_1_164' title='bbox 1370 2203 1538 2259; x_wconf 90' lang='lat' dir='ltr'><strong>Gallia</strong></span> <span class='ocrx_word' id='word_1_165' title='bbox 1578 2203 1879 2276; x_wconf 89' lang='lat' dir='ltr'><strong>complures</strong></span> <span class='ocrx_word' id='word_1_166' title='bbox 1919 2206 2062 2262; x_wconf 84' lang='lat' dir='ltr'><strong>serre</strong></span> 
     </span>
     <span class='ocr_line' id='line_1_24' title="bbox 75 2292 2057 2367; baseline 0.001 -19"><span class='ocrx_word' id='word_1_167' title='bbox 75 2299 251 2367; x_wconf 82' lang='lat' dir='ltr'><strong>posset</strong></span> <span class='ocrx_word' id='word_1_168' title='bbox 308 2301 525 2365; x_wconf 90' lang='lat' dir='ltr'><strong>propter</strong></span> <span class='ocrx_word' id='word_1_169' title='bbox 575 2294 793 2348; x_wconf 87' lang='lat' dir='ltr'><strong>insitam</strong></span> <span class='ocrx_word' id='word_1_170' title='bbox 849 2293 997 2364; x_wconf 84' lang='lat' dir='ltr'><strong>genti</strong></span> <span class='ocrx_word' id='word_1_171' title='bbox 1045 2299 1380 2347; x_wconf 84' lang='lat' dir='ltr'><strong>venustatem</strong></span> <span class='ocrx_word' id='word_1_172' title='bbox 1436 2299 1490 2347; x_wconf 91' lang='lat' dir='ltr'><strong>et</strong></span> <span class='ocrx_word' id='word_1_173' title='bbox 1538 2292 1897 2364; x_wconf 80' lang='lat' dir='ltr'><strong>elegantiam,</strong></span> <span class='ocrx_word' id='word_1_174' title='bbox 1952 2296 2057 2362; x_wconf 86' lang='lat' dir='ltr'><strong>nisi</strong></span> 
     </span>
     <span class='ocr_line' id='line_1_25' title="bbox 75 2379 2059 2454; baseline 0.002 -18"><span class='ocrx_word' id='word_1_175' title='bbox 75 2382 154 2437; x_wconf 86' lang='lat' dir='ltr'><strong>sic</strong></span> <span class='ocrx_word' id='word_1_176' title='bbox 209 2379 276 2436; x_wconf 90' lang='lat' dir='ltr'><strong>ab</strong></span> <span class='ocrx_word' id='word_1_177' title='bbox 333 2382 598 2454; x_wconf 87' lang='lat' dir='ltr'><strong>imperitis</strong></span> <span class='ocrx_word' id='word_1_178' title='bbox 655 2380 1090 2454; x_wconf 84' lang='lat' dir='ltr'><strong>praeceptoribus</strong></span> <span class='ocrx_word' id='word_1_179' title='bbox 1147 2380 1424 2451; x_wconf 85' lang='lat' dir='ltr'><strong>ingeniosa</strong></span> <span class='ocrx_word' id='word_1_180' title='bbox 1502 2381 1752 2436; x_wconf 90' lang='lat' dir='ltr'><strong>iuventus</strong></span> <span class='ocrx_word' id='word_1_181' title='bbox 1829 2382 2059 2439; x_wconf 85' lang='lat' dir='ltr'><strong>Graecas</strong></span> 
     </span>
     <span class='ocr_line' id='line_1_26' title="bbox 73 2467 2057 2544; baseline 0.001 -19"><span class='ocrx_word' id='word_1_182' title='bbox 73 2470 282 2525; x_wconf 84' lang='lat' dir='ltr'><strong>litteras</strong></span> <span class='ocrx_word' id='word_1_183' title='bbox 315 2469 631 2536; x_wconf 84' lang='lat' dir='ltr'><strong>doceretur,</strong></span> <span class='ocrx_word' id='word_1_184' title='bbox 686 2476 746 2525; x_wconf 93' lang='lat' dir='ltr'><strong>ut</strong></span> <span class='ocrx_word' id='word_1_185' title='bbox 784 2469 917 2524; x_wconf 88' lang='lat' dir='ltr'><strong>nibil</strong></span> <span class='ocrx_word' id='word_1_186' title='bbox 956 2486 1212 2542; x_wconf 89' lang='lat' dir='ltr'><strong>umquam</strong></span> <span class='ocrx_word' id='word_1_187' title='bbox 1254 2467 1461 2524; x_wconf 82' lang='lat' dir='ltr'><strong>discere</strong></span> <span class='ocrx_word' id='word_1_188' title='bbox 1501 2469 1729 2544; x_wconf 89' lang='lat' dir='ltr'><strong>possit),</strong></span> <span class='ocrx_word' id='word_1_189' title='bbox 1773 2471 1931 2543; x_wconf 88' lang='lat' dir='ltr'><strong>quis,</strong></span> <span class='ocrx_word' id='word_1_190' title='bbox 1977 2473 2057 2527; x_wconf 90' lang='lat' dir='ltr'><strong>in-</strong></span> 
     </span>
     <span class='ocr_line' id='line_1_27' title="bbox 75 2557 2059 2631; baseline 0.001 -18"><span class='ocrx_word' id='word_1_191' title='bbox 75 2574 270 2631; x_wconf 90' lang='lat' dir='ltr'><strong>quam,</strong></span> <span class='ocrx_word' id='word_1_192' title='bbox 317 2575 348 2612; x_wconf 93' lang='lat' dir='ltr'><strong>a</strong></span> <span class='ocrx_word' id='word_1_193' title='bbox 396 2558 664 2613; x_wconf 86' lang='lat' dir='ltr'><strong>Brunckio</strong></span> <span class='ocrx_word' id='word_1_194' title='bbox 714 2557 1019 2613; x_wconf 87' lang='lat' dir='ltr'><strong>admonitus</strong></span> <span class='ocrx_word' id='word_1_195' title='bbox 1077 2575 1180 2612; x_wconf 92' lang='lat' dir='ltr'><strong>non</strong></span> <span class='ocrx_word' id='word_1_196' title='bbox 1235 2557 1491 2613; x_wconf 91' lang='lat' dir='ltr'><strong>concedet</strong></span> <span class='ocrx_word' id='word_1_197' title='bbox 1530 2559 1884 2629; x_wconf 83' lang='lat' dir='ltr'><strong>expungenda</strong></span> <span class='ocrx_word' id='word_1_198' title='bbox 1942 2577 2059 2616; x_wconf 91' lang='lat' dir='ltr'><strong>esse</strong></span> 
     </span>
     <span class='ocr_line' id='line_1_28' title="bbox 75 2644 2056 2720; baseline 0.001 -18"><span class='ocrx_word' id='word_1_199' title='bbox 75 2664 135 2702; x_wconf 88' lang='lat' dir='ltr'><strong>ea</strong></span> <span class='ocrx_word' id='word_1_200' title='bbox 174 2662 311 2718; x_wconf 86' lang='lat' dir='ltr'><strong>quae</strong></span> <span class='ocrx_word' id='word_1_201' title='bbox 351 2662 381 2700; x_wconf 89' lang='lat' dir='ltr'><strong>a</strong></span> <span class='ocrx_word' id='word_1_202' title='bbox 419 2647 646 2701; x_wconf 86' lang='lat' dir='ltr'><strong>caeteris</strong></span> <span class='ocrx_word' id='word_1_203' title='bbox 686 2644 1034 2700; x_wconf 88' lang='lat' dir='ltr'><strong>distinximus</strong></span> <span class='ocrx_word' id='word_1_204' title='bbox 1076 2663 1246 2718; x_wconf 78' lang='lat' dir='ltr'><strong>»quae</strong></span> <span class='ocrx_word' id='word_1_205' title='bbox 1286 2646 1413 2701; x_wconf 89' lang='lat' dir='ltr'><strong>olim</strong></span> <span class='ocrx_word' id='word_1_206' title='bbox 1462 2645 1528 2700; x_wconf 92' lang='lat' dir='ltr'><strong>ab</strong></span> <span class='ocrx_word' id='word_1_207' title='bbox 1580 2644 1796 2702; x_wconf 91' lang='lat' dir='ltr'><strong>homine</strong></span> <span class='ocrx_word' id='word_1_208' title='bbox 1837 2647 2056 2720; x_wconf 88' lang='lat' dir='ltr'><strong>ineptis·</strong></span> 
     </span>
     <span class='ocr_line' id='line_1_29' title="bbox 73 2733 2056 2806; baseline 0.002 -17"><span class='ocrx_word' id='word_1_209' title='bbox 73 2736 211 2790; x_wconf 82' lang='lat' dir='ltr'><strong>simo</strong></span> <span class='ocrx_word' id='word_1_210' title='bbox 247 2735 448 2790; x_wconf 85' lang='lat' dir='ltr'><strong>inserta</strong></span> <span class='ocrx_word' id='word_1_211' title='bbox 490 2733 764 2790; x_wconf 80' lang='lat' dir='ltr'><strong>suerunt.”</strong></span> <span class='ocrx_word' id='word_1_212' title='bbox 847 2733 1135 2788; x_wconf 88' lang='lat' dir='ltr'><strong>Verissime</strong></span> <span class='ocrx_word' id='word_1_213' title='bbox 1174 2742 1354 2789; x_wconf 89' lang='lat' dir='ltr'><strong>monet</strong></span> <span class='ocrx_word' id='word_1_214' title='bbox 1389 2735 1563 2806; x_wconf 89' lang='lat' dir='ltr'><strong>ipsum</strong></span> <span class='ocrx_word' id='word_1_215' title='bbox 1605 2734 1834 2791; x_wconf 89' lang='lat' dir='ltr'><strong>colorem</strong></span> <span class='ocrx_word' id='word_1_216' title='bbox 1876 2736 2056 2793; x_wconf 87' lang='lat' dir='ltr'><strong>adsuti</strong></span> 
     </span>
     <span class='ocr_line' id='line_1_30' title="bbox 74 2821 2055 2897; baseline 0.001 -19"><span class='ocrx_word' id='word_1_217' title='bbox 74 2823 317 2878; x_wconf 89' lang='lat' dir='ltr'><strong>centonis</strong></span> <span class='ocrx_word' id='word_1_218' title='bbox 358 2839 674 2895; x_wconf 83' lang='lat' dir='ltr'><strong>mangonem</strong></span> <span class='ocrx_word' id='word_1_219' title='bbox 717 2838 943 2894; x_wconf 83' lang='lat' dir='ltr'><strong>arguere</strong></span> <span class='ocrx_word' id='word_1_220' title='bbox 981 2828 1036 2876; x_wconf 91' lang='lat' dir='ltr'><strong>et</strong></span> <span class='ocrx_word' id='word_1_221' title='bbox 1075 2822 1322 2892; x_wconf 82' lang='lat' dir='ltr'><strong>ignorare</strong></span> <span class='ocrx_word' id='word_1_222' title='bbox 1381 2821 1691 2894; x_wconf 90' lang='lat' dir='ltr'><strong>Sophoclem</strong></span> <span class='ocrx_word' id='word_1_223' title='bbox 1747 2832 1802 2880; x_wconf 91' lang='lat' dir='ltr'><strong>et</strong></span> <span class='ocrx_word' id='word_1_224' title='bbox 1855 2824 2055 2897; x_wconf 91' lang='lat' dir='ltr'><strong>Sopho-</strong></span> 
     </span>
     <span class='ocr_line' id='line_1_31' title="bbox 74 2909 2056 2983; baseline 0.002 -16"><span class='ocrx_word' id='word_1_225' title='bbox 74 2911 172 2967; x_wconf 86' lang='lat' dir='ltr'><strong>clis</strong></span> <span class='ocrx_word' id='word_1_226' title='bbox 212 2910 435 2974; x_wconf 89' lang='lat' dir='ltr'><strong>stilum,</strong></span> <span class='ocrx_word' id='word_1_227' title='bbox 484 2912 527 2965; x_wconf 90' lang='lat' dir='ltr'><strong>si</strong></span> <span class='ocrx_word' id='word_1_228' title='bbox 571 2912 693 2983; x_wconf 87' lang='lat' dir='ltr'><strong>quis</strong></span> <span class='ocrx_word' id='word_1_229' title='bbox 732 2928 854 2965; x_wconf 90' lang='lat' dir='ltr'><strong>eum</strong></span> <span class='ocrx_word' id='word_1_230' title='bbox 908 2911 1010 2965; x_wconf 91' lang='lat' dir='ltr'><strong>ista</strong></span> <span class='ocrx_word' id='word_1_231' title='bbox 1056 2909 1292 2965; x_wconf 85' lang='lat' dir='ltr'><strong>scrihere</strong></span> <span class='ocrx_word' id='word_1_232' title='bbox 1328 2910 1564 2982; x_wconf 90' lang='lat' dir='ltr'><strong>potuisse</strong></span> <span class='ocrx_word' id='word_1_233' title='bbox 1603 2912 1870 2983; x_wconf 87' lang='lat' dir='ltr'><strong>opinetur.</strong></span> <span class='ocrx_word' id='word_1_234' title='bbox 1951 2913 2056 2970; x_wconf 83' lang='lat' dir='ltr'><strong>Sed</strong></span> 
     </span>
     <span class='ocr_line' id='line_1_32' title="bbox 74 2997 2055 3073; baseline 0.002 -18"><span class='ocrx_word' id='word_1_235' title='bbox 74 3000 228 3073; x_wconf 89' lang='lat' dir='ltr'><strong>plane</strong></span> <span class='ocrx_word' id='word_1_236' title='bbox 266 2999 449 3055; x_wconf 88' lang='lat' dir='ltr'><strong>eadem</strong></span> <span class='ocrx_word' id='word_1_237' title='bbox 489 2998 595 3054; x_wconf 87' lang='lat' dir='ltr'><strong>diei</strong></span> <span class='ocrx_word' id='word_1_238' title='bbox 637 2998 830 3055; x_wconf 87' lang='lat' dir='ltr'><strong>dehent</strong></span> <span class='ocrx_word' id='word_1_239' title='bbox 869 2998 934 3054; x_wconf 86' lang='lat' dir='ltr'><strong>de</strong></span> <span class='ocrx_word' id='word_1_240' title='bbox 973 2997 1293 3054; x_wconf 91' lang='lat' dir='ltr'><strong>emblemate</strong></span> <span class='ocrx_word' id='word_1_241' title='bbox 1339 2998 1623 3053; x_wconf 74' lang='lat' dir='ltr'><strong>manifesto</strong></span> <span class='ocrx_word' id='word_1_242' title='bbox 1683 3001 1735 3054; x_wconf 92' lang='lat' dir='ltr'><strong>in</strong></span> <span class='ocrx_word' id='word_1_243' title='bbox 1777 2999 2055 3073; x_wconf 88' lang='lat' dir='ltr'><strong>Sophoclis</strong></span> 
     </span>
     <span class='ocr_line' id='line_1_33' title="bbox 75 3089 546 3159; baseline -0.002 -16"><span class='ocrx_word' id='word_1_244' title='bbox 75 3089 235 3144; x_wconf 77' lang='lat' dir='ltr'><strong>Aiace</strong></span> <span class='ocrx_word' id='word_1_245' title='bbox 274 3106 351 3144; x_wconf 84' lang='lat' dir='ltr'><strong>vs.</strong></span> <span class='ocrx_word' id='word_1_246' title='bbox 394 3092 546 3159; x_wconf 14' lang='lat'><strong>839:-</strong></span> 
     </span>
    </p>

    <p class='ocr_par' dir='ltr' id='par_1_8' title="bbox 373 3174 1628 3245">
     <span class='ocr_line' id='line_1_34' title="bbox 373 3174 1628 3245; baseline 0 -14"><span class='ocrx_word' id='word_1_247' title='bbox 373 3178 465 3231; x_wconf 78' lang='grc' dir='ltr'><strong>καί</strong></span> <span class='ocrx_word' id='word_1_248' title='bbox 501 3181 646 3244; x_wconf 80' lang='grc' dir='ltr'><strong>σφας</strong></span> <span class='ocrx_word' id='word_1_249' title='bbox 687 3177 875 3237; x_wconf 82' lang='grc' dir='ltr'><em>κακοὺς</em></span> <span class='ocrx_word' id='word_1_250' title='bbox 915 3175 1111 3233; x_wconf 64' lang='lat' dir='ltr'><strong>noim-³0⁶</strong></span> <span class='ocrx_word' id='word_1_251' title='bbox 1150 3174 1237 3230; x_wconf 82' lang='grc' dir='ltr'><strong>καὶ</strong></span> <span class='ocrx_word' id='word_1_252' title='bbox 1279 3175 1628 3245; x_wconf 77' lang='grc' dir='ltr'><em>πανωλέθρους</em></span> 
     </span>
    </p>

    <p class='ocr_par' dir='ltr' id='par_1_9' title="bbox 373 3264 1372 3333">
     <span class='ocr_line' id='line_1_35' title="bbox 373 3264 1372 3333; baseline -0.001 -14"><span class='ocrx_word' id='word_1_253' title='bbox 373 3264 754 3333; x_wconf 68' lang='grc' dir='ltr'><em>ξυναρπάσειαν</em></span> <span class='ocrx_word' id='word_1_254' title='bbox 794 3264 960 3333; x_wconf 75' lang='grc' dir='ltr'><em>ὥσπερ</em></span> <span class='ocrx_word' id='word_1_255' title='bbox 1000 3266 1220 3332; x_wconf 81' lang='grc' dir='ltr'><em>εἷσορῶο-’</em></span> <span class='ocrx_word' id='word_1_256' title='bbox 1260 3264 1372 3330; x_wconf 81' lang='grc' dir='ltr'><strong><em>ἐμέ.</em></strong></span> 
     </span>
    </p>

    <p class='ocr_par' dir='ltr' id='par_1_10' title="bbox 344 3353 1586 3424">
     <span class='ocr_line' id='line_1_36' title="bbox 344 3353 1586 3424; baseline 0 -18"><span class='ocrx_word' id='word_1_257' title='bbox 344 3353 700 3424; x_wconf 72' lang='grc' dir='ltr'><em>[αὐτοσφαγῆ</em></span> <span class='ocrx_word' id='word_1_258' title='bbox 740 3353 1003 3408; x_wconf 74' lang='grc' dir='ltr'><em>πίπτοντα</em></span> <span class='ocrx_word' id='word_1_259' title='bbox 1027 3395 1041 3418; x_wconf 93' lang='grc'><em>,</em></span> <span class='ocrx_word' id='word_1_260' title='bbox 1079 3354 1177 3414; x_wconf 83' lang='grc' dir='ltr'><strong>τὼς</strong></span> <span class='ocrx_word' id='word_1_261' title='bbox 1219 3355 1586 3421; x_wconf 72' lang='grc' dir='ltr'><em>αὐτοσφαγεῖς</em></span> 
     </span>
    </p>

    <p class='ocr_par' dir='ltr' id='par_1_11' title="bbox 81 3441 2068 3691">
     <span class='ocr_line' id='line_1_37' title="bbox 379 3441 1436 3515; baseline 0.001 -21"><span class='ocrx_word' id='word_1_262' title='bbox 379 3443 499 3508; x_wconf 81' lang='grc' dir='ltr'><em>πρὸς</em></span> <span class='ocrx_word' id='word_1_263' title='bbox 539 3447 637 3495; x_wconf 82' lang='grc' dir='ltr'><em>τῶν</em></span> <span class='ocrx_word' id='word_1_264' title='bbox 676 3442 894 3508; x_wconf 60' lang='grc' dir='ltr'><em>φιλίας-ων</em></span> <span class='ocrx_word' id='word_1_265' title='bbox 934 3441 1153 3507; x_wconf 73' lang='grc' dir='ltr'><em>ἐκγόνων</em></span> <span class='ocrx_word' id='word_1_266' title='bbox 1194 3441 1436 3515; x_wconf 64' lang='grc' dir='ltr'><em>ὀλοίατο]</em></span> 
     </span>
     <span class='ocr_line' id='line_1_38' title="bbox 82 3526 2063 3602; baseline 0.001 -23"><span class='ocrx_word' id='word_1_267' title='bbox 82 3544 216 3599; x_wconf 83' lang='lat' dir='ltr'><strong>quae</strong></span> <span class='ocrx_word' id='word_1_268' title='bbox 282 3526 407 3581; x_wconf 84' lang='lat' dir='ltr'><strong>olim</strong></span> <span class='ocrx_word' id='word_1_269' title='bbox 468 3530 786 3584; x_wconf 76' lang='lat' dir='ltr'><strong>criticorum</strong></span> <span class='ocrx_word' id='word_1_270' title='bbox 850 3530 1198 3602; x_wconf 85' lang='lat' dir='ltr'><strong>antiquorum</strong></span> <span class='ocrx_word' id='word_1_271' title='bbox 1257 3528 1452 3601; x_wconf 87' lang='lat' dir='ltr'><strong>aliquis</strong></span> <span class='ocrx_word' id='word_1_272' title='bbox 1516 3529 1698 3601; x_wconf 86' lang='lat' dir='ltr'><strong>spuria</strong></span> <span class='ocrx_word' id='word_1_273' title='bbox 1752 3534 1804 3581; x_wconf 89' lang='lat' dir='ltr'><strong>et</strong></span> <span class='ocrx_word' id='word_1_274' title='bbox 1865 3546 2063 3594; x_wconf 78' lang='grc' dir='ltr'><em>παρεμ·</em></span> 
     </span>
     <span class='ocr_line' id='line_1_39' title="bbox 81 3617 2068 3691; baseline 0.001 -20"><span class='ocrx_word' id='word_1_275' title='bbox 81 3617 397 3684; x_wconf 77' lang='grc' dir='ltr'><em>βεβλημένοι</em></span> <span class='ocrx_word' id='word_1_276' title='bbox 456 3635 570 3673; x_wconf 84' lang='lat' dir='ltr'><strong>csse</strong></span> <span class='ocrx_word' id='word_1_277' title='bbox 629 3617 887 3672; x_wconf 77' lang='lat' dir='ltr'><strong>intellexit</strong></span> <span class='ocrx_word' id='word_1_278' title='bbox 947 3628 1000 3673; x_wconf 85' lang='lat' dir='ltr'><strong>et</strong></span> <span class='ocrx_word' id='word_1_279' title='bbox 1073 3618 1455 3691; x_wconf 81' lang='lat' dir='ltr'><strong>pronuntiavit.</strong></span> <span class='ocrx_word' id='word_1_280' title='bbox 1553 3617 1726 3671; x_wconf 76' lang='lat' dir='ltr'><strong>Testis</strong></span> <span class='ocrx_word' id='word_1_281' title='bbox 1775 3622 1856 3671; x_wconf 86' lang='lat' dir='ltr'><strong>cst</strong></span> <span class='ocrx_word' id='word_1_282' title='bbox 1918 3623 2068 3673; x_wconf 87' lang='lat' dir='ltr'><strong>vetus</strong></span> 
     </span>
    </p>
   </div>
  </div>
 </body>
</html>
