2436 4068
1052 248 1119 299 2¹7

402 391 591 446 τούτων
631 398 876 455 γυναῖκες
917 392 1091 460 ἱέρειαι
1133 400 1198 461 τῇ
1239 394 1328 463 θεᾷ
1371 392 1500 447 θεοίκ

98 496 223 534 vcra
250 478 408 533 lectio
436 486 517 534 est
544 488 608 548 τῇ
645 481 770 548 θεῷ,
811 497 874 534 ex
911 480 1104 533 vitiosa
1131 479 1516 535 Graeculorum
1553 481 1939 538 consuetudine
1980 499 2088 538 ma·

99 568 247 622 navit
286 569 406 637 θεᾷ,
448 566 638 622 deinde
674 574 904 637 utraque
938 567 1210 638 scriptura
1250 569 1326 624 ita
1365 568 1596 624 conflata
1637 578 1719 625 est
1756 578 1818 625 ut
1855 572 2091 643 genuina

98 662 152 710 et
187 656 396 711 sincera
436 672 629 709 novam
663 654 836 708 labem
872 653 1231 709 contraheret.
1314 657 1507 712 Poetae
1546 656 1742 713 redde:

398 736 590 798 τούτοιν
621 740 867 807 γυναῖκές
899 742 993 794 sio*
1034 741 1209 808 ἱέρειαι
1250 752 1316 813 τῇ
1356 746 1466 815 θεῷ.

96 830 285 901 Itaque
328 830 427 884 hoc
475 846 687 901 quoque
727 830 944 883 nomine
980 845 1208 900 pravum
1251 838 1305 885 et
1341 833 1596 887 vitiosum
1632 839 1713 889 est
1749 840 1869 888 ταῖν
1910 834 2084 899 θεαῖν,

95 917 237 991 quod
279 934 436 990 saepe
470 917 681 972 librarii
722 917 907 971 invitis
942 917 1247 973 Atticorum
1287 918 1519 974 Comicis
1555 928 1610 975 et
1647 920 1964 977 Oratoribus
2003 921 2090 976 ol)-

95 1006 361 1070 trudunt,
406 1006 499 1077 qui
540 1009 607 1061 τὼ
658 1006 778 1070 θεώ,
830 1006 887 1068 νὴ
922 1007 991 1059 τὼ
1033 1006 1154 1070 θεώ,
1207 1006 1290 1073 μά
1336 1009 1405 1062 τὼ
1445 1009 1572 1073 θεώ,
1625 1010 1736 1078 περὶ
1788 1012 1857 1065 τὼ
1906 1011 1994 1064 θεώ
2038 1017 2093 1065 et

94 1095 215 1148 sim.
257 1094 462 1148 intacta
494 1094 800 1166 relinquere
839 1092 1039 1158 solent,
1093 1095 1200 1148 nisi
1237 1094 1379 1166 quod
1418 1097 1583 1151 semel
1617 1099 1674 1151 in
1714 1097 1936 1153 Platone
1971 1115 2092 1170 pec-

94 1188 290 1237 carunt
323 1183 378 1236 in
417 1181 700 1256 Symposio
738 1199 859 1254 pag,
894 1186 1018 1237 180.
1054 1183 1116 1238 D.
1158 1182 1252 1237 ubi
1289 1200 1458 1255 quum
1498 1185 1764 1256 scriptum
1799 1184 1926 1239 olim
1962 1185 2091 1240 fuis-

94 1277 205 1325 set:
246 1276 353 1332 πῶς
394 1271 438 1324 δ’
473 1274 527 1325 οὐ
568 1271 654 1326 δύο
689 1274 759 1326 τὼ
809 1272 933 1336 θεώς
985 1274 1013 1335 ἦ
1054 1271 1151 1338 μὲν
1203 1274 1433 1341 Οὐρανοῦ
1484 1271 1754 1341 θυγάτηρ,
1795 1275 1824 1336 ἦ
1869 1273 1920 1327 δὲ
1969 1275 2090 1336 Διὸς

94 1357 182 1412 καὶ
206 1361 431 1424 Διώνης,
464 1359 557 1413 alii
593 1360 824 1431 pessime
843 1359 915 1414 τά
936 1358 1028 1414 θεά
1049 1358 1114 1414 de
1145 1376 1243 1414 suo
1277 1367 1703 1434 supposuerunt,
1739 1359 1832 1415 alii
1866 1363 1935 1416 τὼ
1971 1361 2093 1427 θεά,

95 1446 236 1518 quod
269 1446 446 1502 adhuc
482 1464 668 1503 omnes
706 1449 822 1502 sine
853 1448 1160 1520 suspicione
1193 1455 1432 1504 servant:
1463 1456 1652 1504 contra
1674 1449 1729 1503 in
1761 1455 1882 1503 ταῖν
1919 1450 2093 1516 θεαῖν,

94 1552 423 1608 quamquam
459 1553 562 1591 non
611 1537 794 1591 minus
831 1553 1058 1609 pravum
1089 1543 1195 1602 est,
1236 1535 1459 1608 plurimi
1500 1538 1850 1608 pertinaciter
1883 1541 2091 1610 conspi-

32 1648 41 1655 ·
92 1632 240 1689 rant,
281 1643 414 1697 quos
445 1642 630 1680 omnes
654 1631 961 1680 contemnet
997 1626 1088 1696 qui
1125 1642 1312 1679 eorum
1348 1626 1404 1679 in
1446 1625 1546 1680 hoc
1583 1642 1779 1696 genere
1814 1627 2089 1682 temerita-
2139 1618 2142 1621 ¹

92 1720 202 1768 tem
235 1714 291 1767 in
325 1713 513 1768 multis
546 1714 896 1786 perspexerit.
957 1713 1019 1767 In
1060 1712 1438 1785 Aristophanis
1472 1713 1776 1788 Lysistrata
1821 1718 1983 1769 1265.

393 1802 528 1868 μόλε
566 1803 706 1870 δεῦρο
746 1801 969 1871 παρσένε
1009 1800 1125 1867 σιά,
1168 1801 1178 1877 Ι
1219 1801 1423 1864 ποττὰς
1460 1801 1723 1865 σπονδάς,

90 1905 419 1962 quamquam
466 1890 559 1946 σιά
601 1890 882 1962 Spartanis
934 1907 1038 1943 non
1080 1890 1407 1961 eripuerim,
1462 1889 1685 1959 παρσένε
1737 1891 1856 1945 σεία
1899 1892 2095 1946 rescri-

90 1977 324 2033 bendum
366 1995 484 2035 esse
524 1978 766 2033 videtur:
808 1985 863 2033 at
902 1977 1034 2031 illud
1070 1979 1246 2050 ipsum
1286 1979 1413 2040 θεῖος
1456 1978 1597 2034 male
1637 1980 1919 2051 irrepsisse
1961 1986 2090 2051 puto

90 2067 145 2121 in
187 2068 424 2122 iocosum
465 2067 671 2122 Cratini
710 2066 889 2120 locum
934 2065 1076 2137 apud
1111 2065 1397 2138 Hephaest.
1439 2083 1491 2138 p.
1517 2071 1606 2121 47.

469 2156 633 2224 σιγάν
665 2166 750 2209 νυν
787 2152 934 2214 ἅπας
975 2152 1071 2221 ἔχε
1106 2153 1301 2220 σιγάν,

467 2246 555 2299 καὶ
598 2242 779 2298 πάντα
814 2241 971 2306 λόγον
1011 2240 1167 2309 τάχα
1208 2242 1422 2297 πεύσει.

467 2337 590 2399 ἡμῖν
625 2333 669 2386 δ’
704 2330 876 2393 Ἰθάκη
920 2330 1109 2398 πατρίς
1149 2331 1283 2393 ἐςιν,

466 2421 696 2487 πλέομεν
726 2420 769 2473 δ’
810 2417 908 2485 ἅμ’
948 2418 1198 2472 Ὀδυσσέϊ
1232 2419 1343 2488 θείῳ
1366 2460 1378 2473 .

88 2524 320 2582 namque
356 2510 466 2579 θείῳ
498 2510 630 2564 vitio
670 2515 858 2563 natum
898 2507 1086 2579 opinor
1124 2523 1188 2561 ex
1220 2515 1432 2562 ΔΕΙΩΙ
1474 2506 1527 2561 id
1564 2513 1646 2562 est
1685 2507 1799 2577 δίῳ,
1840 2507 1982 2580 quod
2021 2523 2086 2563 ex

88 2599 320 2654 Homero
359 2600 618 2671 arripuit,
658 2605 720 2652 ut
751 2597 807 2650 in
846 2595 1031 2650 eadem
1064 2593 1243 2649 sabula
1279 2594 1406 2669 (τοῖς
1436 2595 1796 2670 Ὀδυσσεῦσιν)
1837 2603 1890 2651 et
1926 2596 2080 2652 haec:

4 2751 6 2753 Ι
56 2686 275 2755 θρῶμοιι
298 2729 313 2751 ,
352 2688 550 2755 ἐρίηρας
593 2686 822 2754 ἑταίρους
847 2726 859 2748 ,
899 2691 964 2747 τῆ
1006 2687 1092 2737 νῦν
1131 2683 1247 2737 τάδε
1282 2684 1389 2738 πῖθι
1430 2685 1648 2750 λαβών,
1690 2682 1783 2739 ubi
1812 2683 1986 2739 scribe
2017 2692 2082 2748 τῆ

0 2793 40 2820 f
87 2796 198 2841 νυν,
233 2783 288 2830 et
326 2764 526 2830 similia
565 2774 710 2829 alibi.
791 2772 894 2829 Sed
943 2771 1072 2844 quid
1122 2788 1320 2844 quaeso
1365 2779 1472 2837 est,
1513 2789 1612 2827 cur
1651 2772 1746 2844 qui
1786 2773 2082 2828 Homerum

0 2908 10 2933 3
87 2864 165 2918 sic
208 2865 456 2936 sequitur
491 2869 712 2935 repente
750 2861 975 2931 δωρίζειῖ
1020 2860 1151 2932 quid
1192 2858 1295 2914 sibi
1333 2859 1448 2915 vult
1482 2864 1642 2928 σιγάν
1674 2882 1758 2916 νυν
1800 2860 1947 2924 ἅπας
1981 2861 2078 2930 ἔχε

4 2939 10 2949 ‘
86 2951 278 3018 σιγάνῖ
334 2960 443 3007 tam
493 2968 622 3007 sana
669 2951 801 3007 haec
853 2955 983 3005 sunt
1023 2955 1187 3021 atque
1239 2946 1386 3010 ἅπας
1438 2966 1535 3021 pro
1582 2952 1691 3013 πῶς
1745 2950 2082 3022 ineptissime

88 3039 312 3096 dictum.
380 3038 520 3107 Quid
565 3039 779 3094 multa?
822 3037 986 3093 redde
1024 3038 1269 3093 Cratino:
1315 3038 1449 3103 σίγά
1481 3058 1566 3093 νυν
1605 3042 1713 3101 πέὶς
1735 3081 1750 3105 ,
1790 3038 1886 3107 ἔχε
1928 3046 2079 3104 σῖγα.

0 3138 7 3180 Ξ
87 3127 329 3184 Indidem
377 3129 620 3183 manavit
659 3133 720 3181 ut
760 3125 1033 3181 diceretur
1071 3127 1165 3181 θεοὶ
1208 3124 1406 3188 πάντες
1447 3127 1534 3182 καὶ
1577 3129 1747 3183 πᾶσαι
1771 3169 1787 3193 ,
1827 3126 2078 3195 εὔχεσθαι

3 3229 9 3235 ·
86 3219 212 3279 θεοῖς
249 3221 382 3272 πᾶσι
424 3216 511 3271 καὶ
552 3215 782 3279 πάσαις,
833 3217 888 3270 in
929 3232 1034 3287 quo
1080 3216 1291 3282 iocatur
1331 3215 1719 3288 Aristophanes
1758 3215 1911 3270 Avib.
1950 3220 2078 3271 865.

0 3327 2 3333 ’
88 3305 307 3374 εὔχεσθε
347 3337 420 3346 -
459 3305 637 3373 ὄρνισιν
673 3305 997 3371 -Ὀλυμπίοις
1044 3304 1131 3359 καὶ
1169 3305 1495 3375 Ὀλυμπίῃσι
1538 3307 1671 3359 πᾶσι
1721 3305 1808 3359 καὶ
1849 3302 2078 3373 πάσησι,

0 3449 2 3461 ,
86 3394 229 3467 quod
269 3393 644 3449 Demosthenis
691 3410 855 3448 causa
895 3409 1291 3458 commemoro,
1341 3394 1398 3447 in
1433 3394 1590 3448 cuius
1626 3391 1956 3447 nobilissimo
1990 3408 2075 3445 ex-

89 3481 238 3536 ordio
270 3481 412 3554 apud
452 3498 638 3538 omnes
677 3481 905 3553 legitur:
956 3488 1063 3544 τοῖς
1105 3483 1230 3545 θεοῖς
1270 3482 1499 3551 εὔχομαι
1540 3485 1673 3537 πᾶσι
1713 3480 1800 3535 καὶ
1838 3477 2038 3541 πάσαις
2061 3520 2076 3545 ,

86 3586 411 3642 quamquam
453 3569 717 3643 quomodo
755 3578 861 3632 τοῖς
899 3572 1120 3626 retineri
1161 3572 1330 3643 possit
1370 3587 1526 3627 nemo
1560 3569 1713 3625 facile
1753 3566 1915 3622 dicet.

161 3659 235 3713 De
269 3660 494 3715 caeteris
523 3658 654 3715 locis
690 3659 1086 3732 AristophaniS,
1131 3660 1220 3715 ubi
1256 3674 1606 3732 personarum
1643 3657 1787 3713 vices
1830 3654 2075 3713 turbatae
