2436 4068
1345 220 1412 269 5⁶2.

385 366 653 420 ἑκλέπτεθ
695 363 909 421 ἑκάςοτε
953 380 1044 434 per
1095 364 1200 414 vim
1256 360 1551 414 Meinekius
1590 365 1642 412 et
1691 360 1950 430 Bergkius
1998 364 2063 418 ad
2116 381 2366 422 numeros

379 453 636 509 iambicos
678 452 1000 522 redegerunt
1043 451 1149 502 sie:

683 539 894 599 κυάθους
942 535 1083 597 ὅσους
1117 535 1436 597 ἐκλεπτέτην
1478 533 1710 591 ἑκάςοτε.

379 635 613 682 metrum
662 634 741 681 est
789 625 1164 688 sanissimum,
1206 622 1299 677 sed
1344 639 1504 693 grave
1558 623 1750 675 vitium
1794 623 1933 677 inest
1982 624 2036 676 in
2079 626 2364 693 ἐκλέπτεθ’,

380 715 518 787 quod
562 713 824 785 quomodo
864 713 934 765 sit
974 710 1390 781 abstergendum
1432 710 1487 763 hi
1528 710 1629 763 loci
1670 711 2063 766 monstrabunt.
2146 713 2362 770 Telecli-

377 802 469 857 des
510 801 653 872 apud
695 799 868 854 Schol.
912 800 1079 854 Arist.
1122 800 1241 853 Pac.
1287 803 1446 853 1040.

678 884 713 940 ὦ
754 887 953 941 δέσποθ’
991 892 1179 955 Ἑρμῆ,
1221 886 1394 941 κάπτε
1435 891 1531 940 τῶν
1572 884 1898 951 θυλημάτων.

375 975 619 1031 Eubulus
655 975 847 1029 Athen.
885 975 948 1028 11.
993 979 1080 1029 47.
1122 975 1176 1028 B.

683 1061 972 1124 κάπτοντες
1014 1061 1204 1131 αὔρας,
1243 1062 1460 1122 ἐλπίδας
1502 1061 1804 1126 σιτούμενοι.

377 1151 630 1206 Anaxilas
670 1150 861 1204 Athen.
906 1150 1022 1206 XII.
1061 1155 1190 1205 548.
1229 1151 1282 1204 G.

677 1239 908 1303 βολβοὺς
946 1241 1181 1306 τρώγων,
1221 1240 1397 1305 τυροὺς
1439 1235 1670 1291 κάπτων.

378 1325 694 1381 Xenarohus
730 1326 922 1381 Athen.
955 1327 1016 1380 X.
1068 1330 1192 1379 451.
1238 1326 1299 1379 A.

679 1415 759 1479 μα
800 1416 885 1468 τὸν
925 1414 1190 1477 Διόνυσον,
1231 1411 1280 1466 ὃν
1322 1414 1383 1466 σὺ
1425 1412 1645 1474 κάπτεις
1684 1412 1787 1467 ἴσον
1826 1413 1931 1482 ἴσῳ.

378 1501 561 1556 eodem
618 1501 774 1555 modo
834 1501 980 1555 Plato
1040 1500 1249 1554 dixerat
1310 1499 1522 1561 κυάθους
1583 1498 1724 1562 ὅσους
1778 1501 2023 1556 ἐκάπτεθ’
2083 1503 2361 1570 ἑκάστοτε,

380 1589 555 1643 scriba
590 1589 876 1659 indiligens
911 1590 963 1642 in
1001 1597 1340 1643 ΕΚΑΠΤΕΘ
1375 1587 1553 1642 videre
1588 1606 1644 1642 se
1678 1590 1947 1644 ἑκλέπτεθ’
1981 1591 2230 1662 opinatus
2263 1599 2362 1647 est.

454 1677 652 1731 Eubuli
692 1676 852 1731 verba
892 1676 1031 1746 apud
1074 1675 1263 1730 Athen.
1308 1675 1392 1729 VI.
1439 1680 1564 1730 247.
1610 1677 1667 1730 A.

1442 1765 1600 1818 ἐθέλει
1641 1765 1683 1817 δ’
1723 1764 1845 1819 ἄνευ

677 1854 857 1918 μισθοῦ
896 1856 1017 1920 παρ’
1047 1855 1222 1912 αὐτοῖς
1260 1853 1572 1916 καταμένειν
1609 1853 1881 1914 ἐπισίτιος.

374 1940 451 1994 sie
485 1940 663 2010 polius
695 1939 1071 1994 constituenda
1112 1945 1264 1993 sunt:

489 2027 649 2082 ἐθέλει
687 2029 728 2082 δ’
764 2027 884 2081 άνευ
922 2028 1101 2092 μισθοῦ
1136 2029 1258 2093 παρ’
1297 2029 1472 2089 αὐτοῖς
1512 2029 1825 2094 καταμένειν
1876 2029 1883 2102 Ι
1930 2030 2208 2092 ἐπισίτιος.

373 2114 656 2186 Amphidis
697 2115 1059 2186 fragmentum
1091 2113 1282 2169 Athen.
1314 2115 1407 2169 111.
1448 2133 1496 2186 p.
1526 2120 1631 2170 100
1653 2117 1710 2170 B.
1742 2133 1770 2170 e
1803 2117 2021 2171 Porsoni
2050 2119 2358 2174 coniectura

372 2204 450 2257 sie
489 2201 698 2257 editur:

640 2292 712 2352 εἷς
753 2293 844 2353 τὴν
886 2290 1104 2357 ἑσπέραν
1149 2288 1162 2365 Ι
1206 2289 1603 2358 χορταζόμεσθα
1644 2294 1804 2345 πᾶσιν
1842 2292 2089 2356 άγαθοῒς.

378 2380 433 2433 in
472 2378 661 2433 Codice
696 2385 776 2433 est
816 2378 1180 2445 χορταζόμενα
1216 2381 1410 2442 πᾶσιν,
1453 2379 1506 2431 in
1543 2395 1647 2449 quo
1687 2378 1848 2432 latet:

641 2469 711 2527 εἷς
748 2469 839 2529 τὴν
881 2467 1099 2533 ἑσπέραν
1136 2466 1460 2533 χορτάζομεν
1507 2468 1514 2539 Ι
1563 2464 1762 2520 ἅπασιν
1797 2469 2046 2532 άγαθοῖς.

374 2553 651 2610 Menandri
684 2554 831 2608 loeus
868 2553 1008 2624 apud
1045 2551 1222 2607 Schol.
1266 2553 1539 2625 Aristoph.
1583 2553 1902 2625 Thesmoph.
1945 2560 2071 2610 425.

675 2643 949 2704 Λακωνική
984 2641 1002 2713 Ι
1051 2641 1191 2701 κλείς
1233 2642 1337 2698 ε’ςιν
1371 2645 1435 2703 ὡς
1471 2641 1598 2711 ἔοικέ
1633 2663 1717 2707 μοι
1759 2644 2016 2711 περιοιςέα
2040 2686 2051 2698 .

373 2730 552 2802 aptius
585 2730 660 2783 sie
696 2726 1056 2783 describetur:

674 2819 946 2879 Λακωνικὴ
981 2817 1122 2877 κλείς
1163 2818 1266 2874 ἐςιν
1306 2819 1370 2877 ὡς
1411 2816 1538 2870 ἔοικέ
1577 2837 1662 2882 μοι
1710 2816 1720 2890 Ι
1761 2820 2034 2886 περιοιςέα.

372 2906 432 2959 In
470 2903 708 2960 eiusdem
744 2903 1044 2975 fragmento
1085 2904 1224 2975 apud
1261 2903 1540 2958 Scholiast.
1584 2905 1716 2958 Plat.
1755 2923 1803 2976 p.
1829 2910 1954 2960 559,

987 2994 1043 3046 τὸ
1077 2992 1359 3057 λεγόμενον
1393 2995 1535 3046 τοῦτ’
1572 2994 1647 3050 ἕςὶ
1684 2998 1769 3047 νῦν

669 3079 805 3134 τάνω
843 3079 1015 3143 κάτω,
1056 3079 1251 3148 φασὶν,
1291 3079 1362 3133 τά
1392 3079 1534 3133 κάτω
1564 3082 1607 3133 δ’
1642 3080 1773 3135 άνω.

366 3170 486 3240 quis
534 3184 791 3238 umquam
846 3166 980 3219 vidit
1033 3184 1285 3221 numeros
1336 3167 1738 3239 impeditiores?
1827 3169 2107 3239 Expuneto
2147 3170 2348 3226 addita-

362 3261 545 3311 mento
586 3255 827 3308 inhune
863 3254 1079 3308 modum
1125 3257 1467 3326 scripserim:

435 3342 802 3408 τὸλεγόμενον
848 3340 855 3415 Ι
902 3345 1042 3395 τοῦτ’
1084 3345 1158 3401 ε’ςὶ
1201 3349 1285 3397 νῦν
1324 3343 1461 3397 τάνω
1503 3342 1681 3408 κάτω,
1721 3343 1792 3397 τοὶ
1827 3343 1967 3398 κάτω
1999 3346 2042 3399 δ’
2081 3345 2209 3401 άνω.

359 3431 678 3503 Philippidis
717 3428 879 3483 verba
916 3429 1055 3499 apud
1096 3431 1293 3485 Pollue.
1331 3431 1419 3485 IX.
1460 3435 1548 3485 88.

658 3515 801 3577 οὗτος
842 3513 1001 3568 οἴεται
1045 3516 1056 3580 Ι
1104 3518 1442 3588 περισπάσειν
1483 3517 1758 3587 κερμάτιον
1800 3522 1992 3574 αὐτοῦ.
2046 3549 2051 3552 -

359 3607 697 3661 numerosius
732 3605 807 3659 ita
841 3603 1115 3659 diviseris:
