2436 4068
1017 216 1123 267 209

80 364 463 430 κσμετρώτατον
508 359 561 412 in
604 358 795 430 Vespis
833 362 995 414 1252.

307 455 438 511 παῖ,
479 455 613 511 παῖ,
653 448 711 501 τὸ
752 449 989 512 δεῖπνον,
1030 447 1225 514 Χρυσέ,
1269 445 1556 514 συσκεύαζε
1592 446 1714 513 νῷν,

308 533 390 587 ἵνα
425 534 513 588 καὶ
551 536 878 601 μεθυσθῶμεν
917 536 1001 589 δια
1040 536 1239 603 χρόνου.
1282 545 1338 588 Β.
1380 535 1652 600 μηδαμῶς.

8 610 13 681 ,¹
85 622 269 694 ecquis
323 622 490 676 istum
542 623 816 676 senarium
866 639 981 676 esse
1036 629 1193 693 putat
1233 629 1286 676 et
1326 621 1702 694 Aristophanis
1754 619 2070 674 senarium?

8 716 10 738 ³
81 709 335 766 Feliciter
374 710 587 770 evenit,
630 715 692 762 ut
734 710 1031 763 sententiae
1069 716 1228 780 turpe
1267 710 1458 763 vitium
1502 709 1663 772 insit,
1707 706 1849 779 quod
1889 706 2071 778 depre-

8 843 11 853 ,-
81 796 309 851 hensum
365 802 419 850 et
478 795 633 850 facile
689 802 939 851 sanatum
1008 813 1262 850 numeros
1329 796 1603 851 revocabit
1656 812 1869 851 summo
1918 802 2073 866 poeta

8 907 11 914 “
81 883 287 955 dignos.
370 882 473 949 Qui
513 883 693 936 animo
734 883 897 938 hilari
950 890 1002 938 et
1043 883 1232 938 festivo
1281 885 1587 938 convivium
1631 885 1850 949 ineunt,
1892 884 1959 937 iis
2005 883 2074 938 le-

11 977 14 999 ·
81 970 267 1044 pidum
324 976 378 1024 et
431 970 731 1024 iucundum
783 970 954 1025 videri
1007 977 1183 1042 potest
1230 987 1335 1024 non
1389 972 1446 1025 τὸ
1495 973 1833 1037 μεθυσθῆναι,
1889 971 1979 1026 sed
2014 971 2073 1026 τὸ

9 1102 12 1111 .
81 1059 314 1125 μεθύειν,
354 1057 487 1112 illud
521 1059 667 1113 enim
697 1057 860 1113 efficit
897 1060 955 1113 τὸ
983 1059 1142 1113 πίνειν
1177 1059 1298 1127 πρὸς
1330 1059 1457 1124 βίαν
1491 1058 1654 1133 (quod
1689 1066 1799 1114 tam
1830 1059 2073 1114 odiosum

8 1143 12 1220 ’ξ
83 1152 197 1210 est,
238 1151 300 1200 ut
333 1145 545 1200 Comico
586 1153 733 1201 recte
764 1145 1007 1210 videtur,
1049 1152 1210 1216 atque
1250 1147 1308 1200 τὸ
1350 1148 1503 1214 διψῆν
1538 1145 1688 1220 βία),
1730 1147 1829 1202 hoc
1862 1149 1920 1201 τὸ
1954 1150 2075 1215 πρὸς

10 1292 11 1295 ¹
68 1233 254 1298 ’ἡδονὴν
293 1234 473 1290 πίνειν.
558 1234 698 1301 Quin
739 1234 909 1305 igitur
949 1235 1288 1305 reponimus:

10 1306 12 1317 ,
310 1319 392 1375 ἵνα
430 1321 518 1376 καὶ
560 1323 829 1389 μεθύωμεν
870 1322 955 1375 δια
994 1322 1194 1389 χρόνον.
1235 1331 1292 1376 Β.
1333 1323 1438 1388 μη,
1478 1322 1753 1389 μηδαμῶς.

83 1406 431 1464 manifestum
475 1416 592 1475 est,
635 1426 734 1464 cur
772 1411 847 1476 μή
888 1408 1185 1474 exciderit,
1227 1408 1368 1480 quod
1417 1408 1601 1464 eodem
1647 1409 1803 1464 modo
1845 1412 2078 1482 perierat

11 1504 13 1525 ²
83 1494 141 1550 in
180 1496 316 1551 Pace
356 1513 433 1552 vs,
466 1501 593 1551 581.

236 1586 526 1651 μηδαμῶς,
567 1583 604 1639 ὦ
643 1585 845 1640 δέσποθ’
885 1591 1081 1653 Ἑρμῆ,
1122 1586 1407 1652 μηδαμῶς,
1449 1588 1552 1651 μὴ,
1593 1587 1868 1653 μηδαμῶς.

11 1684 15 1734 ζ
84 1671 269 1744 itaque
307 1689 475 1743 quum
517 1674 699 1728 versui
747 1673 951 1747 syllaba
991 1673 1239 1738 deesset,
1285 1674 1595 1746 supervenit
1638 1680 1939 1737 corrector,
1985 1676 2078 1747 qni

85 1761 413 1827 μεθυσθῶμεν
453 1761 736 1815 substituit
774 1768 827 1815 et
858 1761 1011 1816 nobis
1045 1763 1209 1816 istum
1253 1762 1608 1817 bellissimum
1651 1763 1924 1818 senarium
1961 1780 2079 1835 pro-

12 1876 15 1885 ·
90 1846 256 1903 cudit.
346 1849 408 1903 In
468 1848 747 1923 tribrachy
802 1849 988 1904 eadem
1044 1849 1431 1923 propemodum
1483 1856 1566 1904 est
1611 1852 1750 1904 ratio
1800 1857 1962 1922 atque
2024 1852 2077 1905 in

15 1947 18 1980 ⁸
89 1934 303 2009 dactylo
352 1936 494 2009 apud
550 1937 840 2008 Tragicos:
898 1937 1100 1992 Comici
1159 1938 1214 1991 id
1270 1944 1484 1992 tantum
1535 1946 1726 1992 cavent
1786 1955 1852 1993 ne
1903 1938 2081 1993 media

72 2022 259 2079 ‘ictum
297 2023 500 2080 babens
540 2023 744 2079 ineidat
780 2026 836 2079 in
873 2025 1120 2079 ultimam
1162 2025 1423 2099 syllabam
1464 2025 1708 2081 vocabuli
1743 2026 2079 2101 hyperdisyl·

12 2108 219 2166 alahi:
275 2113 459 2185 itaque
512 2111 797 2167 manifesta
838 2121 918 2167 est
959 2113 1120 2168 metri
1162 2112 1307 2168 labes
1358 2113 1501 2185 apud
1554 2113 1966 2185 Aristophanem
2024 2115 2078 2168 in

13 2221 18 2246 ι
86 2197 331 2255 Nubibus
378 2218 455 2255 vs,
492 2204 622 2256 884.

16 2283 18 2303 *
392 2285 444 2349 ὃς
484 2286 676 2343 τᾶδικα
712 2290 883 2355 λέγων
918 2290 1198 2357 ἀνατρέπει
1235 2292 1322 2345 τὸν
1361 2289 1658 2357 κρείττονα,

13 2371 17 2435 ἶ
92 2390 197 2447 quo
235 2391 369 2430 novo
410 2375 609 2431 indicio
658 2377 924 2432 insulsum
970 2376 1234 2432 emblema
1278 2377 1650 2450 expellendum
1702 2395 1818 2434 esse
1863 2397 2079 2452 appare-

14 2512 19 2524 ,,
89 2460 198 2518 bit:
239 2469 295 2518 at
331 2479 436 2517 non
483 2471 564 2519 est
606 2465 855 2520 vitiosius
887 2467 1007 2520 δικα
1046 2479 1108 2520 λε
1149 2466 1228 2520 sic
1263 2466 1529 2532 divisum,
1569 2483 1732 2539 quam
1770 2468 1825 2521 in
1867 2468 2079 2540 Euripi·

62 2546 175 2620 ,dis
211 2550 425 2607 Electra
463 2569 540 2608 νε.
580 2556 708 2608 324.

15 2637 19 2678 ἶ
64 2654 68 2660 ’
392 2641 659 2696 οὐπώποτε
698 2642 834 2710 χοὰς
868 2642 977 2698 οὐδὲ
1015 2647 1186 2697 κλῶνα
1226 2643 1469 2709 μυρσίνης
1494 2684 1507 2707 ,

19 2737 22 2771 ¹
63 2725 184 2782 mhi
217 2734 453 2783 metrum
506 2728 662 2800 plane
711 2730 945 2802 perdidit
987 2731 1079 2803 qui
1133 2729 1396 2785 librorum
1440 2731 1767 2803 scripturam
1825 2737 2081 2791 οὐπώποτ’

77 2816 147 2871 tva
190 2814 325 2884 χοάς
378 2818 456 2871 sic
495 2819 731 2872 correxit
780 2819 1012 2884 scilicet,
1063 2835 1223 2891 quem
1279 2824 1459 2875 tamen
1514 2819 1823 2876 Dindorfius
1863 2831 2082 2879 secutus

20 2903 21 2953 ἶ
84 2912 192 2959 ost.
269 2905 486 2977 Itaque,
542 2912 602 2960 ut
658 2905 725 2960 ad
774 2906 1052 2979 Euripidis
1115 2905 1368 2961 Helenam
1423 2907 1738 2974 redeamus,
1790 2927 1894 2966 non
1954 2920 2080 2968 sunt

20 2991 21 3028 ἶ
79 2991 334 3048 ’Μηίονες
371 2994 586 3049 numeri
626 2996 679 3048 in
728 2995 950 3067 Reisigii
994 2996 1338 3050 coniectura:

75 3109 99 3122 ν
395 3081 624 3143 ἐλθόντες
659 3084 709 3144 ἐς
743 3082 1005 3150 ξύμβολ’,
1044 3082 1080 3138 ἃ
1122 3084 1327 3153 φανεροὶ
1367 3085 1535 3150 μόνοις
1578 3086 1640 3141 ἂν
1679 3085 1771 3151 ἦν,

21 3190 23 3194 ·
96 3181 254 3239 quam
298 3170 350 3223 in
394 3170 520 3224 isto:

397 3255 616 3314 ἅπαντα
655 3260 739 3315 δια
780 3259 933 3316 τοῦτό
968 3282 1032 3327 γε
1070 3269 1316 3317 καλεῖται
1358 3267 1443 3317 νῦν
1484 3264 1658 3325 πόλος.

21 3368 24 3420 g
96 3339 234 3410 Quid
274 3360 459 3399 verum
501 3347 573 3401 sit
602 3346 731 3403 latet
771 3365 944 3422 neque
983 3366 1273 3422 umquam,
1318 3348 1511 3414 credo,
1556 3351 1856 3422 reperietur
1893 3350 2082 3407 deletis

22 3440 23 3446 ’
95 3429 344 3486 omnibus
395 3435 650 3507 antiquae
710 3439 1011 3510 scripturae
1065 3438 1307 3510 vestigiis
1362 3437 1711 3510 indiciisque,
1773 3445 1829 3492 ut
1882 3441 2081 3510 passim

23 3537 25 3563 1
98 3514 151 3571 in
193 3517 311 3573 aliis
350 3520 532 3576 eodem
572 3523 727 3580 modo
766 3525 989 3588 ἀνιάτως
1029 3527 1253 3596 ἔχουσιν.
1336 3525 1467 3592 Quis
1491 3568 1505 3591 ,
1549 3542 1777 3597 quaeso,
1821 3542 2078 3597 umquam

22 3599 25 3650 ³
96 3606 399 3663 emendabit
441 3626 514 3665 vs.
558 3614 680 3666 125.
