2436 4068
1318 217 1422 278 5452

391 358 482 412 sed
526 358 663 429 sugit
703 376 824 413 eum
880 361 1101 414 tertium
1156 359 1210 412 in
1252 359 1337 412 his
1378 358 1667 422 111endum;
1718 361 1857 431 quod
1910 361 2033 416 olim
2077 370 2193 417 erat
2233 366 2361 417 scri-

392 454 546 516 ptum
597 454 1343 503 EKBEBHKENTPIBETAI
1398 448 1547 500 intus
1602 448 1909 503 continebat
1948 467 2130 503 veram
2179 450 2361 504 lectio-

388 549 512 587 nem
555 534 719 587 hanc:
761 535 1049 599 ἐκβέβηκ’,
1093 535 1402 600 ἐντρίβεται.
1482 535 1735 589 Putidum
1780 542 1862 589 est
1906 539 2173 591 notissimi
2217 538 2366 592 verbi

387 622 686 687 ἐντρίβομικι
743 639 901 676 usum
953 622 1210 692 exemplis
1269 622 1588 693 quibusdam
1631 623 1925 678 ostendere.
2004 625 2063 679 In
2115 626 2212 680 hoc
2254 628 2367 697 ipso

388 709 676 763 Clementis
722 709 837 764 loco
877 709 1159 780 aliquoties
1218 710 1488 774 recurrit,
1542 710 1703 764 sicuti
1744 717 1795 764 et
1850 728 2040 767 nomen
2090 713 2366 782 ἔντριμμοι.

388 796 659 852 Proferam
703 805 882 852 tamen
925 814 1130 861 unum,
1173 805 1230 851 ut
1265 797 1691 869 pulcherrimum
1743 799 1950 870 antiqui
1987 809 2174 872 poetae
2215 819 2364 856 sena·

386 884 530 937 rium
572 902 601 938 a
650 884 940 940 Clementis
983 885 1159 939 verbis
1208 884 1572 956 distinguam,
1611 887 1704 956 qui
1761 888 2072 958 saepissime
2112 897 2365 945 venustos

384 979 664 1042 poetarum
706 972 849 1027 locos
889 973 1060 1045 lepide
1100 980 1153 1028 et
1195 974 1327 1028 scite
1368 973 1545 1027 verbis
1587 974 1701 1027 suis
1743 974 1876 1028 solet
1927 977 2186 1032 intexere.
2269 978 2362 1032 Le-

386 1062 535 1131 gitur
577 1079 625 1132 p.
666 1064 801 1115 217:
854 1062 1004 1130 πόρνη
1055 1063 1106 1116 δὲ
1146 1063 1260 1116 άντ’
1301 1063 1464 1123 αὐτῆς
1505 1060 1591 1115 mci
1626 1062 1879 1129 μοιχαλὶς
1917 1071 2010 1127 τῆς
2047 1073 2228 1134 ψυχῆς
2271 1088 2363 1121 κω·

385 1150 607 1219 τείληφε
647 1149 705 1203 τὸ
754 1148 938 1203 ἄδυτον
983 1150 1044 1204 τό
1086 1171 1145 1204 τε
1195 1151 1430 1212 ἀληθινὸν
1477 1149 1633 1216 θηρίον
1674 1151 2060 1217 ἐλεγχθήσεται

842 1239 1071 1306 Ψιμυθίῳ
1110 1239 1316 1301 πίθηκος
1358 1238 1763 1305 ἕντετριμμένος.

385 1326 478 1396 qui
534 1323 745 1379 iambus
782 1325 1102 1380 Archilocho
1143 1326 1226 1380 vel
1280 1325 1553 1380 Simonide
1606 1344 1711 1380 non
1750 1332 1830 1380 est
1877 1325 2147 1397 indignus,
2228 1330 2361 1403 Tyr·

383 1414 487 1468 taei
525 1420 860 1485 pentameter
898 1413 1039 1485 apud
1080 1413 1405 1469 Clementem
1458 1413 1589 1468 latet
1630 1414 1683 1467 in
1739 1413 1967 1486 Paedag.
2007 1415 2099 1470 ΙΙΙ.
2140 1434 2190 1488 p.
2235 1422 2358 1473 100.

381 1501 472 1556 ἐάν
511 1523 570 1556 τε
623 1503 798 1570 μικρὸς
857 1502 943 1556 καὶ
996 1504 1211 1566 ἀσθενὴς
1252 1501 1389 1571 ᾗ-
1415 1502 1506 1556 ἐὰν
1546 1502 1600 1556 δὲ
1651 1500 1753 1571 άροι
1793 1511 1992 1572 πλουτῇ
2032 1505 2128 1569 μὲν
2174 1506 2364 1574 Κινύρω

383 1612 443 1645 τε
484 1592 569 1645 καὶ
626 1590 774 1644 Μίδά
820 1595 1029 1655 μάλλον
1056 1633 1069 1656 ,
1113 1589 1142 1660 ᾖ
1181 1591 1234 1645 δὲ
1276 1589 1446 1651 ἄδικος
1480 1621 1556 1630 —-—
1584 1589 1756 1652 ἄθλιός
1796 1595 1845 1645 τ’
1887 1591 1962 1648 ε’ςὶ
2005 1592 2093 1646 καὶ
2145 1595 2360 1662 άνιάρῶς

383 1680 472 1749 ζῇ,
514 1696 650 1751 quae
683 1681 863 1734 omnia
895 1679 961 1732 ad
1002 1678 1223 1733 verbum
1273 1678 1543 1749 descripta
1578 1684 1706 1734 sunt
1742 1695 1806 1733 ex
1846 1679 2066 1734 Platone
2099 1679 2163 1735 de
2199 1681 2359 1753 Legg.

380 1768 450 1824 ΙΙ.
509 1786 559 1840 p.
596 1772 723 1824 660.
767 1768 827 1823 F.
906 1768 967 1822 ln
1019 1767 1238 1840 Tyrtaei
1293 1765 1614 1837 fragmentis
1655 1782 1718 1820 ex
1767 1766 1911 1822 Stoh.
1964 1767 2145 1822 Floril.
2184 1769 2265 1824 LI.
2313 1778 2358 1825 1.

377 1857 640 1928 Bergkius
673 1855 866 1911 edidit.

676 1945 920 2007 πλουτοίη
954 1945 1008 1999 δὲ
1048 1945 1221 1998 Μίδεω
1263 1943 1349 1998 καὶ
1392 1942 1599 2011 Κινύρηο
1639 1941 1812 1997 πλέον.

376 2032 534 2087 Codd.
577 2032 830 2088 exhibent
869 2033 1099 2101 κινυρέοιο
1139 2034 1375 2098 μᾶλλον,
1416 2031 1548 2085 levis
1588 2030 1882 2086 Giaeculus
1922 2032 1976 2086 in
2030 2032 2152 2088 Cod.
2194 2034 2250 2088 B.
2293 1997 2358 2090 de

377 2138 475 2176 suo
530 2127 868 2176 commentus
925 2130 1006 2176 est
1065 2120 1264 2188 κινύροιο
1325 2118 1499 2172 πλέον.
1580 2117 1720 2185 Quid
1775 2118 1965 2182 lateret
2024 2120 2078 2175 in
2126 2123 2356 2192 κινυρέοιο

372 2214 579 2276 μᾶλλον
619 2209 745 2263 olim
788 2213 988 2280 reperit
1026 2208 1397 2263 Camerarius:

566 2347 581 2359 ,
677 2298 922 2359 πλουτοίη
965 2297 1016 2351 δὲ
1056 2298 1229 2353 Μίδεω
1271 2295 1358 2350 καὶ
1399 2294 1614 2362 Κινύρεω
1653 2293 1850 2362 βάθιον.

373 2388 436 2442 In
494 2386 804 2457 Paedagogo
848 2385 916 2440 11.
970 2401 1090 2457 pag.
1138 2389 1225 2440 78.
1281 2382 1495 2437 editur:
1554 2384 1786 2452 ἀπέρρεε.
1844 2384 1920 2448 μή
1973 2404 2061 2449 μοι
2131 2385 2355 2455 ςέφοινον

373 2477 609 2546 ἀμφιθῇς
650 2474 803 2543 κάρα.
873 2472 1044 2527 Codex
1088 2489 1258 2527 unus:
1298 2470 1509 2540 ἄπαιρε.
1591 2472 1804 2542 Tragici
1844 2473 2089 2527 senarius
2128 2481 2241 2530 est:

676 2563 901 2631 ἄπερρε,
938 2563 1013 2628 μή
1053 2581 1138 2627 μοι
1180 2560 1404 2628 ςέφοινον
1444 2561 1679 2628 άμφιθῇς
1720 2560 1874 2628 κάροε.

374 2654 437 2707 In
490 2651 821 2706 Stromatum
857 2649 1084 2704 liba-ll.
1140 2666 1189 2720 p.
1221 2652 1346 2703 588.
1390 2649 1468 2703 sic
1506 2648 1733 2718 legitur:
1789 2649 1898 2703 οὐδὲ
1957 2648 2091 2711 Αἴας
2145 2659 2355 2722 σιωπᾷ,

373 2740 580 2806 μέλλων
634 2741 686 2794 δὲ
743 2741 924 2794 ἑαυτὸν
979 2736 1347 2806 ἀποσφάττειν
1405 2737 1694 2805 κέκραγεν·
1752 2737 1890 2792 οὐδὲν
1946 2735 2028 2792 οὖν
2083 2734 2140 2799 ἦν
2197 2746 2353 2805 πῆμά

373 2828 628 2895 ἐλευθέρου
667 2830 848 2895 ψυχὴν
888 2826 1067 2881 δάκνον
1106 2824 1262 2887 οὕτως
1303 2828 1367 2886 ὦς
1412 2826 1585 2892 ἀνδρὸς
1625 2826 1851 2891 άτιμίά,
1893 2824 2023 2879 haec
2063 2842 2187 2879 vero
2227 2836 2354 2882 sunt

375 2915 585 2969 disiecti
638 2914 879 2969 membra
919 2920 1124 2986 poetae.
1205 2913 1343 2968 Vera
1396 2914 1665 2984 scriptura
1716 2914 1937 2968 emersit
1985 2930 2014 2967 e
2069 2912 2352 2987 Chrysippi

374 3003 676 3074 fragmento
716 3005 827 3072 περὶ
868 3005 1210 3071 ἀποφατικῶν
1261 3000 1602 3067 ἀξιωμάτων,
1658 2999 1799 3072 quod
1839 3017 1904 3055 ex
1941 3017 2142 3074 papyro
2181 3002 2352 3076 Aegy-

374 3093 550 3163 ptiaco
590 3091 910 3145 Letronnius
951 3090 1146 3144 edidit:

673 3181 762 3233 οὐκ
804 3176 859 3239 ἧν
899 3177 979 3245 ἄρ’
1010 3179 1145 3232 οὐδὲν
1186 3181 1319 3242 πῆμ’
1359 3176 1615 3243 ἐλευθέρου
1654 3174 1832 3231 δάκνον

670 3267 850 3333 ψυχὴν
891 3267 1068 3332 ὁμοίως
1106 3265 1279 3331 ἀνδρὸς
1319 3266 1383 3324 ὥς
1421 3263 1630 3328 άτιμίοι.

369 3372 502 3427 quos
553 3372 742 3412 versus
793 3353 1035 3408 Clemens
1088 3351 1323 3406 addidit:
1382 3349 1537 3410 οὕτως
1598 3350 1824 3404 πέπονθά
1881 3353 1972 3406 κοιί
2022 3374 2090 3419 με
2146 3360 2344 3424 συμφο-

367 3447 521 3510 ροῦσοι

741 3533 935 3596 βαθεῖά
975 3531 1121 3592 κηλὶς
1163 3531 1220 3582 ἐκ
1261 3529 1425 3593 βυθῶν
1459 3527 1744 3595 άνοιςρέφει

739 3620 933 3681 λύσσης
975 3626 1165 3686 πικροῖς
1212 3617 1480 3683 κέντροισιν
1523 3611 1867 3683 ἠρεθισμένον,
