2436 4068
959 169 1062 217 757

38 301 378 388 γιγνώσκουσι
429 318 524 382 μὲν
577 318 635 370 τὸ
675 314 860 369 δίκαιον
911 314 1101 373 οὐδενὸς
1153 310 1300 374 ἧττον
1346 317 1442 365 τῶν
1484 310 1659 365 ἄλλων
1705 315 2003 381 ἀνθρώπων,

24 410 125 464 ’διὰ
175 409 227 461 δὲ
282 408 372 468 τὴν
430 409 519 458 τοῦ
580 404 798 465 πλήθους
858 403 1036 455 πενίαν
1094 399 1483 467 ἀναγκάζεσθαι
1541 401 1824 468 ἀδικώτεροι
1877 399 2006 457 εἶναι

23 495 151 563 περὶ
193 495 291 554 τὰς
345 494 536 551 πόλεις.
616 490 952 544 Facillimum
995 497 1074 542 est
1126 491 1178 542 iu
1232 488 1316 542 his
1372 489 1666 542 orationem
1722 506 2011 559 agnoscere

19 582 273 663 {hominis
312 582 375 634 de
413 599 467 634 se
502 580 611 651 ipso
647 578 937 649 loquenlt's:
991 577 1260 640 γιγνώσκω
1301 578 1395 642 μὲν
1433 578 1490 630 τὸ
1531 577 1717 631 δίκαιον
1767 579 2006 640 οὐδενὸς

19 666 231 734 ,ᾆῆττον
278 675 390 722 τῶν
441 667 649 721 ἄλλων
694 665 1054 731 ἀνθρώπων,
1105 665 1477 732 ἀναγκάζομαι
1511 665 1563 718 δὲ
1603 697 1678 706 ——
1713 667 2008 734 ἀδικώτερος

16 744 188 815 ἷεῖναι.
267 757 491 810 Miratus
534 754 711 808 nescio
769 753 891 822 quis
943 753 1376 823 compositionem
1421 758 1638 822 repente
1696 756 1896 808 mutari
1945 757 2008 816 ὥς

17 822 382 914 Ᾰγιγνώσκουσι
421 845 516 909 μὲν
557 875 631 883 -
666 839 1057 907 ἀναγκάζεσθαι
1098 841 1150 893 δέ
1191 839 1380 893 inutile
1420 838 1653 894 fulcrum
1691 841 1900 910 ἔφασαν
1948 842 2014 897 de

0 922 2 978 Ῐ
45 950 144 990 suo
183 934 463 1004 supposuit
509 938 564 986 et
618 931 695 984 sic
751 929 1184 998 compositionem
1246 926 1347 980 loci
1407 944 1570 997 quum
1633 945 1688 982 se
1739 929 2017 984 sublevare

0 1004 4 1098 l
38 1065 42 1077 .
81 1027 255 1076 utaret
296 1022 493 1074 misere
531 1019 790 1088 corrupit.
844 1018 1077 1086 Apparet
1116 1015 1259 1068 enim
1296 1014 1376 1068 vel
1415 1030 1478 1067 ex
1517 1015 1859 1071 collocatione
1897 1035 2013 1088 par-

42 1108 371 1166 ticularum:
429 1110 494 1167 ὥς
547 1106 888 1171 γιγνώσκουσι
946 1105 1041 1169 μέν
1090 1133 1162 1142 -
1213 1101 1604 1168 ἀναγκάζεσθαι
1659 1104 1711 1157 δέ
1770 1106 1844 1158 ita
1900 1123 2016 1160 esse

35 1197 332 1254 coniuncta
390 1201 447 1248 ut
484 1211 548 1248 ex
589 1211 695 1247 uno
732 1200 893 1264 atque
946 1189 1128 1245 eodem
1178 1189 1338 1244 verbo
1388 1189 1566 1254 ἔλεγον
1605 1207 1863 1262 suspensa
1903 1210 2018 1248 esse

40 1283 287 1346 debeant.
366 1283 527 1337 Movit
573 1283 742 1353 igitur
786 1299 848 1336 ea
902 1296 986 1334 res
1033 1278 1432 1349 Xenophontem
1476 1295 1690 1343 senem,
1753 1286 1812 1334 ut
1862 1298 2019 1352 quae-

44 1381 194 1428 reret
243 1371 362 1439 εἴπῃ
411 1372 632 1426 δύναιντ’
685 1370 748 1425 ἂν
798 1372 840 1423 οἱ
901 1373 1111 1422 πολῖται
1164 1366 1526 1435 διατρέφεσθαι
1575 1369 1632 1422 ἐκ
1685 1375 1777 1431 τῆς
1831 1370 2023 1424 ἑαυτῶν

38 1458 247 1527 ὅθενπερ
286 1460 373 1514 καὶ
416 1458 752 1513 δικαιότατον.
834 1457 978 1523 Quae
1016 1462 1195 1508 autem
1241 1454 1305 1509 ad
1356 1454 1485 1510 haec
1523 1455 1848 1511 Schneidero
1895 1458 2020 1512 sub-

37 1570 42 1580 ·
83 1556 172 1603 ata
210 1548 444 1619 suspicio
487 1554 568 1601 est
620 1545 763 1599 hunc
815 1543 1011 1597 librum
1060 1561 1089 1596 a
1128 1541 1475 1613 Xenophonte
1519 1546 1572 1597 in
1627 1544 1823 1599 Eubuli
1876 1547 2020 1600 Ana-

43 1635 268 1711 phlystii
322 1636 551 1706 gratiam
609 1635 973 1704 conscriptum
1015 1649 1162 1694 esse,
1220 1648 1377 1703 quem
1433 1638 1564 1686 tunc
1617 1635 1872 1704 temporis
1908 1652 2020 1689 sus·

111 1733 200 1796 pta
235 1741 365 1779 cura
418 1724 674 1795 pecuniae
712 1721 958 1794 publicae
1008 1727 1216 1774 constat
1257 1719 1463 1773 reditus
1500 1720 1738 1791 publicos
1791 1723 2021 1793 pruden-

45 1813 259 1874 tissime
299 1812 706 1867 administrasse
746 1818 795 1864 et
851 1810 1099 1873 auxisse,
1152 1826 1212 1864 ea
1260 1810 1428 1879 igitur
1479 1811 1712 1880 suspicio
1762 1811 2025 1865 Boeckhio

78 1900 389 1956 chementer
438 1899 678 1963 arridet,
735 1898 869 1952 mihi
924 1915 1022 1952 cur
1076 1915 1178 1951 non
1238 1899 1364 1952 item
1422 1896 1628 1968 placeat
1689 1900 1872 1969 paucis
1918 1900 2019 1954 elo-

24 2005 199 2062 aquar.
288 1989 489 2060 Nempe
550 1988 777 2043 credunt
839 1987 1079 2041 homines
1141 1986 1283 2040 docti
1338 1986 1476 2039 Istro
1532 1985 1673 2057 apud
1730 1987 2017 2058 Diogenem

23 2050 224 2332 gaen.
256 2078 322 2132 11.
366 2082 454 2133 59.
510 2077 750 2131 narranti
795 2075 1196 2146 Xenophontem
1249 2081 1466 2129 auctore
1511 2073 1720 2128 Eubulo
1769 2078 2022 2146 potentis-

76 2185 91 2221 1

77 2167 183 2221 'mo
217 2173 427 2220 oratore
464 2165 530 2219 ab
573 2164 731 2219 exilio
767 2163 930 2219 fuisse
970 2171 1297 2218 revocatum.
1378 2163 1628 2232 Diogenis
1679 2163 1810 2218 haec
1860 2164 2023 2219 verba

80 2261 209 2310 unt:
269 2254 357 2309 καὶ
400 2258 563 2319 Ἴςρος
610 2253 766 2322 φησὶν
815 2255 970 2308 αὐτὸν
1010 2258 1201 2320 φυγεῖν
1254 2253 1397 2306 κατα
1446 2254 1704 2320 ψήφισμα
1751 2254 2022 2320 Εὐβούλου

114 2343 132 2397 l
173 2344 442 2397 κατελθεῖν
484 2342 626 2396 κατα
666 2343 926 2409 ψήφισμα
967 2345 1054 2394 τοῦ
1101 2344 1278 2395 αὑτοῦ.
1360 2340 1520 2395 Recte
1566 2341 1864 2396 Boeckhius
1908 2342 2022 2416 (qui

30 2344 187 2517 fftro
239 2430 394 2485 tidem
449 2429 628 2503 habet)
689 2431 864 2501 posuit
918 2446 1017 2482 non
1074 2437 1197 2482 ante
1253 2427 1619 2502 Olympiadem
1656 2430 1744 2484 CII
1784 2447 1848 2484 an
1889 2431 2019 2486 cul.

32 2524 252 2611 {tantam
307 2536 423 2575 esse
473 2519 707 2591 potuisse
759 2517 955 2573 Eubuli
998 2518 1051 2571 in
1105 2535 1217 2589 rep.
1275 2518 1687 2582 auctoritatem,
1744 2525 1803 2572 ut
1852 2518 2021 2574 Xeno·

35 2607 235 2682 phonti
298 2607 488 2663 salutis
547 2614 734 2662 auctor
787 2623 902 2661 esse
957 2608 1202 2677 potuerit.
1296 2606 1402 2660 Fac
1454 2606 1598 2660 circa
1652 2605 2019 2679 Olympiadem

33 2694 152 2777 21:11.
197 2698 253 2771 (i.
291 2713 335 2751 e.
377 2694 521 2752 circa
566 2712 766 2750 annum
806 2694 956 2767 572.)
1003 2695 1107 2747 iam
1145 2693 1309 2748 fuisse
1356 2695 1486 2748 satis
1528 2700 1795 2766 potentem
1829 2702 1887 2750 ut
1924 2696 2024 2752 hoc

136 2792 317 2850 ceret,
375 2793 430 2839 et
475 2784 596 2839 vide
655 2783 781 2856 quid
845 2783 1010 2838 facias
1056 2782 1293 2838 eiusdem
1349 2782 1472 2837 Istri
1528 2784 1866 2847 testimoni0,
1927 2787 2021 2858 qui

31 2784 448 3026 ἕξοορὴοηῑεω
490 2880 678 2927 auctor
713 2879 788 2927 est
831 2877 1024 2938 φυγεῖν
1074 2888 1284 2942 quoque
1331 2872 1474 2926 κατὰ
1513 2874 1773 2940 ψήφισμα
1823 2876 2023 2940 Εὐβού-

23 3015 51 3045 s,
108 2981 168 3016 v:
210 2963 389 3033 itaque
425 2962 448 3016 ὅ
489 2962 688 3028 τρώσας
730 2961 818 3014 καὶ
851 2959 1037 3015 ἰάσατο
1071 2966 1125 3014 et
1163 2959 1300 3015 idem
1339 2959 1441 3015 fuit
1475 2959 1663 3014 salutis
1704 2969 1892 3016 auctor
1931 2965 2023 3035 qui

22 3048 371 3110 *malamitatis
417 3057 605 3104 auctor
653 3048 844 3103 suerat.
928 3048 1052 3104 Sed·
1083 3048 1283 3102 sactum
1328 3049 1424 3103 hoc
1475 3055 1554 3103 est
1605 3066 1743 3103 anno
1784 3054 1927 3115 594,
1972 3052 2026 3106 id

38 3133 129 3199 snt
168 3139 353 3210 viyinti
386 3138 583 3193 duobus
622 3140 777 3192 annis
828 3145 1000 3192 antea.
1083 3138 1252 3192 Fraus
1293 3137 1541 3210 perpluit.
1623 3138 1722 3205 Qui
1772 3140 1823 3192 in
1861 3140 2028 3195 altera

43 3233 199 3300 parte
237 3227 531 3282 testimonii
581 3227 633 3280 in
685 3234 793 3281 tam
842 3225 1124 3285 manifesto
1163 3226 1439 3281 mendacio
1475 3234 1688 3281 tenetur
1718 3228 1835 3282 eine
1873 3236 1928 3283 tu
1973 3231 2026 3283 in

44 3313 271 3387 reliquis
304 3314 593 3386 quidquam
639 3314 962 3370 credendum
1006 3331 1121 3369 esse
1157 3315 1470 3370 existimas?
1515 3314 1653 3369 Haec
1694 3332 1902 3387 quoque
1942 3325 2025 3373 est

49 3404 392 3469 πεπλασμένη
430 3403 708 3470 παράδοσις
758 3410 811 3458 et
862 3404 1023 3470 ἱςορία
1068 3405 1482 3471 κατεψευσμένη.
1565 3404 1841 3459 Praeterea
1898 3406 2027 3477 quid

54 3505 245 3547 musae
291 3491 455 3547 fuisse
495 3498 774 3563 putemuS,
816 3490 1162 3562 quamobrem
1204 3492 1268 3546 de
1315 3508 1419 3545 uno
1454 3490 1797 3562 Xenophonte
1842 3494 1895 3547 in
1937 3512 2024 3566 pa-

51 3578 208 3634 triam
267 3578 562 3636 revocando
614 3578 951 3651 plebiscitum
995 3579 1192 3635 sactum
1237 3597 1351 3635 esse
1389 3578 1715 3634 credamus?
1798 3582 2028 3638 Pericles
