<?xml version="1.0" encoding="UTF-8"?>
<!DOCTYPE html PUBLIC "-//W3C//DTD XHTML 1.0 Transitional//EN"
    "http://www.w3.org/TR/xhtml1/DTD/xhtml1-transitional.dtd">
<html xmlns="http://www.w3.org/1999/xhtml" xml:lang="en" lang="en">
 <head>
  <title>
</title>
<meta http-equiv="Content-Type" content="text/html;charset=utf-8" />
  <meta name='ocr-system' content='tesseract 3.04.00' />
  <meta name='ocr-capabilities' content='ocr_page ocr_carea ocr_par ocr_line ocrx_word'/>
</head>
<body>
  <div class='ocr_page' id='page_1' title='image "./novaelectionesqu00cobeuoft/novaelectionesqu00cobeuoft_0899.png"; bbox 0 0 2436 4068; ppageno 0'>
   <div class='ocr_carea' id='block_1_1' title="bbox 1049 173 1154 225">
    <p class='ocr_par' dir='ltr' id='par_1_1' title="bbox 1049 173 1154 225">
     <span class='ocr_line' id='line_1_1' title="bbox 1049 173 1154 225; baseline 0.01 -1"><span class='ocrx_word' id='word_1_1' title='bbox 1049 173 1154 225; x_wconf 88' lang='grc'><em>865</em></span> 
     </span>
    </p>
   </div>
   <div class='ocr_carea' id='block_1_2' title="bbox 126 317 2103 2420">
    <p class='ocr_par' dir='ltr' id='par_1_2' title="bbox 133 317 1117 387">
     <span class='ocr_line' id='line_1_2' title="bbox 133 317 1117 387; baseline -0.001 -14"><span class='ocrx_word' id='word_1_2' title='bbox 133 317 303 387; x_wconf 85' lang='grc' dir='ltr'><em>φόβον</em></span> <span class='ocrx_word' id='word_1_3' title='bbox 341 322 604 385; x_wconf 78' lang='grc' dir='ltr'><em>ἐμποιεῖν,</em></span> <span class='ocrx_word' id='word_1_4' title='bbox 647 335 750 372; x_wconf 90' lang='lat' dir='ltr'><em>non</em></span> <span class='ocrx_word' id='word_1_5' title='bbox 791 325 949 372; x_wconf 78' lang='grc' dir='ltr'><em>ποιεῖν</em></span> <span class='ocrx_word' id='word_1_6' title='bbox 992 322 1117 372; x_wconf 88' lang='grc'><strong>417.</strong></span> 
     </span>
    </p>

    <p class='ocr_par' dir='ltr' id='par_1_3' title="bbox 129 407 1379 476">
     <span class='ocr_line' id='line_1_3' title="bbox 129 407 1379 476; baseline -0.002 -13"><span class='ocrx_word' id='word_1_7' title='bbox 129 408 507 476; x_wconf 75' lang='grc' dir='ltr'><em>φοινικελίκτης</em></span> <span class='ocrx_word' id='word_1_8' title='bbox 529 451 544 471; x_wconf 89' lang='grc'><em>,</em></span> <span class='ocrx_word' id='word_1_9' title='bbox 583 407 954 473; x_wconf 77' lang='grc' dir='ltr'><em>ἱμαντελίκτης</em></span> <span class='ocrx_word' id='word_1_10' title='bbox 996 414 1048 461; x_wconf 83' lang='lat' dir='ltr'><em>et</em></span> <span class='ocrx_word' id='word_1_11' title='bbox 1089 407 1208 461; x_wconf 91' lang='lat' dir='ltr'><strong>sim.</strong></span> <span class='ocrx_word' id='word_1_12' title='bbox 1251 408 1379 460; x_wconf 88' lang='grc'><strong>506.</strong></span> 
     </span>
    </p>

    <p class='ocr_par' dir='ltr' id='par_1_4' title="bbox 131 497 788 564">
     <span class='ocr_line' id='line_1_4' title="bbox 131 497 788 564; baseline 0 -14"><span class='ocrx_word' id='word_1_13' title='bbox 131 501 306 564; x_wconf 90' lang='grc' dir='ltr'><em>φορεῖν</em></span> <span class='ocrx_word' id='word_1_14' title='bbox 335 528 411 536; x_wconf 83' lang='grc'><strong>-</strong></span> <span class='ocrx_word' id='word_1_15' title='bbox 446 497 616 564; x_wconf 85' lang='grc' dir='ltr'><em>φέρειν</em></span> <span class='ocrx_word' id='word_1_16' title='bbox 662 499 788 551; x_wconf 88' lang='grc'><strong>156.</strong></span> 
     </span>
    </p>

    <p class='ocr_par' dir='ltr' id='par_1_5' title="bbox 131 583 1182 653">
     <span class='ocr_line' id='line_1_5' title="bbox 131 583 1182 653; baseline -0.002 -15"><span class='ocrx_word' id='word_1_17' title='bbox 131 589 306 653; x_wconf 84' lang='grc' dir='ltr'><em>φορεῖν</em></span> <span class='ocrx_word' id='word_1_18' title='bbox 345 584 550 650; x_wconf 87' lang='grc' dir='ltr'><em>ἱμάτιον</em></span> <span class='ocrx_word' id='word_1_19' title='bbox 573 626 588 647; x_wconf 91' lang='grc'><em>,</em></span> <span class='ocrx_word' id='word_1_20' title='bbox 627 601 732 638; x_wconf 86' lang='lat' dir='ltr'><em>non</em></span> <span class='ocrx_word' id='word_1_21' title='bbox 771 583 1014 652; x_wconf 77' lang='grc' dir='ltr'><em>φέρεσθαι</em></span> <span class='ocrx_word' id='word_1_22' title='bbox 1057 586 1182 637; x_wconf 88' lang='grc'><strong>789.</strong></span> 
     </span>
    </p>

    <p class='ocr_par' dir='ltr' id='par_1_6' title="bbox 134 671 1160 741">
     <span class='ocr_line' id='line_1_6' title="bbox 134 671 1160 741; baseline -0.001 -14"><span class='ocrx_word' id='word_1_23' title='bbox 134 677 314 741; x_wconf 91' lang='grc' dir='ltr'><em>φρονεῖ</em></span> <span class='ocrx_word' id='word_1_24' title='bbox 347 673 600 738; x_wconf 72' lang='grc' dir='ltr'><em>μέγιςον,</em></span> <span class='ocrx_word' id='word_1_25' title='bbox 644 688 746 725; x_wconf 89' lang='lat' dir='ltr'><em>non</em></span> <span class='ocrx_word' id='word_1_26' title='bbox 789 671 988 736; x_wconf 73' lang='grc' dir='ltr'><em>μέγιςα</em></span> <span class='ocrx_word' id='word_1_27' title='bbox 1029 673 1160 726; x_wconf 96' lang='grc'><strong>645.</strong></span> 
     </span>
    </p>

    <p class='ocr_par' dir='ltr' id='par_1_7' title="bbox 130 755 1606 829">
     <span class='ocr_line' id='line_1_7' title="bbox 130 755 1606 829; baseline -0.001 -15"><span class='ocrx_word' id='word_1_28' title='bbox 130 765 351 828; x_wconf 81' lang='grc' dir='ltr'><em>φρονεῖν.</em></span> <span class='ocrx_word' id='word_1_29' title='bbox 394 758 451 815; x_wconf 81' lang='grc' dir='ltr'><em>εὖ</em></span> <span class='ocrx_word' id='word_1_30' title='bbox 490 765 690 829; x_wconf 83' lang='grc' dir='ltr'><em>φρονεῖν</em></span> <span class='ocrx_word' id='word_1_31' title='bbox 729 765 780 813; x_wconf 81' lang='lat' dir='ltr'><em>et</em></span> <span class='ocrx_word' id='word_1_32' title='bbox 819 764 1018 828; x_wconf 88' lang='grc' dir='ltr'><em>φρονεῖν</em></span> <span class='ocrx_word' id='word_1_33' title='bbox 1058 755 1207 828; x_wconf 64' lang='grc' dir='ltr'><em>ᾳιιίἆ</em></span> <span class='ocrx_word' id='word_1_34' title='bbox 1228 757 1479 813; x_wconf 82' lang='lat' dir='ltr'>differant</span> <span class='ocrx_word' id='word_1_35' title='bbox 1519 761 1606 813; x_wconf 88' lang='lat'><em>90.</em></span> 
     </span>
    </p>

    <p class='ocr_par' dir='ltr' id='par_1_8' title="bbox 130 846 1418 917">
     <span class='ocr_line' id='line_1_8' title="bbox 130 846 1418 917; baseline -0.002 -15"><span class='ocrx_word' id='word_1_36' title='bbox 130 852 331 917; x_wconf 89' lang='grc' dir='ltr'><em>φρονεῖν</em></span> <span class='ocrx_word' id='word_1_37' title='bbox 370 848 551 913; x_wconf 72' lang='grc' dir='ltr'><em>μέγα,</em></span> <span class='ocrx_word' id='word_1_38' title='bbox 592 846 799 914; x_wconf 82' lang='grc' dir='ltr'><em>σμικρόν</em></span> <span class='ocrx_word' id='word_1_39' title='bbox 840 853 893 901; x_wconf 83' lang='lat' dir='ltr'><em>et</em></span> <span class='ocrx_word' id='word_1_40' title='bbox 932 847 1056 903; x_wconf 87' lang='lat' dir='ltr'><strong>sim.</strong></span> <span class='ocrx_word' id='word_1_41' title='bbox 1101 849 1248 909; x_wconf 74' lang='lat'><strong>268,</strong></span> <span class='ocrx_word' id='word_1_42' title='bbox 1291 849 1418 900; x_wconf 90' lang='grc'><strong>645.</strong></span> 
     </span>
    </p>

    <p class='ocr_par' dir='ltr' id='par_1_9' title="bbox 131 938 737 1005">
     <span class='ocr_line' id='line_1_9' title="bbox 131 938 737 1005; baseline -0.003 -15"><span class='ocrx_word' id='word_1_43' title='bbox 131 939 290 1005; x_wconf 72' lang='grc' dir='ltr'><em>φρονῇ</em></span> <span class='ocrx_word' id='word_1_44' title='bbox 318 967 396 976; x_wconf 94' lang='lat'>—</span> <span class='ocrx_word' id='word_1_45' title='bbox 422 939 567 1004; x_wconf 69' lang='grc' dir='ltr'><em>φωνῇ</em></span> <span class='ocrx_word' id='word_1_46' title='bbox 610 938 737 990; x_wconf 72' lang='grc'><strong>228.</strong></span> 
     </span>
    </p>

    <p class='ocr_par' dir='ltr' id='par_1_10' title="bbox 133 1023 1152 1094">
     <span class='ocr_line' id='line_1_10' title="bbox 133 1023 1152 1094; baseline 0 -15"><span class='ocrx_word' id='word_1_47' title='bbox 133 1025 328 1094; x_wconf 77' lang='grc' dir='ltr'><em>φρουρά</em></span> <span class='ocrx_word' id='word_1_48' title='bbox 359 1044 438 1077; x_wconf 86' lang='grc'><em>---</em></span> <span class='ocrx_word' id='word_1_49' title='bbox 471 1025 689 1092; x_wconf 61' lang='lat' dir='ltr'><em>epm-sla</em></span> <span class='ocrx_word' id='word_1_50' title='bbox 726 1023 983 1078; x_wconf 83' lang='lat' dir='ltr'>Laconice</span> <span class='ocrx_word' id='word_1_51' title='bbox 1024 1026 1152 1079; x_wconf 75' lang='lat'><strong>722.</strong></span> 
     </span>
    </p>

    <p class='ocr_par' dir='ltr' id='par_1_11' title="bbox 130 1111 1588 1183">
     <span class='ocr_line' id='line_1_11' title="bbox 130 1111 1588 1183; baseline -0.003 -16"><span class='ocrx_word' id='word_1_52' title='bbox 130 1112 363 1183; x_wconf 87' lang='grc' dir='ltr'><em>φρουρά,</em></span> <span class='ocrx_word' id='word_1_53' title='bbox 403 1111 716 1181; x_wconf 80' lang='grc' dir='ltr'><em>ἔμφρουρος,</em></span> <span class='ocrx_word' id='word_1_54' title='bbox 755 1111 1033 1181; x_wconf 76' lang='grc' dir='ltr'><em>ἄφρουρος,</em></span> <span class='ocrx_word' id='word_1_55' title='bbox 1074 1112 1156 1166; x_wconf 77' lang='grc' dir='ltr'><em>ε’πὶ</em></span> <span class='ocrx_word' id='word_1_56' title='bbox 1197 1115 1420 1182; x_wconf 72' lang='grc' dir='ltr'><em>φρουρᾶς</em></span> <span class='ocrx_word' id='word_1_57' title='bbox 1465 1113 1588 1165; x_wconf 69' lang='lat'><em>722.</em></span> 
     </span>
    </p>

    <p class='ocr_par' dir='ltr' id='par_1_12' title="bbox 130 1199 1059 1272">
     <span class='ocr_line' id='line_1_12' title="bbox 130 1199 1059 1272; baseline -0.002 -16"><span class='ocrx_word' id='word_1_58' title='bbox 130 1199 465 1271; x_wconf 81' lang='grc' dir='ltr'><em>φρουράρχων</em></span> <span class='ocrx_word' id='word_1_59' title='bbox 507 1199 891 1272; x_wconf 78' lang='lat' dir='ltr'><strong>interpolatum</strong></span> <span class='ocrx_word' id='word_1_60' title='bbox 933 1204 1059 1255; x_wconf 82' lang='grc'><strong>574.</strong></span> 
     </span>
    </p>

    <p class='ocr_par' dir='ltr' id='par_1_13' title="bbox 129 1292 843 1357">
     <span class='ocr_line' id='line_1_13' title="bbox 129 1292 843 1357; baseline -0.003 -13"><span class='ocrx_word' id='word_1_61' title='bbox 129 1295 364 1357; x_wconf 86' lang='grc' dir='ltr'><em>φρουρεῖν</em></span> <span class='ocrx_word' id='word_1_62' title='bbox 395 1321 471 1331; x_wconf 92' lang='lat'>—</span> <span class='ocrx_word' id='word_1_63' title='bbox 506 1293 678 1355; x_wconf 90' lang='grc' dir='ltr'><em>φορεῖν</em></span> <span class='ocrx_word' id='word_1_64' title='bbox 717 1292 843 1343; x_wconf 91' lang='grc'><strong>545.</strong></span> 
     </span>
    </p>

    <p class='ocr_par' dir='ltr' id='par_1_14' title="bbox 128 1373 1173 1448">
     <span class='ocr_line' id='line_1_14' title="bbox 128 1373 1173 1448; baseline -0.005 -15"><span class='ocrx_word' id='word_1_65' title='bbox 128 1378 333 1448; x_wconf 74' lang='grc' dir='ltr'><em>φρουροί</em></span> <span class='ocrx_word' id='word_1_66' title='bbox 370 1383 424 1432; x_wconf 82' lang='lat' dir='ltr'><em>et</em></span> <span class='ocrx_word' id='word_1_67' title='bbox 466 1376 707 1445; x_wconf 80' lang='grc' dir='ltr'><em>φύλακες</em></span> <span class='ocrx_word' id='word_1_68' title='bbox 748 1373 1006 1430; x_wconf 82' lang='lat' dir='ltr'>differunt</span> <span class='ocrx_word' id='word_1_69' title='bbox 1046 1379 1173 1430; x_wconf 91' lang='grc'><strong>574.</strong></span> 
     </span>
    </p>

    <p class='ocr_par' dir='ltr' id='par_1_15' title="bbox 130 1463 1329 1536">
     <span class='ocr_line' id='line_1_15' title="bbox 130 1463 1329 1536; baseline -0.003 -14"><span class='ocrx_word' id='word_1_70' title='bbox 130 1468 267 1536; x_wconf 50' lang='grc' dir='ltr'><em>φάρε’</em></span> <span class='ocrx_word' id='word_1_71' title='bbox 299 1467 350 1527; x_wconf 85' lang='grc' dir='ltr'><em>ἔς</em></span> <span class='ocrx_word' id='word_1_72' title='bbox 390 1464 605 1532; x_wconf 78' lang='grc' dir='ltr'><em>ἔσχατα</em></span> <span class='ocrx_word' id='word_1_73' title='bbox 632 1496 709 1504; x_wconf 91' lang='grc'><strong>-</strong></span> <span class='ocrx_word' id='word_1_74' title='bbox 739 1466 903 1533; x_wconf 75' lang='grc' dir='ltr'><em>φεῦγ’</em></span> <span class='ocrx_word' id='word_1_75' title='bbox 944 1463 1157 1531; x_wconf 81' lang='grc' dir='ltr'><em>ἔσχατα</em></span> <span class='ocrx_word' id='word_1_76' title='bbox 1199 1468 1329 1519; x_wconf 88' lang='grc'><strong>444.</strong></span> 
     </span>
    </p>

    <p class='ocr_par' dir='ltr' id='par_1_16' title="bbox 131 1552 1114 1624">
     <span class='ocr_line' id='line_1_16' title="bbox 131 1552 1114 1624; baseline -0.002 -16"><span class='ocrx_word' id='word_1_77' title='bbox 131 1555 308 1623; x_wconf 78' lang='grc' dir='ltr'><em>φύην,</em></span> <span class='ocrx_word' id='word_1_78' title='bbox 350 1554 526 1623; x_wconf 80' lang='grc' dir='ltr'><em>φύης,</em></span> <span class='ocrx_word' id='word_1_79' title='bbox 564 1552 674 1620; x_wconf 78' lang='grc' dir='ltr'><em>φύη</em></span> <span class='ocrx_word' id='word_1_80' title='bbox 715 1553 986 1624; x_wconf 77' lang='lat' dir='ltr'><strong>optativus</strong></span> <span class='ocrx_word' id='word_1_81' title='bbox 1027 1556 1114 1607; x_wconf 87' lang='lat'><em>49.</em></span> 
     </span>
    </p>

    <p class='ocr_par' dir='ltr' id='par_1_17' title="bbox 130 1642 1148 1712">
     <span class='ocr_line' id='line_1_17' title="bbox 130 1642 1148 1712; baseline -0.002 -15"><span class='ocrx_word' id='word_1_82' title='bbox 130 1643 275 1712; x_wconf 68' lang='grc' dir='ltr'><em>φύῃ,</em></span> <span class='ocrx_word' id='word_1_83' title='bbox 314 1642 482 1711; x_wconf 81' lang='grc' dir='ltr'><em>φύωσι</em></span> <span class='ocrx_word' id='word_1_84' title='bbox 514 1673 591 1681; x_wconf 89' lang='grc'><strong>-</strong></span> <span class='ocrx_word' id='word_1_85' title='bbox 622 1645 732 1709; x_wconf 71' lang='grc' dir='ltr'><em>φυῇ</em></span> <span class='ocrx_word' id='word_1_86' title='bbox 753 1682 768 1705; x_wconf 91' lang='grc'><em>,</em></span> <span class='ocrx_word' id='word_1_87' title='bbox 806 1645 974 1709; x_wconf 79' lang='grc' dir='ltr'><em>φυῶσι</em></span> <span class='ocrx_word' id='word_1_88' title='bbox 1018 1644 1148 1695; x_wconf 88' lang='grc'><strong>560.</strong></span> 
     </span>
    </p>

    <p class='ocr_par' dir='ltr' id='par_1_18' title="bbox 129 1727 1427 1800">
     <span class='ocr_line' id='line_1_18' title="bbox 129 1727 1427 1800; baseline -0.002 -16"><span class='ocrx_word' id='word_1_89' title='bbox 129 1735 355 1800; x_wconf 76' lang='grc' dir='ltr'><em>φυῆναι,</em></span> <span class='ocrx_word' id='word_1_90' title='bbox 394 1730 544 1797; x_wconf 81' lang='grc' dir='ltr'><em>φυεΙς</em></span> <span class='ocrx_word' id='word_1_91' title='bbox 583 1728 777 1783; x_wconf 86' lang='lat' dir='ltr'><strong>vitiose</strong></span> <span class='ocrx_word' id='word_1_92' title='bbox 817 1746 913 1800; x_wconf 84' lang='lat' dir='ltr'><em>pro</em></span> <span class='ocrx_word' id='word_1_93' title='bbox 951 1733 1146 1799; x_wconf 79' lang='grc' dir='ltr'><em>φῦναι,</em></span> <span class='ocrx_word' id='word_1_94' title='bbox 1188 1727 1296 1797; x_wconf 83' lang='grc' dir='ltr'><em>φύς</em></span> <span class='ocrx_word' id='word_1_95' title='bbox 1338 1731 1427 1783; x_wconf 88' lang='grc'><strong>49.</strong></span> 
     </span>
    </p>

    <p class='ocr_par' dir='ltr' id='par_1_19' title="bbox 132 1817 950 1888">
     <span class='ocr_line' id='line_1_19' title="bbox 132 1817 950 1888; baseline -0.002 -16"><span class='ocrx_word' id='word_1_96' title='bbox 132 1817 386 1888; x_wconf 83' lang='grc' dir='ltr'><em>φυλακάς</em></span> <span class='ocrx_word' id='word_1_97' title='bbox 421 1849 497 1857; x_wconf 88' lang='lat'><em>—-</em></span> <span class='ocrx_word' id='word_1_98' title='bbox 533 1817 783 1884; x_wconf 83' lang='grc' dir='ltr'><em>φύλακας</em></span> <span class='ocrx_word' id='word_1_99' title='bbox 827 1820 950 1871; x_wconf 89' lang='grc'><strong>575.</strong></span> 
     </span>
    </p>

    <p class='ocr_par' dir='ltr' id='par_1_20' title="bbox 128 1903 923 1976">
     <span class='ocr_line' id='line_1_20' title="bbox 128 1903 923 1976; baseline -0.004 -14"><span class='ocrx_word' id='word_1_100' title='bbox 128 1905 360 1976; x_wconf 83' lang='grc' dir='ltr'><em>φυλάξει</em></span> <span class='ocrx_word' id='word_1_101' title='bbox 387 1937 463 1945; x_wconf 95' lang='lat'>—</span> <span class='ocrx_word' id='word_1_102' title='bbox 493 1903 753 1974; x_wconf 74' lang='grc' dir='ltr'><em>φυλάξεις</em></span> <span class='ocrx_word' id='word_1_103' title='bbox 797 1907 923 1959; x_wconf 71' lang='lat'><strong>256.</strong></span> 
     </span>
    </p>

    <p class='ocr_par' dir='ltr' id='par_1_21' title="bbox 129 1992 1000 2066">
     <span class='ocr_line' id='line_1_21' title="bbox 129 1992 1000 2066; baseline -0.009 -15"><span class='ocrx_word' id='word_1_104' title='bbox 129 1996 368 2066; x_wconf 83' lang='grc' dir='ltr'><em>φύομαι,</em></span> <span class='ocrx_word' id='word_1_105' title='bbox 408 1992 574 2063; x_wconf 84' lang='grc' dir='ltr'><em>ἔφυν,</em></span> <span class='ocrx_word' id='word_1_106' title='bbox 615 1993 831 2063; x_wconf 83' lang='grc' dir='ltr'><em>πέφυκα</em></span> <span class='ocrx_word' id='word_1_107' title='bbox 876 1997 1000 2048; x_wconf 87' lang='lat'><em>787.</em></span> 
     </span>
    </p>

    <p class='ocr_par' dir='ltr' id='par_1_22' title="bbox 128 2081 2103 2240">
     <span class='ocr_line' id='line_1_22' title="bbox 128 2081 2103 2154; baseline -0.003 -14"><span class='ocrx_word' id='word_1_108' title='bbox 128 2085 269 2154; x_wconf 83' lang='grc' dir='ltr'><strong>φύω.</strong></span> <span class='ocrx_word' id='word_1_109' title='bbox 321 2082 476 2151; x_wconf 82' lang='grc' dir='ltr'><em>φύω,</em></span> <span class='ocrx_word' id='word_1_110' title='bbox 523 2082 693 2151; x_wconf 65' lang='grc' dir='ltr'><em>φύῃς,</em></span> <span class='ocrx_word' id='word_1_111' title='bbox 744 2081 882 2150; x_wconf 61' lang='grc' dir='ltr'><em>φόνι,</em></span> <span class='ocrx_word' id='word_1_112' title='bbox 933 2081 1134 2149; x_wconf 78' lang='grc' dir='ltr'><em>φύωσι,</em></span> <span class='ocrx_word' id='word_1_113' title='bbox 1195 2097 1299 2136; x_wconf 87' lang='lat' dir='ltr'><em>non</em></span> <span class='ocrx_word' id='word_1_114' title='bbox 1351 2085 1527 2151; x_wconf 73' lang='grc' dir='ltr'><em>φυῇς,</em></span> <span class='ocrx_word' id='word_1_115' title='bbox 1566 2085 1712 2151; x_wconf 73' lang='grc' dir='ltr'><em>φυῇ,</em></span> <span class='ocrx_word' id='word_1_116' title='bbox 1770 2084 1936 2150; x_wconf 82' lang='grc' dir='ltr'><em>φυῶσι</em></span> <span class='ocrx_word' id='word_1_117' title='bbox 1978 2086 2103 2138; x_wconf 88' lang='grc'><strong>560.</strong></span> 
     </span>
     <span class='ocr_line' id='line_1_23' title="bbox 358 2170 1032 2240; baseline -0.003 -16"><span class='ocrx_word' id='word_1_118' title='bbox 358 2170 536 2240; x_wconf 69' lang='grc' dir='ltr'><em>ἐμφύῃ</em></span> <span class='ocrx_word' id='word_1_119' title='bbox 570 2201 646 2210; x_wconf 88' lang='grc'><strong>-</strong></span> <span class='ocrx_word' id='word_1_120' title='bbox 684 2170 862 2239; x_wconf 75' lang='grc' dir='ltr'><em>ε’μφυῇ</em></span> <span class='ocrx_word' id='word_1_121' title='bbox 905 2173 1032 2223; x_wconf 89' lang='grc'><strong>560.</strong></span> 
     </span>
    </p>

    <p class='ocr_par' dir='ltr' id='par_1_23' title="bbox 132 2257 1398 2328">
     <span class='ocr_line' id='line_1_24' title="bbox 132 2257 1398 2328; baseline -0.003 -13"><span class='ocrx_word' id='word_1_122' title='bbox 132 2260 265 2328; x_wconf 83' lang='grc' dir='ltr'><strong>φύω.</strong></span> <span class='ocrx_word' id='word_1_123' title='bbox 307 2259 458 2327; x_wconf 80' lang='grc' dir='ltr'><em>φύειν</em></span> <span class='ocrx_word' id='word_1_124' title='bbox 500 2258 743 2319; x_wconf 77' lang='grc' dir='ltr'><em>ὀδόντας,</em></span> <span class='ocrx_word' id='word_1_125' title='bbox 784 2259 974 2326; x_wconf 81' lang='grc' dir='ltr'><em>τρίχας</em></span> <span class='ocrx_word' id='word_1_126' title='bbox 1016 2262 1068 2312; x_wconf 83' lang='lat' dir='ltr'><em>et</em></span> <span class='ocrx_word' id='word_1_127' title='bbox 1108 2257 1228 2312; x_wconf 88' lang='lat' dir='ltr'><strong>sim.</strong></span> <span class='ocrx_word' id='word_1_128' title='bbox 1271 2261 1398 2312; x_wconf 89' lang='grc'><strong>654.</strong></span> 
     </span>
    </p>

    <p class='ocr_par' dir='ltr' id='par_1_24' title="bbox 126 2345 1567 2420">
     <span class='ocr_line' id='line_1_25' title="bbox 126 2345 1567 2420; baseline 0.001 -19"><span class='ocrx_word' id='word_1_129' title='bbox 126 2352 272 2417; x_wconf 73' lang='grc' dir='ltr'><em>φωνῇ</em></span> <span class='ocrx_word' id='word_1_130' title='bbox 315 2345 423 2420; x_wconf 74' lang='grc' dir='ltr'><em>(τῇ)</em></span> <span class='ocrx_word' id='word_1_131' title='bbox 464 2345 777 2413; x_wconf 78' lang='grc' dir='ltr'><em>ἑλληνίζειν,</em></span> <span class='ocrx_word' id='word_1_132' title='bbox 819 2345 1141 2414; x_wconf 69' lang='grc' dir='ltr'><em>βοιωτιάζειν</em></span> <span class='ocrx_word' id='word_1_133' title='bbox 1180 2352 1235 2401; x_wconf 84' lang='lat' dir='ltr'><em>et</em></span> <span class='ocrx_word' id='word_1_134' title='bbox 1274 2346 1394 2400; x_wconf 89' lang='lat' dir='ltr'><strong>sim.</strong></span> <span class='ocrx_word' id='word_1_135' title='bbox 1442 2350 1567 2403; x_wconf 87' lang='grc'><strong>100.</strong></span> 
     </span>
    </p>
   </div>
   <div class='ocr_carea' id='block_1_3' title="bbox 1113 2507 1173 2552">
    <p class='ocr_par' dir='ltr' id='par_1_25' title="bbox 1113 2507 1173 2552">
     <span class='ocr_line' id='line_1_26' title="bbox 1113 2507 1173 2552; baseline -0.017 0"><span class='ocrx_word' id='word_1_136' title='bbox 1113 2507 1173 2552; x_wconf 87' lang='grc' dir='ltr'><em>Χ.</em></span> 
     </span>
    </p>
   </div>
   <div class='ocr_carea' id='block_1_4' title="bbox 124 2609 1666 3648">
    <p class='ocr_par' dir='ltr' id='par_1_26' title="bbox 126 2609 806 2680">
     <span class='ocr_line' id='line_1_27' title="bbox 126 2609 806 2680; baseline -0.004 -14"><span class='ocrx_word' id='word_1_137' title='bbox 126 2632 171 2680; x_wconf 83' lang='grc' dir='ltr'><em>χ</em></span> <span class='ocrx_word' id='word_1_138' title='bbox 210 2618 265 2666; x_wconf 80' lang='lat' dir='ltr'><em>et</em></span> <span class='ocrx_word' id='word_1_139' title='bbox 303 2613 373 2679; x_wconf 76' lang='grc' dir='ltr'><em>χθ</em></span> <span class='ocrx_word' id='word_1_140' title='bbox 415 2609 635 2665; x_wconf 75' lang='lat' dir='ltr'>confusa</span> <span class='ocrx_word' id='word_1_141' title='bbox 677 2613 806 2665; x_wconf 90' lang='lat'><strong>600.</strong></span> 
     </span>
    </p>

    <p class='ocr_par' dir='ltr' id='par_1_27' title="bbox 127 2696 1020 2857">
     <span class='ocr_line' id='line_1_28' title="bbox 128 2696 1020 2770; baseline -0.004 -15"><span class='ocrx_word' id='word_1_142' title='bbox 128 2700 295 2769; x_wconf 76' lang='grc' dir='ltr'><em>χαίνω</em></span> <span class='ocrx_word' id='word_1_143' title='bbox 340 2699 531 2754; x_wconf 82' lang='lat' dir='ltr'><strong>vitiose</strong></span> <span class='ocrx_word' id='word_1_144' title='bbox 569 2714 664 2770; x_wconf 84' lang='lat' dir='ltr'><em>pro</em></span> <span class='ocrx_word' id='word_1_145' title='bbox 701 2696 889 2766; x_wconf 78' lang='grc' dir='ltr'><em>χάσκω</em></span> <span class='ocrx_word' id='word_1_146' title='bbox 931 2701 1020 2752; x_wconf 87' lang='grc'><em>98.</em></span> 
     </span>
     <span class='ocr_line' id='line_1_29' title="bbox 127 2787 911 2857; baseline -0.004 -15"><span class='ocrx_word' id='word_1_147' title='bbox 127 2787 351 2857; x_wconf 69' lang='grc' dir='ltr'><em>χαλκίον</em></span> <span class='ocrx_word' id='word_1_148' title='bbox 385 2819 461 2828; x_wconf 91' lang='grc'>-</span> <span class='ocrx_word' id='word_1_149' title='bbox 490 2792 741 2855; x_wconf 84' lang='grc' dir='ltr'><em>χαλκεῖον</em></span> <span class='ocrx_word' id='word_1_150' title='bbox 782 2788 911 2839; x_wconf 88' lang='grc'><strong>655.</strong></span> 
     </span>
    </p>

    <p class='ocr_par' dir='ltr' id='par_1_28' title="bbox 126 2874 907 2944">
     <span class='ocr_line' id='line_1_30' title="bbox 126 2874 907 2944; baseline -0.001 -14"><span class='ocrx_word' id='word_1_151' title='bbox 126 2880 364 2944; x_wconf 79' lang='grc' dir='ltr'><em>χαλκοῦς</em></span> <span class='ocrx_word' id='word_1_152' title='bbox 397 2907 474 2917; x_wconf 93' lang='lat'><em>—-</em></span> <span class='ocrx_word' id='word_1_153' title='bbox 502 2874 735 2944; x_wconf 87' lang='grc' dir='ltr'><em>χάλκεος</em></span> <span class='ocrx_word' id='word_1_154' title='bbox 778 2877 907 2929; x_wconf 89' lang='grc'><strong>497.</strong></span> 
     </span>
    </p>

    <p class='ocr_par' dir='ltr' id='par_1_29' title="bbox 125 2962 1003 3032">
     <span class='ocr_line' id='line_1_31' title="bbox 125 2962 1003 3032; baseline 0 -13"><span class='ocrx_word' id='word_1_155' title='bbox 125 2965 409 3032; x_wconf 72' lang='grc' dir='ltr'><em>χαμᾶθεν,</em></span> <span class='ocrx_word' id='word_1_156' title='bbox 450 2981 553 3019; x_wconf 88' lang='lat' dir='ltr'><em>non</em></span> <span class='ocrx_word' id='word_1_157' title='bbox 594 2962 828 3032; x_wconf 80' lang='grc' dir='ltr'><em>χαμόθεν</em></span> <span class='ocrx_word' id='word_1_158' title='bbox 878 2965 1003 3019; x_wconf 82' lang='grc'><strong>149.</strong></span> 
     </span>
    </p>

    <p class='ocr_par' dir='ltr' id='par_1_30' title="bbox 127 3051 766 3121">
     <span class='ocr_line' id='line_1_32' title="bbox 127 3051 766 3121; baseline -0.005 -14"><span class='ocrx_word' id='word_1_159' title='bbox 127 3052 283 3121; x_wconf 85' lang='grc' dir='ltr'><em>χάριν</em></span> <span class='ocrx_word' id='word_1_160' title='bbox 316 3084 393 3093; x_wconf 93' lang='lat'>—</span> <span class='ocrx_word' id='word_1_161' title='bbox 423 3051 599 3120; x_wconf 87' lang='grc' dir='ltr'><em>χαράν</em></span> <span class='ocrx_word' id='word_1_162' title='bbox 642 3053 766 3106; x_wconf 84' lang='grc'><strong>565.</strong></span> 
     </span>
    </p>

    <p class='ocr_par' dir='ltr' id='par_1_31' title="bbox 127 3141 1267 3386">
     <span class='ocr_line' id='line_1_33' title="bbox 127 3141 1246 3212; baseline 0 -17"><span class='ocrx_word' id='word_1_163' title='bbox 127 3141 407 3208; x_wconf 76' lang='grc' dir='ltr'><em>χαρίσεται</em></span> <span class='ocrx_word' id='word_1_164' title='bbox 447 3141 637 3195; x_wconf 72' lang='lat' dir='ltr'><strong>vitiose</strong></span> <span class='ocrx_word' id='word_1_165' title='bbox 681 3157 773 3212; x_wconf 77' lang='lat' dir='ltr'><em>pro</em></span> <span class='ocrx_word' id='word_1_166' title='bbox 811 3145 1075 3208; x_wconf 83' lang='grc' dir='ltr'><em>χαριεῖται</em></span> <span class='ocrx_word' id='word_1_167' title='bbox 1118 3142 1246 3195; x_wconf 91' lang='grc'><strong>497.</strong></span> 
     </span>
     <span class='ocr_line' id='line_1_34' title="bbox 127 3228 1267 3299; baseline -0.001 -16"><span class='ocrx_word' id='word_1_168' title='bbox 127 3228 356 3299; x_wconf 81' lang='grc' dir='ltr'><em>χάριτας</em></span> <span class='ocrx_word' id='word_1_169' title='bbox 395 3229 714 3291; x_wconf 71' lang='grc' dir='ltr'><em>ἀποδοῦναι,</em></span> <span class='ocrx_word' id='word_1_170' title='bbox 759 3245 860 3282; x_wconf 90' lang='lat' dir='ltr'><em>non</em></span> <span class='ocrx_word' id='word_1_171' title='bbox 899 3228 1100 3297; x_wconf 88' lang='grc' dir='ltr'><em>χάριτα</em></span> <span class='ocrx_word' id='word_1_172' title='bbox 1141 3230 1267 3284; x_wconf 88' lang='grc'><strong>559.</strong></span> 
     </span>
     <span class='ocr_line' id='line_1_35' title="bbox 127 3316 771 3386; baseline 0.003 -15"><span class='ocrx_word' id='word_1_173' title='bbox 127 3323 298 3386; x_wconf 88' lang='grc' dir='ltr'><em>χεῖρον</em></span> <span class='ocrx_word' id='word_1_174' title='bbox 333 3348 408 3359; x_wconf 91' lang='grc'>-</span> <span class='ocrx_word' id='word_1_175' title='bbox 444 3316 598 3383; x_wconf 84' lang='grc' dir='ltr'><em>χείρω</em></span> <span class='ocrx_word' id='word_1_176' title='bbox 643 3319 771 3373; x_wconf 75' lang='lat'><strong>269.</strong></span> 
     </span>
    </p>

    <p class='ocr_par' dir='ltr' id='par_1_32' title="bbox 124 3403 1666 3562">
     <span class='ocr_line' id='line_1_36' title="bbox 125 3403 1666 3475; baseline 0.001 -16"><span class='ocrx_word' id='word_1_177' title='bbox 125 3412 296 3475; x_wconf 87' lang='grc' dir='ltr'><em>χεῖρον</em></span> <span class='ocrx_word' id='word_1_178' title='bbox 337 3404 478 3471; x_wconf 80' lang='grc' dir='ltr'><em>ἔχειν</em></span> <span class='ocrx_word' id='word_1_179' title='bbox 518 3405 591 3458; x_wconf 73' lang='grc' dir='ltr'><em>τά</em></span> <span class='ocrx_word' id='word_1_180' title='bbox 630 3406 891 3471; x_wconf 81' lang='grc' dir='ltr'><em>σώματα,</em></span> <span class='ocrx_word' id='word_1_181' title='bbox 936 3421 1041 3459; x_wconf 91' lang='lat' dir='ltr'><em>non</em></span> <span class='ocrx_word' id='word_1_182' title='bbox 1078 3406 1231 3474; x_wconf 78' lang='grc' dir='ltr'><em>χείρω</em></span> <span class='ocrx_word' id='word_1_183' title='bbox 1275 3411 1328 3460; x_wconf 76' lang='lat' dir='ltr'><em>et</em></span> <span class='ocrx_word' id='word_1_184' title='bbox 1368 3403 1488 3458; x_wconf 89' lang='lat' dir='ltr'><strong>sim.</strong></span> <span class='ocrx_word' id='word_1_185' title='bbox 1538 3407 1666 3461; x_wconf 90' lang='grc'><strong>796.</strong></span> 
     </span>
     <span class='ocr_line' id='line_1_37' title="bbox 124 3492 1021 3562; baseline 0 -15"><span class='ocrx_word' id='word_1_186' title='bbox 124 3494 251 3562; x_wconf 81' lang='grc' dir='ltr'><strong>χέω.</strong></span> <span class='ocrx_word' id='word_1_187' title='bbox 293 3493 509 3559; x_wconf 81' lang='grc' dir='ltr'><em>ὑποχεῖν</em></span> <span class='ocrx_word' id='word_1_188' title='bbox 544 3523 620 3533; x_wconf 90' lang='grc'>-</span> <span class='ocrx_word' id='word_1_189' title='bbox 651 3492 855 3561; x_wconf 73' lang='grc' dir='ltr'><em>ἐπιχεῖν</em></span> <span class='ocrx_word' id='word_1_190' title='bbox 894 3496 1021 3549; x_wconf 89' lang='grc'><strong>601.</strong></span> 
     </span>
    </p>

    <p class='ocr_par' dir='ltr' id='par_1_33' title="bbox 130 3580 708 3648">
     <span class='ocr_line' id='line_1_38' title="bbox 130 3580 708 3648; baseline -0.003 -11"><span class='ocrx_word' id='word_1_191' title='bbox 130 3590 244 3637; x_wconf 87' lang='grc' dir='ltr'><em>Χῖον</em></span> <span class='ocrx_word' id='word_1_192' title='bbox 280 3613 353 3624; x_wconf 93' lang='lat'><em>--</em></span> <span class='ocrx_word' id='word_1_193' title='bbox 389 3580 542 3648; x_wconf 83' lang='grc' dir='ltr'><em>χιόνα</em></span> <span class='ocrx_word' id='word_1_194' title='bbox 586 3582 708 3635; x_wconf 86' lang='grc'><strong>704.</strong></span> 
     </span>
    </p>
   </div>
  </div>
 </body>
</html>
