2436 4068
1264 227 1370 275 588

432 366 974 437 Interpretamentum
1035 366 1276 420 adhaesit
1317 367 1406 420 IX.
1451 370 1501 419 6.
1557 367 1668 419 ἐπεὶ
1723 369 1774 420 δὲ
1830 372 2005 421 ταῦτα
2060 367 2325 433 διήλθομεν

345 454 470 510 οὕτω
511 455 568 517 δὴ
617 455 755 526 [ἤδη]
797 453 939 508 κοοτοὶ
980 455 1160 522 φυλὰς
1201 454 1504 521 διεκρίνομεν
1544 454 1616 507 τοὶ
1662 453 1864 509 ἔπιπλα
1888 497 1901 518 ,
1942 454 2207 509 indicasse
2247 472 2326 508 sa-

345 543 418 596 tis
476 549 572 596 est.
656 541 976 594 Simillimus
1018 541 1165 595 locus
1211 542 1414 612 legitur
1453 540 1540 594 XI.
1585 545 1636 595 8.
1692 542 1803 594 ἐπεὶ
1846 542 1951 608 γὰρ
2011 562 2328 607 καταμεμα-

350 629 549 691 omnivm
589 629 709 682 δοκῶ
748 661 806 668 --
851 626 1005 683 οὕτω
1048 630 1118 692 δὴ
1154 630 1256 694 ἐγὼ
1296 628 1530 696 ἄρχομαι
1570 629 1666 694 μὲν
1704 630 1819 690 τοὺς
1858 629 1994 690 θεοὺς
2037 629 2328 696 θεραπεύειν

350 717 457 770 κτὲ.

422 802 555 855 Ibid.
602 806 629 872 §
674 806 757 856 10.
817 819 911 873 pro
964 802 1259 872 ξενοδοχίαις
1314 802 1707 857 emendandum
1749 820 1865 858 esse
1904 803 2189 867 ξενοδοκίοες
2238 819 2325 857 su-

347 906 443 959 pra
483 889 833 943 ostendimus,
918 890 1134 944 Veteres
1178 907 1280 943 non
1326 889 1482 943 aliter
1524 907 1683 960 quam
1726 889 2016 956 ἓενοδόκος,
2055 891 2328 955 ξενοδοκεῖν

349 984 401 1030 et
441 976 697 1039 ξενοδοκίοο
747 976 1025 1042 dicebant,
1069 985 1127 1030 ut
1168 977 1460 1043 δωροδόκος,
1510 978 1774 1044 δωροδοκίοο
1812 985 1865 1032 et
1913 979 2224 1046 δωροδοκεῖν,
2277 984 2330 1032 et

346 1064 598 1117 similiter
638 1065 690 1116 in
743 1065 993 1119 omnibus
1046 1064 1317 1119 vocabulis
1358 1081 1422 1118 ex
1462 1064 1687 1133 δέχομαι
1730 1067 2079 1137 compositis,
2118 1068 2172 1119 in
2212 1067 2327 1137 qui·

344 1152 447 1206 hus
488 1152 762 1223 primitiva
805 1152 950 1206 verbi
994 1152 1318 1223 significatio
1360 1160 1571 1206 servata
1614 1160 1694 1207 est
1735 1154 2004 1225 capiendi,
2045 1153 2330 1225 accipiendi

346 1246 400 1294 e't
437 1240 748 1309 recipiendi,
792 1247 850 1293 ut
893 1241 944 1293 in
981 1239 1267 1307 οέχυροδόκη
1311 1240 1364 1292 in
1406 1239 1599 1295 Oecon.
1637 1241 1826 1294 XVIII.
1872 1246 1920 1296 7.
2000 1242 2059 1295 In
2101 1241 2329 1295 caeteris

345 1346 389 1395 ’χ
424 1325 684 1398 ponitur,
752 1330 900 1381 utin
949 1329 1217 1395 ἀποδοχή,
1278 1328 1524 1396 διαδοχή,
1585 1328 1820 1397 διάδοχος
1875 1329 2136 1401 aliisque,
2193 1345 2330 1400 quae

345 1431 449 1468 non
488 1420 615 1469 sunt
651 1415 872 1484 perinde
917 1417 1154 1486 antiqua.

419 1503 481 1556 In
525 1505 554 1571 ξ
599 1507 684 1554 11.
745 1502 831 1556 κοιὶ
873 1504 932 1557 τὸ
973 1510 1195 1570 προνοεῖν
1233 1494 1401 1568 μήτι
1443 1506 1600 1559 κοικὸν
1648 1504 1796 1573 λάβῃ
1846 1506 1967 1571 παρ’
2019 1506 2156 1570 ἡμῶν
2196 1507 2328 1571 οὲμε-

343 1594 541 1651 λοῦσοο,
583 1606 711 1643 cave
760 1589 948 1643 credas
999 1590 1223 1662 perinde
1263 1609 1380 1646 esse
1435 1592 1613 1647 dicere
1667 1593 1823 1647 κοοκόν
1876 1613 1926 1647 τι
1971 1594 2163 1658 λαβεῖν
2205 1597 2327 1662 παρ’

344 1681 482 1744 ἡμῶν
541 1685 594 1732 et
646 1679 736 1745 ὑφ’
798 1681 956 1743 ἡμῶν.
1072 1678 1210 1746 Quid
1271 1679 1487 1734 intersit
1546 1680 1746 1751 optime
1802 1680 2122 1734 monstrabit
2178 1681 2328 1736 locus

342 1765 582 1820 Platonis
624 1766 678 1818 in
721 1764 857 1819 libro
891 1767 979 1820 111.
1025 1766 1090 1821 tle
1132 1767 1260 1838 Rep.
1305 1784 1353 1838 p.
1397 1771 1507 1821 406
1549 1768 1608 1821 D.
1666 1768 1811 1835 ποεροὶ
1844 1771 1933 1822 τοῦ
1974 1769 2146 1836 impe&
2190 1769 2327 1838 φοὲρ-

341 1873 508 1918 μοικον
549 1853 703 1915 πιών,
764 1853 903 1923 quod
959 1855 1057 1933 ita⁴
1089 1855 1291 1908 dicitur
1333 1861 1392 1908 ut
1434 1853 1676 1908 medicus
1718 1871 1819 1908 non
1863 1855 2063 1909 dedisse
2101 1856 2192 1921 id,
2234 1856 2326 1912 sed

340 1942 459 1995 dari
494 1941 706 1994 iussisse
748 1942 1121 2012 intelligatur,
1162 1951 1215 1997 et
1269 1944 1348 1996 sic
1391 1948 1511 2010 παρ’
1563 1945 1702 2009 ἡμῶν
1743 1942 1883 1996 idem
1928 1942 2094 1998 ferme
2134 1951 2214 1998 est
2248 1952 2325 2000 at-

342 2046 447 2100 ‘que
488 2030 628 2094 ἡμῶν
669 2029 1008 2093 κελευόντων,
1049 2039 1221 2084 nostro
1259 2031 1421 2083 iussu.

419 2117 477 2170 In
525 2117 553 2186 ᾗ
598 2120 682 2169 15.
725 2118 811 2170 xx)
855 2120 1016 2179 αὐτὴν
1051 2119 1102 2172 δὲ
1143 2120 1192 2171 ἕν
1233 2122 1400 2186 αὐτῇ
1443 2125 1507 2186 τῇ
1546 2119 1693 2187 χώρᾳ
1735 2118 2164 2184 κοετετοέττομεν,
2209 2120 2323 2193 lege

341 2207 391 2258 ἐν
430 2206 598 2273 ταύτῃ
634 2213 698 2273 τῇ
738 2206 902 2274 χώρᾳ.
984 2205 1226 2258 lonicum
1271 2205 1423 2276 plane
1465 2212 1544 2258 est
1601 2205 1742 2277 quod
1798 2207 1850 2259 in
1893 2207 2076 2261 eadem
2128 2211 2156 2278 §
2197 2208 2324 2280 legi-

339 2300 433 2346 ·tur
473 2294 915 2359 τιμιωτέρους
970 2294 1268 2353 τιθέντες
1310 2293 1427 2353 τοὺς
1488 2293 1706 2352 δικοοίους
1747 2299 1842 2347 τῶν
1882 2296 2068 2348 οΞδίκων
2110 2313 2203 2366 pro
2238 2298 2323 2352 διοὶ

339 2382 568 2441 πλείονος
623 2388 778 2444 τιμῆς
830 2379 1082 2443 ἄγοντες,
1146 2387 1203 2433 ut
1258 2379 1615 2451 loquebantur
1656 2382 1837 2434 Attici.
1919 2382 2322 2438 Eiusdemmodi

340 2476 420 2523 est
461 2468 601 2522 XIII.
663 2472 746 2521 10.
800 2474 906 2526 τοῖς
943 2468 1217 2534 ε’ργοοςῆρσι
1270 2483 1365 2538 pro
1409 2467 1695 2534 ἐργοέτοοις,
1756 2475 1808 2523 ct
1865 2469 1967 2523 alia
2022 2471 2321 2541 quaedam,

342 2572 477 2626 quae
518 2571 679 2625 supra
723 2554 1099 2610 indicavimus.

417 2643 474 2697 In
517 2660 632 2714 cap.
669 2642 729 2696 X.
777 2644 804 2711 ὃ
846 2647 898 2697 5.
942 2645 985 2696 εἶ
1020 2645 1155 2708 μήτε
1198 2643 1619 2711 οΞποκρυπτοίμην
1669 2643 1763 2717 [τι]
1811 2651 1908 2699 τῶν
1942 2645 2092 2701 ὄντων
2131 2649 2319 2715 μηδέν,

341 2739 400 2784 ut
443 2747 570 2784 sana
613 2732 682 2783 sit
727 2730 897 2783 oratio
933 2751 982 2784 τι
1025 2731 1127 2783 erit
1168 2730 1599 2800 expungendum.

415 2820 476 2872 In
523 2822 551 2889 ᾗ
596 2822 647 2872 8.
710 2818 736 2880 ἢ
781 2819 877 2871 ὑπὸ
917 2822 1125 2885 λουτροῦ
1176 2818 1464 2891 [ἀληθινῶς]
1519 2819 1995 2885 κοιτωπτεύθησοιν,
2053 2840 2137 2878 me
2193 2842 2318 2896 quo-

340 2923 445 2977 que
505 2914 563 2959 ut
621 2904 1007 2959 Schneidewin
1067 2905 1288 2960 offendit
1348 2909 1590 2968 ἀληθινῶς
1665 2908 1996 2977 ineptissime
2053 2910 2314 2968 additum.

343 2994 599 3065 Suspicor
637 2994 817 3046 nescio
856 3010 1013 3062 quem
1040 3035 1052 3056 ‚
1096 2995 1181 3046 cui
1226 2993 1327 3047 loci
1379 2994 1645 3048 sententia
1687 2993 2031 3052 vehementer
2071 3000 2316 3070 probare-

338 3089 465 3146 tur,
503 3080 853 3150 adscripsisse
894 3082 945 3132 in
992 3082 1250 3150 margine.

416 3169 477 3223 In
530 3184 644 3238 cap.
683 3168 773 3220 XI.
819 3171 870 3222 4.
928 3168 1157 3221 absurda
1199 3167 1357 3222 lectio
1396 3175 1483 3224 τοῦ
1525 3169 1783 3231 ἐπηλύτου
1839 3171 1893 3222 in
1933 3171 2108 3227 verbis
2147 3177 2318 3230 οΞποιν-

340 3259 504 3320 τήσας
546 3258 616 3322 τῷ
669 3253 847 3308 Νικίου
903 3258 1017 3307 τοῦ
1072 3256 1409 3316 ἐπηλύτου
1466 3255 1606 3325 ἵππῳ
1648 3257 1777 3327 quid
1835 3258 2049 3312 landem
2095 3261 2148 3313 in
2201 3279 2317 3318 sese

338 3343 687 3398 absconderet
728 3342 820 3395 diu
866 3348 916 3395 et
955 3342 1485 3413 multum-quaesivi.
1559 3345 1729 3398 -Cuius
1769 3346 1814 3398 is
1845 3362 2015 3415 equus
2055 3356 2193 3402 esset
2233 3354 2313 3404 ni·
2394 3366 2403 3400 ῑ

337 3431 411 3484 hil
457 3430 682 3484 faciebat
723 3429 786 3483 ad
824 3445 969 3483 rem:
1014 3431 1194 3500 itaque
1244 3447 1432 3484 nomen
1486 3431 1687 3484 domini
1727 3432 1850 3485 addi
1892 3435 2167 3490 commode
2209 3455 2309 3491 non

338 3519 515 3589 potuit
552 3518 655 3571 nisi
706 3520 750 3570 si
796 3517 1110 3570 nobilissimi
1150 3526 1200 3570 et
1238 3517 1490 3570 ditissimi
1529 3519 1660 3571 civis
1699 3518 1828 3583 fuit,
1871 3538 1931 3574 ex
1969 3524 2124 3577 cuius
2167 3542 2310 3579 men·

336 3607 481 3660 tione
527 3604 824 3676 splendoris
867 3604 1144 3660 cuiusdam
1189 3611 1240 3659 et
1278 3605 1710 3677 magnificentiae
1746 3610 2073 3679 exspectatio
2127 3629 2305 3666 nasce-

2392 3334 2402 3361 t

2407 2106 2436 2605 ''”MWQ0‹5121⁸“⁴3·=9
2415 1910 2436 2093 &je-27,
2427 1878 2430 1885 .
2425 1836 2430 1844 .
