2436 4068
1350 202 1456 251 546

491 348 571 403 Ad
612 349 781 418 ipsam
834 343 1100 398 Anabasin
1155 358 1402 398 reversus
1454 344 1553 398 hoc
1590 359 1755 397 unum
1805 345 1939 399 addo
1979 363 2080 400 non
2124 345 2291 400 videri
2330 363 2394 400 ex

415 445 562 492 certo
608 431 820 488 dicendi
861 448 991 495 usu,
1033 447 1188 501 quem
1226 433 1525 485 communis
1557 431 1877 487 Graecorum
1921 451 2034 487 mos
2081 432 2392 496 confirmat,

415 541 535 579 eum
574 524 664 594 qui
703 537 869 575 annos
906 520 1128 590 triginta
1182 535 1285 571 non
1327 519 1508 572 minus
1551 526 1710 573 natus
1751 521 1821 574 sit
1857 519 1927 594 (ὃς
1969 521 2031 575 ἂν
2071 521 2263 587 γεγόννι
2307 523 2397 574 οὐκ

414 613 630 666 ἔλαττον
671 609 699 671 ἢ
737 607 989 674 τριάκοντ’
1027 606 1145 670 ἔτη,
1186 613 1246 658 ut
1280 606 1384 677 ipsi
1425 607 1739 680 loquuntur)
1790 626 1940 679 posse
1986 608 2393 677 προφασίζεσθαι

411 701 501 760 τὴν
540 696 772 761 ἡλικίαν,
813 701 905 748 aut
942 710 1138 764 negare
1178 710 1290 748 sese
1321 693 1577 762 ἀκμάζειν
1615 702 1667 749 et
1705 694 1864 749 rebus
1899 697 2148 767 gerendis
2179 713 2274 766 per
2313 712 2395 749 ae-

412 794 579 840 tatem
616 800 730 838 esse
779 798 835 835 εθ
879 781 1146 834 idoneum.
1228 781 1283 835 Si
1322 782 1442 852 quis
1479 783 1533 835 in
1572 783 1793 837 Graecia
1833 786 2057 854 triginta
2096 801 2262 837 annos
2301 800 2395 837 na-

410 884 500 928 tus
537 874 610 938 μῆ
665 871 798 940 φαίη
838 890 916 923 πω
959 868 1215 936 ἀκμάζειν
1269 887 1372 922 non
1425 870 1606 924 minus
1652 870 1880 925 ridicula
1935 889 2020 925 res
2069 871 2204 924 soret
2245 888 2306 924 ac
2347 872 2394 924 si

413 963 534 1034 quis
562 959 703 1032 apud
736 975 833 1012 nos
863 958 937 1010 ita
971 956 1173 1012 diceret
1205 957 1676 1028 quadragesimum
1710 961 1933 1013 tertium
1965 961 2157 1013 aetatis
2190 976 2388 1012 annum

411 1066 593 1121 agenS.
655 1046 793 1114 Quid
819 1045 986 1099 animi
1022 1044 1264 1099 futurum
1308 1045 1469 1100 fuisse
1511 1054 1665 1116 putes
1704 1046 2108 1100 centurionibus
2143 1047 2395 1110 Graecis,

412 1139 458 1192 si
497 1137 617 1208 quis
657 1153 712 1190 se
752 1135 806 1188 id
856 1134 1048 1188 aetatis
1083 1133 1319 1187 nondum
1356 1133 1612 1201 ἀκμάζειν
1663 1132 1911 1197 dixisset,
1952 1151 2119 1205 quum
2156 1135 2394 1206 plerique

410 1241 595 1280 omnes
633 1223 863 1277 solerent
903 1221 1281 1288 παρακμάζειν.
1364 1221 1473 1275 Sub
1523 1221 1613 1275 illo
1662 1221 1806 1274 coelo
1853 1239 2027 1276 annus
2079 1224 2393 1292 trigesimus

411 1330 528 1369 eam
575 1312 944 1366 maturitatem
996 1307 1187 1363 afferre
1236 1309 1463 1372 solebat,
1515 1317 1576 1363 ut
1614 1326 1676 1363 ea
1715 1316 1854 1363 esset
1890 1318 1941 1364 et
1981 1311 2271 1364 honoribus
2307 1328 2394 1382 ge-

411 1400 595 1456 rendis
641 1399 883 1469 legitima
922 1404 1069 1450 aetas
1105 1405 1157 1451 et
1192 1396 1459 1450 iudicialis
1493 1405 1545 1451 et
1587 1398 1853 1451 senatoria
1891 1405 2000 1452 tota
2033 1399 2253 1453 Graecia
2291 1399 2392 1453 lta-

407 1491 602 1560 liaque.
683 1487 828 1552 Quae
857 1485 901 1538 si
937 1485 1059 1555 quis
1089 1485 1268 1538 omnia
1303 1484 1590 1555 diligenter
1617 1485 1958 1555 perpenderit
1992 1486 2133 1540 haud
2167 1486 2389 1540 difficul-

407 1586 490 1631 ter
531 1573 784 1630 concedet
825 1571 957 1625 mihi
990 1572 1423 1643 Xenophontem,
1464 1590 1629 1644 quum
1665 1573 1742 1627 sic
1780 1573 1843 1627 de
1878 1590 1975 1627 sua
2009 1580 2180 1628 aetate
2215 1574 2390 1645 loque·
2434 1565 2436 1570 ’

405 1673 586 1726 retur,
629 1679 659 1716 a
699 1661 965 1715 senatoria
1001 1666 1174 1714 aetate
1214 1668 1267 1715 et
1302 1660 1540 1714 iudiciali
1573 1660 1908 1731 aliquantum
1949 1661 2205 1716 abfuisse:
2248 1662 2390 1734 quod

407 1762 461 1808 et
500 1751 636 1806 mihi
675 1751 788 1821 ipse
827 1765 1013 1802 verum
1056 1764 1171 1802 esse
1211 1750 1423 1819 penitus
1459 1750 1699 1818 persuasi
1738 1756 1786 1803 et
1839 1757 1899 1804 ut
1937 1749 2058 1804 aliis
2107 1750 2390 1821 persuade·
2430 1808 2432 1811 ξ

407 1858 522 1896 rem
563 1839 696 1893 baec
737 1836 1003 1908 copiosius
1043 1853 1202 1907 quam
1249 1835 1387 1889 soleo
1430 1837 1733 1908 perscripsi.

481 1926 788 1984 Dindorfius
823 1923 1051 1978 Anabasi
1074 1941 1103 1978 a
1134 1941 1190 1978 se
1222 1923 1395 1978 editae
1430 1924 1625 1978 adiecit
1658 1924 1868 1979 Scholia
1899 1925 2157 1996 quaedam
2190 1925 2390 1980 Graeca

409 2036 436 2072 6
489 2017 653 2070 variis
706 2012 985 2066 (lodicibus
1051 2029 1194 2066 nunc
1249 2013 1483 2082 primum
1537 2011 1696 2066 edita.
1779 2013 1951 2080 Quam
2019 2013 2208 2068 vellem
2261 2014 2392 2068 istas
2435 2060 2436 2065 ,

408 2105 636 2176 ineptias
690 2117 983 2172 numquam
1036 2099 1344 2170 protulisset
1398 2101 1453 2153 in
1505 2098 1699 2155 lucem.
1778 2101 1921 2155 Nihil
1982 2119 2201 2174 prorsus
2248 2103 2388 2156 inest
2431 2094 2436 2174 ξ

409 2191 549 2264 quod
586 2191 836 2261 cuiquam
876 2187 1124 2258 prodesse
1162 2188 1357 2258 possit;
1400 2189 1446 2241 si
1487 2187 1615 2259 quid
1653 2188 1788 2243 forte
1837 2191 1976 2244 inest
2016 2190 2138 2243 honi
2171 2207 2274 2243 non
2311 2196 2391 2244 est

2428 2178 2436 2285 l

411 2296 636 2343 novum,
677 2279 722 2332 si
760 2276 890 2347 quid
925 2277 1046 2330 novi
1081 2293 1183 2328 non
1219 2286 1299 2329 est
1331 2274 1547 2328 bonurn.
1615 2276 1727 2330 Non
1761 2294 1878 2332 esse
1909 2295 2078 2348 genus
2109 2278 2388 2332 hominum
2426 2290 2436 2317 ἢ

408 2367 620 2422 futilius
660 2373 712 2419 et
752 2366 925 2434 magis
979 2364 1322 2435 nugatorium
1366 2380 1524 2434 quam
1577 2365 1849 2435 sequiores
1898 2365 2183 2420 Graeculos
2236 2383 2391 2438 saepe

411 2454 818 2510 declaravimus
881 2451 1275 2506 Homunciones
1312 2468 1606 2522 numquam
1647 2451 1757 2507 sere
1788 2461 1933 2508 recte
1973 2455 2296 2525 cogitanteS,
2337 2461 2423 2509 et=

408 2560 592 2599 rerum
631 2542 976 2611 antiquarum
1018 2548 1070 2594 et
1091 2540 1376 2594 verborum
1401 2540 1619 2611 perinde
1660 2542 1867 2612 ignari,
1901 2542 2302 2597 conscribillant
2335 2549 2387 2598 et

411 2632 899 2688 comminiscuntur
948 2636 1149 2693 temere
1200 2627 1265 2682 de
1328 2645 1423 2682 suo
1476 2629 1676 2701 aliquid
1743 2629 1883 2699 quod
1935 2629 2068 2683 nihil
2122 2630 2283 2684 faciat
2322 2629 2389 2686 ad
2414 2662 2418 2688 -,

410 2737 556 2785 rem,
598 2717 737 2790 quod
779 2716 988 2771 nullum
1035 2733 1193 2770 usum
1234 2716 1451 2771 habeat:
1491 2734 1590 2771 cur
1630 2717 1798 2787 igitur
1846 2719 1950 2772 ista
1995 2717 2320 2790 proferimus
2355 2735 2417 2774 e:

408 2808 673 2870 tenebriS,
714 2806 908 2876 quibus
944 2803 1136 2859 melius
1166 2805 1221 2857 in
1259 2813 1536 2859 aeternum
1574 2806 1921 2876 prementur?
2004 2806 2145 2861 Satis
2181 2807 2411 2874 meher-¹

409 2897 528 2952 cule
577 2904 656 2950 est
698 2893 976 2947 hominum
1029 2894 1363 2964 ineptorum,
1406 2901 1466 2947 ut
1519 2892 1653 2947 nihil
1693 2910 1825 2964 opus
1878 2895 1948 2948 sit
2003 2895 2386 2949 intermortuas

412 2984 640 3055 ineptias
671 2981 837 3035 veluti
874 2998 937 3035 ex
983 2979 1118 3034 Orco
1158 2981 1211 3033 iu
1253 2980 1429 3035 lucem
1480 2982 1752 3052 vitamque
1800 2999 2063 3036 revocare.
2144 2983 2384 3037 Iocosum

410 3080 492 3129 est
528 3070 708 3124 videre
743 3067 927 3139 quales
963 3069 1072 3122 sint
1105 3069 1196 3121 isti
1237 3069 1578 3139 interpretes:
1621 3069 1698 3123 Ad
1738 3070 1904 3123 Anab.
1928 3071 1968 3123 Ι.
2008 3088 2079 3123 ix.
2119 3074 2184 3123 15
2225 3087 2384 3125 anuo·

406 3162 544 3217 tavit
583 3157 896 3212 homuncio:
946 3156 1316 3210 ἀδικοῦντιε
1370 3158 1686 3224 ἐνεργητικὸν
1737 3158 1854 3211 ἀντὶ
1904 3159 2216 3223 παθητικοῦ,
2269 3158 2426 3215 ἀντὶ,

408 3255 496 3305 τοῦ
542 3245 981 3311 ἀδικουμένῳ.
1064 3244 1172 3296 Hoc
1227 3242 1444 3297 demum
1488 3252 1568 3298 est
1614 3245 1823 3316 sapere!
1877 3248 2195 3313 Ἀφιπ-πεύει
2250 3246 2289 3300 Ι.
2331 3237 2419 3323 tu}

413 3342 480 3392 12
528 3336 648 3389 istis
696 3332 961 3404 significat
1008 3330 1128 3384 ἄνευ
1181 3329 1337 3385 ἵππου
1390 3333 1669 3400 ἐπορεύετο.
1751 3332 1831 3386 Ad
1874 3329 1959 3385 VI.
1999 3351 2031 3386 1.
2078 3339 2140 3387 11
2185 3315 2418 3410 adseris}

408 3426 571 3480 bunt:
613 3421 1047 3486 αὐλούμενοιε
1089 3417 1118 3472 δ’
1146 3419 1249 3476 ἐςιν
1289 3422 1666 3482 αὐλοῦντες.
1743 3421 2044 3486 Πεπαμένον
2087 3421 2172 3475 VI.
2216 3440 2248 3475 1.
2289 3423 2412 3484 12,m

410 3516 454 3568 Si
489 3513 609 3567 istis
638 3509 933 3573 credimus,
973 3507 1240 3579 significat
1274 3509 1477 3562 συνετὸν
1511 3507 1653 3573 ἄγαν
1679 3511 1823 3577 mapa}
1858 3510 1915 3564 τὸ
1946 3510 2282 3565 πεπαίνεσθαι
2307 3506 2385 3582 (l)

410 3601 494 3656 καὶ
539 3602 587 3653 ἐν
629 3598 777 3666 πείρα
819 3595 1147 3663 πραγμάτιον
1188 3595 1454 3661 γεγονέναι
1502 3606 1688 3667 πολλῇ.
1770 3596 1847 3651 Ad
1884 3597 1970 3652 IV.
2015 3616 2060 3653 v.
2104 3601 2172 3653 52
2214 3593 2378 3651 εἷλκεν
