2436 4068
1321 183 1425 231 746

465 331 523 384 In
574 334 601 400 ᾗ
648 335 731 384 19.
791 343 1067 398 perperam
1119 324 1365 380 Editores
1411 326 1506 390 μέν
1556 331 2001 398 transposuerunt
2045 332 2095 384 in
2153 333 2363 389 verbis:

389 419 533 487 φημὶ
580 415 660 471 οὖν
716 416 886 480 ἔγωγε
940 416 1023 468 τὸν
1077 415 1231 479 δῆμον
1285 414 1369 467 τὸν
1417 415 1652 476 Ἀθήνησι
1712 418 2014 480 γιγνώσκειν
2057 421 2149 484 μὲν
2187 420 2362 483 οἵτινες

388 507 574 574 χρηςοί
614 506 719 558 κτὲ.
775 519 1004 572 namque
1045 503 1122 555 sic
1177 503 1324 572 sequi
1383 501 1678 556 debuisset:
1733 506 2256 569 γιγνώσκοντας
2310 511 2360 564 δὲ

388 597 505 654 τοὺς
546 594 638 659 μὲν
678 623 754 632 —--
789 597 1067 658 φιλεῖν,
1110 590 1225 650 τοὺς
1267 591 1318 643 δὲ
1361 622 1431 630 —
1472 598 1738 655 μισεῖν,
1781 609 1882 645 non
1926 594 2066 663 quod
2106 595 2227 648 libri
2270 596 2360 650 ha-

389 682 546 736 bent:
606 679 1083 744 γιγνώσκοντες
1137 678 1189 731 δὲ
1243 679 1358 737 τοὺς
1411 678 1504 742 μὲν
1544 710 1618 718 -
1655 683 1972 745 φιλοῦσι,
2033 684 2148 743 τοὺς
2196 684 2248 737 δὲ
2286 715 2361 727 -

390 773 696 835 μισοῦσιν.
794 767 998 820 Revoca
1041 766 1206 836 igitur
1259 765 1537 818 lectionem
1597 766 1879 820 Codicum:
1940 769 2078 836 φημὶ
2131 772 2224 835 μὲν
2280 770 2360 827 οὖν

391 857 597 921 ἔγωγε,
640 862 691 909 et
732 855 927 908 iterum
971 853 1193 908 emenda
1230 855 1313 907 τὸν
1363 855 1517 919 δῆμον
1557 855 1641 908 τὸν
1682 856 2042 916 Ἀθηναίων
2078 874 2174 927 pro
2213 861 2358 922 Ἀθή-

389 965 542 1005 νησιν.

465 1030 799 1101 Negligentia
841 1029 1139 1082 scribarum
1181 1027 1421 1081 adhaesit
1476 1028 1737 1083 articulus
1783 1030 1836 1082 in
1883 1033 1910 1100 §
1954 1034 2049 1085 19:
2106 1035 2229 1086 ἀλλ’
2276 1034 2359 1088 ἐπὶ

392 1119 508 1192 [τῷ]
557 1120 714 1185 κακῷ.
796 1117 1114 1170 Rectissime
1152 1115 1355 1169 dicitur
1394 1115 1476 1169 ἐπὶ
1513 1118 1581 1184 τῷ
1637 1118 1865 1187 σφετέρῳ
1918 1121 2091 1187 κακῷ,
2144 1120 2235 1175 sed
2275 1123 2359 1175 ἐπ’

389 1208 611 1274 ἀγαθῷ,
652 1205 734 1259 ἐπὶ
779 1205 952 1271 κακῷ,
994 1204 1035 1256 si
1080 1219 1251 1274 neque
1297 1204 1565 1274 genitivus
1618 1221 1789 1276 neque
1830 1223 2116 1277 pronomen
2160 1225 2361 1279 posses-

392 1297 565 1348 sivum
609 1292 847 1356 accedit,
887 1298 1075 1361 suapte
1111 1299 1301 1345 natura
1341 1291 1629 1345 articulum
1674 1310 1775 1346 non
1824 1293 2132 1350 admittunt.

466 1382 657 1436 Labem
699 1380 942 1450 concepit
983 1378 1130 1432 locus
1171 1380 1224 1432 in
1269 1382 1298 1449 §
1339 1382 1435 1433 20:
1477 1381 1822 1448 δημοκρατίαν
1863 1382 1904 1436 δ’
1945 1383 2046 1448 ἐγὼ
2085 1385 2179 1449 μὲν
2219 1387 2358 1454 αὐτῷ

389 1473 457 1538 τῷ
492 1472 632 1538 δήμῳ
671 1467 1064 1533 συγγιγνώσκω.
1107 1467 1286 1520 ἑαυτὸν
1318 1468 1412 1532 μὲν
1449 1469 1552 1535 γαρ
1588 1466 1643 1523 εὖ
1677 1477 1835 1524 ποιεῖν
1871 1471 2027 1525 παντὶ
2070 1474 2354 1539 συγγνώμη

388 1559 509 1615 ἐςίν.
553 1573 782 1627 namque
822 1556 972 1626 prius
1024 1554 1119 1619 μέν
1169 1555 1346 1626 inepto
1389 1555 1499 1608 loco
1540 1557 1769 1626 positum
1813 1565 1921 1623 est,
1962 1561 2228 1630 posterius
2281 1562 2354 1614 vi-

387 1647 520 1700 tiose
575 1644 827 1699 abundat.
923 1642 1070 1709 Quod
1125 1642 1262 1713 apud
1321 1642 1602 1697 Stobacum
1658 1652 1738 1698 cst
1795 1647 1895 1711 ἐγὼ
1946 1650 2086 1715 αὐτῷ
2134 1650 2228 1714 μὲν
2283 1652 2352 1718 τῷ

387 1735 525 1802 δήμῳ
567 1750 608 1787 -a
664 1731 763 1786 levi
823 1737 1122 1785 correctore
1176 1729 1467 1801 profectum
1532 1748 1648 1785 esse
1706 1732 1934 1788 videtur.
2027 1735 2356 1791 Praecedens

382 1831 531 1877 ΕΓΩ
574 1826 881 1891 sequentem
926 1818 1182 1892 syllabam
1234 1826 1346 1872 ΤΩ
1406 1818 1732 1890 absorpsisse
1783 1824 2023 1894 suspicor
2073 1831 2126 1878 et
2163 1841 2350 1879 verum

385 1928 532 1965 esse:
585 1909 928 1976 δημοκρατίαν
968 1909 1010 1962 δ’
1059 1908 1159 1972 ἐγὼ
1207 1909 1276 1974 τῷ
1329 1908 1423 1972 μὲν
1482 1909 1622 1977 δήμῳ
1675 1914 2066 1976 συγγιγνώσκω.
2146 1913 2354 1968 Pariter

387 2001 527 2054 enim
585 1998 744 2068 friget
799 2004 851 2050 et
891 1996 1133 2063 παρέλκει
1190 1995 1243 2049 in
1305 1994 1389 2048 his
1428 1998 1567 2064 αὐτῷ
1622 2004 1781 2068 atque
1833 2000 1928 2065 μέν
1979 2000 2031 2053 in
2080 2017 2193 2072 sqq.
2247 2019 2352 2073 quo
2419 2041 2421 2047 ,

384 2093 649 2158 expuncto
690 2083 998 2155 legendum:
1044 2084 1221 2137 ἑαυτὸν
1259 2084 1364 2150 γαρ
1401 2081 1455 2138 εὖ
1494 2093 1652 2139 ποιεῖν
1693 2088 1799 2140 κτὲ.
1881 2085 2234 2159 Opponuntur
2275 2091 2352 2143 in-

381 2180 464 2230 ter
497 2193 552 2229 se
582 2176 603 2228 ὅ
639 2175 792 2238 δῆμος
838 2173 961 2246 (non
998 2173 1152 2231 αὐτὸς
1192 2173 1214 2224 o‘
1252 2171 1429 2244 δῆμος)
1472 2180 1524 2226 et
1570 2170 1673 2233 δ’ςις
1713 2176 1785 2239 μὴ
1823 2175 1886 2228 ὢν
1922 2181 2010 2230 τοῦ
2045 2178 2204 2243 δήμου
2239 2180 2346 2232 κτέ.

459 2264 516 2317 ln
571 2279 684 2334 cap.
719 2261 808 2314 111.
867 2263 978 2329 §2
1042 2276 1252 2314 remove
1294 2260 1424 2312 mihi
1465 2260 1728 2314 insulsum
1768 2262 2225 2320 additamentum:
2276 2267 2348 2338 [ἐν
2408 2310 2416 2335 ·.

379 2354 433 2407 δὲ
488 2351 710 2409 ταύταις
765 2345 912 2409 ἧττόν
966 2369 1080 2401 τινα
1122 2347 1333 2401 δυνατόν
1387 2349 1461 2404 ἐςι
1516 2348 1920 2415 διαπράττεσθαι
1978 2358 2074 2406 τῶν
2127 2360 2218 2415 τῆς
2259 2354 2348 2407 πό·
2408 2352 2424 2425 {j

379 2442 551 2510 λεως].
631 2436 869 2491 Ioculare
924 2442 1002 2489 est
1055 2436 1108 2487 in
1161 2435 1255 2488 tali
1298 2453 1353 2489 re
1393 2433 1574 2498 ἧττονε
1635 2436 1752 2491 vide
1802 2439 1961 2493 etiam
2017 2457 2178 2511 quam
2228 2449 2349 2514 apte

378 2530 507 2583 haec
548 2529 655 2580 sint
689 2525 980 2595 composita
1029 2531 1079 2577 et
1129 2541 1289 2594 quam
1333 2525 1539 2579 utiliter
1580 2525 1801 2580 adiecta.

450 2617 561 2670 Una
607 2613 843 2668 litterula
901 2620 1153 2683 corrupta
1193 2619 1274 2667 est
1329 2614 1382 2666 in
1449 2615 1476 2683 §
1522 2614 1704 2668 eadem
1754 2615 1807 2667 in
1857 2615 2067 2670 verbis:
2127 2614 2227 2685 ἆρα
2278 2619 2344 2682 δή

378 2726 441 2759 τι
491 2703 751 2768 θαυμαςὸν
807 2703 849 2755 εἰ
892 2702 964 2767 μη
1009 2697 1098 2754 οἷοί
1138 2722 1196 2754 τε
1250 2702 1373 2755 εἰσίν
1425 2703 1532 2756 κτὲ.
1612 2702 1850 2756 Emenda
1907 2700 2008 2772 ἄρα
2057 2706 2188 2767 δῆτα
2228 2708 2342 2761 docv-
2402 2739 2412 2783 ἴς,

373 2792 557 2859 μας-όν.
652 2790 842 2860 Elapsa
897 2796 982 2843 est*
1035 2789 1208 2842 Attica
1271 2789 1458 2844 vocula
1518 2791 1570 2843 in
1626 2807 1737 2862 rep.
1799 2792 2339 2849 Lacedaemoniorum

375 2881 440 2935 Il.
478 2884 538 2933 8:
580 2878 633 2931 τί
664 2878 832 2939 δῆτα
874 2878 1076 2937 πολλὰς
1111 2878 1326 2942 πληγὰς
1357 2878 1591 2943 ἐπέβαλε
1625 2881 1694 2947 τῷ
1727 2881 2073 2949 οὶλισκομένῳ;
2114 2889 2164 2936 et
2202 2883 2254 2935 in
2277 2882 2340 2936 li-
2401 2879 2417 2918 Ἀ

379 2969 476 3022 bro
498 2968 606 3034 περὶ
633 2965 799 3032 Πόρων
822 2965 908 3019 IV.
947 2969 1043 3019 28:
1086 2967 1152 3020 τί
1191 2968 1360 3029 δῆτα
1399 2970 1452 3021 οὐ
1492 2967 1578 3020 καὶ
1602 2971 1684 3021 νῦν
1722 2968 1901 3023 πολλοὶ
1936 2975 2346 3035 καινοτομοῦσιν;
2399 2991 2410 3025 -.2

377 3058 788 3125 Nonnumquam
830 3050 932 3119 ἄρα
970 3055 1101 3114 δῆτα
1142 3054 1229 3107 illo
1279 3072 1435 3108 sensu
1494 3055 1691 3126 legitur
1731 3056 1870 3127 apud
1912 3058 2340 3128 Aristophanem.
2401 3046 2417 3111 ,Ῑ

451 3143 583 3198 Male
622 3142 878 3196 omissum
922 3148 1002 3193 est
1041 3137 1116 3194 ὅτι
1158 3142 1212 3194 in
1254 3142 1345 3196 ΙΙΙ.
1394 3147 1458 3197 5:
1499 3144 1708 3208 λέγουσι
1745 3145 1797 3198 δέ
1837 3165 1968 3205 τινες
2010 3142 2126 3218 (ὅτι)
2166 3147 2222 3210 ἤν
2261 3168 2339 3207 τις
2400 3148 2402 3151 ’

377 3233 614 3300 ἀργύριον
654 3229 786 3297 ἔχων
829 3229 1003 3297 προσίη
1043 3229 1160 3295 πρὸς
1198 3231 1391 3294 βουλὴν
1437 3231 1464 3293 ἢ
1508 3233 1662 3297 δῆμον
1701 3239 2112 3298 χρηματιεῖται,
2153 3232 2343 3287 deinde

376 3338 471 3392 pro
509 3325 919 3387 χρηματιεῖται,
961 3316 1100 3387 quod
1148 3323 1227 3370 est
1265 3335 1375 3370 rem
1414 3320 1599 3388 saciet,
1654 3337 1772 3391 opes
1825 3320 2068 3390 colliqet,
2107 3320 2342 3375 rescribe

376 3414 677 3477 χρηματιεῖ.
757 3407 859 3473 Qui
905 3422 1026 3459 cum
1077 3413 1266 3459 senatu
1307 3413 1399 3458 aut
1440 3406 1631 3478 populo
1671 3406 1735 3461 de
1775 3424 1832 3462 re
1873 3424 1970 3462 sua
2009 3410 2179 3479 egerit
2214 3430 2338 3477 χρη-

379 3497 598 3562 ματίσαι
639 3493 870 3556 dicitur,
915 3510 1018 3546 non
1057 3494 1499 3560 χρηματίσασθαι.

455 3580 907 3649 Quemadmodum
961 3581 1317 3636 necessarium
1371 3580 1445 3636 ὅτι
1493 3581 1543 3636 h.
1583 3583 1615 3638 l.
1658 3583 1968 3648 intercidit,
2009 3586 2084 3639 sic
2125 3593 2330 3663 contra·
