2436 4068
1323 213 1428 264 616

377 379 482 433 guo
523 360 739 414 oraculo
787 358 1067 429 deceptum
1125 359 1351 428 periisse
1394 359 1702 423 retulisset,
1747 361 1821 414 ita
1864 362 2034 431 pergit
2077 362 2143 417 ad
2186 366 2361 436 ipsum
2431 388 2436 407 ³

373 448 668 521 Apollinem
725 447 1020 500 orationem
1063 453 1415 500 convertens:
1473 447 1652 501 τούτου
1694 449 1746 502 δὲ
1803 451 1904 509 υἱὸς
1954 450 2016 503 ὢν
2059 453 2081 503 ὁ
2122 455 2358 519 Τήμενος
2422 455 2423 458 ’

373 537 700 600 κακοδαίμων
740 531 855 596 ἧκεν
897 535 954 588 ἐκ
994 535 1374 600 κακοδαιμόνων
1423 535 1589 602 τρίτος
1613 579 1627 599 ,
1677 539 1739 591 σὺ
1780 538 1822 590 δ’
1863 539 2002 605 αὐτῷ
2046 549 2360 612 παρεγγυᾷς
2418 539 2423 548 ²

371 621 878 691 ἂκαὶἈριςομάχῳ
918 623 988 690 τῷ
1031 622 1188 690 πατρὶ
1231 623 1339 675 καὶ
1382 621 1503 676 ὅσα
1545 622 1755 678 ἄλλα·
1800 626 2032 686 κάκεῖνός
2075 648 2175 691 σοι,
2217 629 2355 698 ἔφη,
2414 613 2422 663 3

371 712 592 772 πεισθεὶς
633 711 887 765 ἀπέθανεν
929 713 978 764 ἐν
1019 719 1082 780 τῇ
1125 712 1355 780 ἐσβολῇ,
1414 718 1475 765 tu
1513 728 1637 766 vero
1691 712 1948 767 emenda:
2005 711 2042 767 Ec
2096 717 2184 769 καὶ
2224 721 2359 784 Ἀρι·
2409 779 2412 781 Α

373 800 596 868 ςομάχῳ
637 802 706 867 τῷ
750 799 926 866 πατρί.
981 799 1097 853 καὶ
1150 796 1242 859 ὃς·
1301 800 1483 854 ἀλλά
1521 801 1754 862 κάκεῖνός
1799 821 1905 865 σοι,
1964 800 2097 871 ἔφη,
2138 805 2360 866 πεισθεὶς
2418 791 2422 807 ³

371 890 625 943 ἀπέθανεν
666 888 717 941 ἐν
756 895 820 956 τῇ
862 888 1076 956 ἐσβολῇ.

450 977 511 1030 In
553 993 666 1047 cap.
702 975 790 1028 1V.
837 979 885 1029 1.
944 975 1169 1030 ἀκούοιτ’
1211 974 1312 1040 ἂν,
1372 974 1474 1044 ἔφη
1534 976 1556 1028 ὁ
1612 977 1888 1040 Καλλίας,
1949 978 2073 1041 ἐμοῦ
2136 985 2364 1046 πρῶτον,

372 1063 766 1134 emendandum
809 1079 925 1118 esse
979 1081 1169 1117 censeo
1210 1065 1335 1129 ἐμοῦ
1386 1063 1600 1131 πρώτου.
1683 1065 1815 1131 Quis
1869 1081 1975 1117 non
2031 1082 2188 1137 saepe
2232 1067 2366 1122 vidit

373 1159 566 1222 πρῶτος
605 1158 658 1207 61
714 1157 906 1219 πρῶτον
961 1151 1259 1206 confundi?
1334 1151 1642 1222 Numquam
1701 1152 1801 1206 hoc
1861 1151 2065 1206 sactum
2110 1161 2192 1208 est
2233 1156 2365 1226 quin

377 1242 642 1297 sententia
680 1240 784 1295 loci
821 1246 1292 1311 corrumperetur:
1333 1239 1424 1292 sed
1467 1240 1520 1292 in
1569 1238 1768 1292 talibus
1808 1240 1908 1292 viri
1951 1239 2092 1294 (10611
2136 1241 2190 1294 id
2226 1243 2366 1314 quod

378 1330 667 1385 dicendum
708 1335 824 1383 erat
866 1328 1037 1397 magis
1075 1344 1236 1398 quam
1273 1325 1327 1379 id
1369 1325 1510 1397 quod
1552 1325 1758 1380 dicitur
1791 1328 2030 1398 cogitare
2070 1329 2269 1394 solent,
2315 1339 2370 1386 et

377 1419 452 1472 sic
497 1418 688 1470 Vitium
743 1417 1001 1470 orationis
1059 1433 1163 1469 non
1217 1414 1673 1469 animadvertunt.
1757 1415 1889 1482 Quis
1940 1433 2044 1470 non
2087 1425 2231 1473 recte
2281 1419 2362 1473 in-

379 1505 575 1575 telligit
615 1504 776 1559 verba
815 1503 1148 1576 Thucydidis
1183 1503 1247 1557 II.
1293 1506 1383 1557 54.
1439 1503 1658 1572 δημοσία
1696 1504 1881 1570 ταφάς
1921 1504 2225 1568 ἐποιήσαντο
2266 1511 2365 1560 τῶν

381 1596 434 1649 ἐν
477 1593 603 1662 τῷδε
643 1593 712 1660 τῷ
757 1592 967 1659 πολέμῳ
1027 1596 1219 1658 πρῶτον
1260 1591 1650 1655 ἀποθανόντων,
1703 1598 1755 1644 et
1801 1598 1978 1646 [amen
2022 1592 2120 1647 1100
2166 1595 2238 1649 iia
2291 1593 2367 1649 di·

384 1682 528 1736 citur
568 1681 723 1752 quasi
778 1679 833 1732 in
887 1678 1023 1733 bello
1073 1680 1261 1733 iterum
1316 1678 1507 1733 cadere
1557 1679 1865 1750 potuerint,
1909 1687 1966 1734 ut
2017 1683 2110 1752 qui
2158 1683 2212 1736 in
2271 1682 2369 1737 hoc

382 1769 518 1824 bello
552 1769 784 1841 primum
839 1766 1179 1822 cecidissent.
1261 1767 1375 1821 Imo
1431 1783 1558 1821 vero
1595 1766 1760 1836 primi
1798 1767 2105 1822 ceciderant
2146 1777 2199 1824 et
2240 1772 2367 1840 πρώ-

384 1879 482 1912 των
524 1863 605 1911 est
662 1855 1048 1927 reponendum.
1130 1854 1397 1910 Eusebius
1440 1856 1491 1909 in
1555 1854 1768 1909 Stobaei
1828 1855 2010 1910 Floril.
2050 1857 2228 1912 XLVI.
2281 1864 2370 1914 41.
2434 1879 2436 1882 ⁴

386 1962 491 1999 non
533 1945 782 2015 scripsit:
824 1945 848 1997 ό
890 1943 1107 2004 θάνατος
1142 1943 1286 2011 παρὰ
1327 1949 1424 1996 τῶν
1473 1944 1680 2011 πρώτως
1723 1943 1898 1998 δίκαια
1950 1945 2128 2001 θέντων
2169 1950 2258 2002 οὐκ
2309 1946 2372 2010 ὥς

386 2055 434 2088 τι
477 2033 636 2087 κακὸν
674 2034 957 2098 ἐπετιμήθη
982 2075 995 2096 ,
1049 2031 1140 2087 sed
1182 2032 1325 2099 παρά
1368 2037 1465 2086 τῶν
1508 2034 1774 2099 πρώτων
1818 2034 1902 2087 τά
1943 2035 2117 2088 δίκαια
2155 2035 2391 2101 θέντων,,

385 2129 438 2178 61
471 2122 670 2194 passim
714 2119 906 2175 menda
950 2119 1340 2175 eiusdemmodi
1382 2127 1693 2176 recurrunt.
2393 2138 2405 2168 τ

480 2208 823 2263 Manifestum
881 2208 1310 2264 additamentum
1371 2209 1715 2264 eximendum
1779 2218 1858 2265 est
1901 2211 1987 2275 IV,
2050 2217 2094 2266 1.
2161 2215 2212 2267 ἐν
2273 2198 2404 2284 [ιι-ᾤΔ

385 2298 574 2367 χρόνῳ]
616 2293 650 2365 ᾧ
692 2299 828 2362 ὑμῶν
882 2298 1046 2350 ἀκούω
1097 2297 1414 2365 ἀπορούντων
1453 2298 1508 2352 τί
1558 2302 1616 2353 τὸ
1657 2299 1848 2353 δίκαιον
1892 2301 1942 2352 ἐν
1982 2301 2145 2369 τούτῳ
2185 2302 2372 2356 δικαιο-
2432 2319 2436 2356 2

387 2387 556 2453 τέρους
596 2386 713 2446 τοὺς
754 2385 1038 2452 ἀνθρώπους
1081 2392 1219 2439 ποιῶ.
1301 2384 1435 2451 Quis
1483 2402 1587 2439 non
1646 2387 1811 2440 sentit
1855 2389 1925 2455 τῷ
1970 2389 2132 2457 χρόνῳ
2187 2389 2375 2445 abesse

390 2480 663 2546 oportere,
705 2482 756 2527 et
797 2473 921 2526 dum
962 2475 1011 2527 ἐν
1048 2469 1082 2541 ᾧ
1119 2473 1224 2527 dici
1265 2473 1466 2536 nescit,
1508 2480 1601 2527 aut
1639 2475 1689 2527 ἕν
1730 2472 1825 2543 ὅσῳ
1870 2476 2110 2551 (Porson.
2153 2477 2372 2532 AdverS.

390 2581 441 2635 p.
483 2561 657 2635 2940?
714 2569 992 2633 praeterea
1046 2563 1096 2614 ἐν
1140 2562 1428 2631 repetitum
1472 2563 1709 2632 oportuit
1749 2565 1801 2617 ἐν
1846 2566 1915 2632 τῷ
1968 2565 2166 2633 χρόνῳ,
2225 2567 2275 2619 ἐν
2315 2561 2370 2634 ᾦ.

388 2652 567 2705 Etiam
603 2649 728 2704 alibi
771 2650 911 2721 apud
953 2649 1359 2720 Xenophontem
1415 2649 1599 2704 eodem
1642 2650 1796 2704 modo
1837 2659 2118 2723 peccatum
2159 2659 2257 2707 est.

463 2739 756 2810 Frequenti
797 2755 977 2792 errore
1021 2738 1075 2790 in
1131 2739 1159 2807 §
1204 2741 1254 2791 5.
1312 2738 1406 2802 μέν
1463 2740 1853 2810 transpositum
1896 2748 1976 2794 cst
2029 2741 2085 2794 in
2137 2740 2291 2795 libris
2327 2743 2370 2797 εἷ

389 2831 482 2896 μὲν
523 2831 644 2896 πρὸς
694 2828 811 2888 τοὺς
871 2826 1063 2887 ἄλλους
1120 2842 1214 2897 pro
1265 2827 1307 2879 εἶ
1362 2827 1483 2894 πρὸς
1536 2827 1632 2892 μὲν
1687 2827 1804 2889 τοὺς
1858 2827 2091 2895 ἄλλους,
2149 2829 2214 2884 de
2269 2847 2372 2902 quo
2435 2850 2436 2895 j

387 2917 569 2972 mendi
611 2932 804 2986 genere
843 2932 1007 2987 supra
1047 2914 1309 2986 quaedam
1343 2915 1738 2970 annotavimus
2435 2983 2436 2990 ἵ

464 3006 526 3060 111
579 3007 607 3074 §
647 3009 698 3058 4.
750 3021 846 3074 pro
886 3006 936 3057 ἐν
976 3004 1138 3071 μισθῷ
1179 3005 1368 3063 αὐταῖς
1411 3005 1625 3058 οἰκοῦσιν
1662 3006 1872 3075 primus
1918 3008 2161 3060 omnium
2214 3008 2362 3062 Aem.
2434 2995 2436 3028 ²

387 3097 579 3149 Portus
613 3107 792 3146 veram
835 3091 1118 3146 lectionem
1160 3093 1360 3161 reperit
1397 3092 1446 3144 ἐν
1484 3093 1862 3157 μισθωταῖς
1902 3095 2134 3148 οἰκοῦσιν.
2214 3095 2367 3149 Com-

385 3181 539 3236 mode
570 3178 931 3236 Schneiderus
961 3179 1143 3234 attulit
1183 3178 1537 3250 Theophrasti
1572 3178 1747 3234 locum
1781 3197 1844 3236 ex
1878 3180 2146 3241 Charactt.
2177 3183 2365 3237 XXIII.
2414 3252 2419 3260 ¹

384 3271 469 3325 καὶ
515 3270 563 3322 ἐν
604 3269 833 3336 μισθωτῇ
875 3269 1008 3338 οἰκία
1047 3270 1187 3322 οἰκῶν
1227 3272 1396 3335 φῆσαι
1438 3268 1636 3329 ταύτην
1676 3266 1805 3323 εἶναι
1855 3270 1946 3331 τὴν
1988 3270 2231 3339 πατρῴαν
2255 3313 2270 3334 ,
2313 3276 2372 3332 et,

383 3357 834 3420 ValckenaeriuS,
887 3355 980 3426 qui
1035 3356 1086 3408 in
1131 3354 1582 3408 Annolationibus
1635 3355 1758 3410 Mss.
1801 3355 2024 3410 eandem
2084 3359 2368 3418 correctio-2

381 3461 503 3499 116111
542 3443 668 3498 huic
707 3443 821 3498 loco
861 3441 1143 3508 adhibuit,
1182 3441 1470 3513 adscripsit
1509 3441 1700 3497 Athen.
1743 3462 1794 3516 p.
1831 3448 1957 3499 212.
2000 3447 2060 3500 D.
2103 3448 2125 3500 ὁ
2162 3448 2215 3500 δὲ
2249 3445 2365 3514 πρό·
2407 3439 2412 3484 Ῑ

381 3552 519 3600 τερον
561 3533 616 3585 ἐκ
645 3534 902 3597 μισθωτῆς
939 3532 1101 3592 οἰκίας
1142 3529 1299 3593 ἐξιών.
2387 3558 2423 3598 1)

457 3621 514 3674 111
561 3622 588 3689 ᾗ
630 3625 678 3673 5.
721 3619 1027 3687 ἀνάσχου
1078 3619 1283 3684 μέντοι,
1327 3616 1361 3672 ὦ
1402 3619 1631 3686 σοφιςά,
1676 3621 2045 3689 ἐλεγχόμενος.
2127 3624 2207 3685 Νὴ
2248 3609 2421 3686 Δί’)γ
