<?xml version="1.0" encoding="UTF-8"?>
<!DOCTYPE html PUBLIC "-//W3C//DTD XHTML 1.0 Transitional//EN"
    "http://www.w3.org/TR/xhtml1/DTD/xhtml1-transitional.dtd">
<html xmlns="http://www.w3.org/1999/xhtml" xml:lang="en" lang="en">
 <head>
  <title>
</title>
<meta http-equiv="Content-Type" content="text/html;charset=utf-8" />
  <meta name='ocr-system' content='tesseract 3.04.00' />
  <meta name='ocr-capabilities' content='ocr_page ocr_carea ocr_par ocr_line ocrx_word'/>
</head>
<body>
  <div class='ocr_page' id='page_1' title='image "./novaelectionesqu00cobeuoft/novaelectionesqu00cobeuoft_0778.png"; bbox 0 0 2436 4068; ppageno 0'>
   <div class='ocr_carea' id='block_1_1' title="bbox 1318 161 1419 210">
    <p class='ocr_par' dir='ltr' id='par_1_1' title="bbox 1318 161 1419 210">
     <span class='ocr_line' id='line_1_1' title="bbox 1318 161 1419 210; baseline -0.01 0"><span class='ocrx_word' id='word_1_1' title='bbox 1318 161 1419 210; x_wconf 81' lang='lat'><strong>744</strong></span> 
     </span>
    </p>
   </div>
   <div class='ocr_carea' id='block_1_2' title="bbox 383 302 2425 1870">
    <p class='ocr_par' dir='ltr' id='par_1_2' title="bbox 386 302 2346 448">
     <span class='ocr_line' id='line_1_2' title="bbox 388 302 2346 375; baseline 0.001 -15"><span class='ocrx_word' id='word_1_2' title='bbox 388 312 484 360; x_wconf 77' lang='grc' dir='ltr'><em>τῶν</em></span> <span class='ocrx_word' id='word_1_3' title='bbox 524 305 822 372; x_wconf 72' lang='grc' dir='ltr'><em>συμμάχων</em></span> <span class='ocrx_word' id='word_1_4' title='bbox 861 302 1136 369; x_wconf 83' lang='grc' dir='ltr'><em>κρείττονές</em></span> <span class='ocrx_word' id='word_1_5' title='bbox 1187 305 1344 367; x_wconf 78' lang='grc' dir='ltr'><em>εἰσιν,</em></span> <span class='ocrx_word' id='word_1_6' title='bbox 1387 302 1650 357; x_wconf 77' lang='lat' dir='ltr'><strong>rescribe:</strong></span> <span class='ocrx_word' id='word_1_7' title='bbox 1704 304 1761 356; x_wconf 81' lang='grc' dir='ltr'><em>τὸ</em></span> <span class='ocrx_word' id='word_1_8' title='bbox 1811 307 2070 360; x_wconf 81' lang='grc' dir='ltr'><em>ὁπλιτικὸν</em></span> <span class='ocrx_word' id='word_1_9' title='bbox 2120 310 2346 375; x_wconf 76' lang='grc' dir='ltr'><em>οέρκεῖν</em></span> 
     </span>
     <span class='ocr_line' id='line_1_3' title="bbox 386 389 1600 448; baseline -0.004 0"><span class='ocrx_word' id='word_1_10' title='bbox 386 403 438 448; x_wconf 88' lang='lat' dir='ltr'><strong>et</strong></span> <span class='ocrx_word' id='word_1_11' title='bbox 472 394 618 448; x_wconf 90' lang='lat' dir='ltr'><strong>locus</strong></span> <span class='ocrx_word' id='word_1_12' title='bbox 653 396 754 446; x_wconf 88' lang='lat' dir='ltr'><strong>erit</strong></span> <span class='ocrx_word' id='word_1_13' title='bbox 789 392 933 444; x_wconf 88' lang='lat' dir='ltr'><strong>omni</strong></span> <span class='ocrx_word' id='word_1_14' title='bbox 974 389 1286 444; x_wconf 86' lang='lat' dir='ltr'><strong>difficultate</strong></span> <span class='ocrx_word' id='word_1_15' title='bbox 1324 390 1600 444; x_wconf 87' lang='lat' dir='ltr'><strong>liberatus.</strong></span> 
     </span>
    </p>

    <p class='ocr_par' dir='ltr' id='par_1_3' title="bbox 384 478 2423 990">
     <span class='ocr_line' id='line_1_4' title="bbox 462 478 2348 548; baseline 0.002 -12"><span class='ocrx_word' id='word_1_16' title='bbox 462 482 753 536; x_wconf 84' lang='lat' dir='ltr'><strong>Senserunt</strong></span> <span class='ocrx_word' id='word_1_17' title='bbox 787 495 970 532; x_wconf 84' lang='lat' dir='ltr'><strong>omnes</strong></span> <span class='ocrx_word' id='word_1_18' title='bbox 1014 495 1172 548; x_wconf 89' lang='lat' dir='ltr'><strong>quam</strong></span> <span class='ocrx_word' id='word_1_19' title='bbox 1216 478 1377 532; x_wconf 83' lang='lat' dir='ltr'><strong>stulte</strong></span> <span class='ocrx_word' id='word_1_20' title='bbox 1417 479 1628 532; x_wconf 88' lang='lat' dir='ltr'><strong>dicatur</strong></span> <span class='ocrx_word' id='word_1_21' title='bbox 1663 480 1730 534; x_wconf 85' lang='grc' dir='ltr'><strong>ΙΙ.</strong></span> <span class='ocrx_word' id='word_1_22' title='bbox 1778 484 1840 534; x_wconf 84' lang='lat'><strong>5:</strong></span> <span class='ocrx_word' id='word_1_23' title='bbox 1881 484 1936 535; x_wconf 88' lang='grc' dir='ltr'><strong>αἱ</strong></span> <span class='ocrx_word' id='word_1_24' title='bbox 1976 484 2070 548; x_wconf 79' lang='grc' dir='ltr'><strong>μὲν</strong></span> <span class='ocrx_word' id='word_1_25' title='bbox 2109 485 2348 548; x_wconf 70' lang='grc' dir='ltr'><em>μεγάλαι</em></span> 
     </span>
     <span class='ocr_line' id='line_1_5' title="bbox 389 564 2420 642; baseline 0.001 -19"><span class='ocrx_word' id='word_1_26' title='bbox 389 568 606 642; x_wconf 79' lang='grc' dir='ltr'><em>(πόλεις)</em></span> <span class='ocrx_word' id='word_1_27' title='bbox 661 568 744 620; x_wconf 76' lang='grc' dir='ltr'><strong>δια</strong></span> <span class='ocrx_word' id='word_1_28' title='bbox 795 567 900 625; x_wconf 77' lang='grc' dir='ltr'><em>δέος</em></span> <span class='ocrx_word' id='word_1_29' title='bbox 946 564 1228 632; x_wconf 73' lang='grc' dir='ltr'><em>ἄρχονται,</em></span> <span class='ocrx_word' id='word_1_30' title='bbox 1281 569 1336 620; x_wconf 83' lang='grc' dir='ltr'><strong>αἱ</strong></span> <span class='ocrx_word' id='word_1_31' title='bbox 1377 568 1428 620; x_wconf 76' lang='grc' dir='ltr'><strong>δὲ</strong></span> <span class='ocrx_word' id='word_1_32' title='bbox 1467 566 1643 634; x_wconf 78' lang='grc' dir='ltr'><em>μικραὶ</em></span> <span class='ocrx_word' id='word_1_33' title='bbox 1697 566 1834 621; x_wconf 70' lang='grc' dir='ltr'><em>πάνυ</em></span> <span class='ocrx_word' id='word_1_34' title='bbox 1888 570 1971 622; x_wconf 76' lang='grc' dir='ltr'><strong>δια</strong></span> <span class='ocrx_word' id='word_1_35' title='bbox 2027 571 2243 637; x_wconf 82' lang='grc' dir='ltr'><em>χρείαν,</em></span> <span class='ocrx_word' id='word_1_36' title='bbox 2297 581 2351 626; x_wconf 82' lang='lat' dir='ltr'><strong>et</strong></span> <span class='ocrx_word' id='word_1_37' title='bbox 2417 596 2420 640; x_wconf 50' lang='grc' dir='ltr'>ξ</span> 
     </span>
     <span class='ocr_line' id='line_1_6' title="bbox 385 654 2421 730; baseline 0.001 -19"><span class='ocrx_word' id='word_1_38' title='bbox 385 658 522 711; x_wconf 91' lang='lat' dir='ltr'><strong>alius</strong></span> <span class='ocrx_word' id='word_1_39' title='bbox 562 656 707 709; x_wconf 89' lang='lat' dir='ltr'><strong>aliud</strong></span> <span class='ocrx_word' id='word_1_40' title='bbox 748 654 1160 708; x_wconf 79' lang='lat' dir='ltr'><strong>substituerunt.</strong></span> <span class='ocrx_word' id='word_1_41' title='bbox 1243 654 1297 708; x_wconf 87' lang='lat' dir='ltr'><strong>si</strong></span> <span class='ocrx_word' id='word_1_42' title='bbox 1342 672 1442 707; x_wconf 87' lang='lat' dir='ltr'><strong>una</strong></span> <span class='ocrx_word' id='word_1_43' title='bbox 1485 654 1671 708; x_wconf 89' lang='lat' dir='ltr'><strong>vocula</strong></span> <span class='ocrx_word' id='word_1_44' title='bbox 1711 657 2025 727; x_wconf 84' lang='lat' dir='ltr'><strong>interposita</strong></span> <span class='ocrx_word' id='word_1_45' title='bbox 2063 661 2351 730; x_wconf 86' lang='lat' dir='ltr'><strong>rescripse-</strong></span> <span class='ocrx_word' id='word_1_46' title='bbox 2418 667 2421 726; x_wconf 41' lang='grc' dir='ltr'>ξ</span> 
     </span>
     <span class='ocr_line' id='line_1_7' title="bbox 385 741 2422 816; baseline 0.001 -18"><span class='ocrx_word' id='word_1_47' title='bbox 385 747 489 798; x_wconf 87' lang='lat' dir='ltr'><strong>ris:</strong></span> <span class='ocrx_word' id='word_1_48' title='bbox 544 747 599 798; x_wconf 83' lang='grc' dir='ltr'><strong>αἱ</strong></span> <span class='ocrx_word' id='word_1_49' title='bbox 640 745 691 797; x_wconf 79' lang='grc' dir='ltr'><strong>δὲ</strong></span> <span class='ocrx_word' id='word_1_50' title='bbox 730 742 905 809; x_wconf 79' lang='grc' dir='ltr'><em>μικραὶ</em></span> <span class='ocrx_word' id='word_1_51' title='bbox 948 741 1086 795; x_wconf 67' lang='grc' dir='ltr'><em>πάνυ</em></span> <span class='ocrx_word' id='word_1_52' title='bbox 1130 741 1258 815; x_wconf 78' lang='grc' dir='ltr'>(καὶ)</span> <span class='ocrx_word' id='word_1_53' title='bbox 1302 742 1386 795; x_wconf 75' lang='grc' dir='ltr'><strong>δια</strong></span> <span class='ocrx_word' id='word_1_54' title='bbox 1423 744 1643 809; x_wconf 83' lang='grc' dir='ltr'><em>χρείαν,</em></span> <span class='ocrx_word' id='word_1_55' title='bbox 1695 751 1755 796; x_wconf 82' lang='lat' dir='ltr'><strong>ut</strong></span> <span class='ocrx_word' id='word_1_56' title='bbox 1792 753 1958 798; x_wconf 79' lang='lat' dir='ltr'><strong>melus</strong></span> <span class='ocrx_word' id='word_1_57' title='bbox 1997 746 2200 816; x_wconf 85' lang='lat' dir='ltr'><strong>pariter</strong></span> <span class='ocrx_word' id='word_1_58' title='bbox 2240 763 2350 800; x_wconf 89' lang='lat' dir='ltr'><strong>om·</strong></span> <span class='ocrx_word' id='word_1_59' title='bbox 2419 759 2422 815; x_wconf 62' lang='grc' dir='ltr'>ξ</span> 
     </span>
     <span class='ocr_line' id='line_1_8' title="bbox 385 830 2423 900; baseline 0.002 -14"><span class='ocrx_word' id='word_1_60' title='bbox 385 833 544 887; x_wconf 88' lang='lat' dir='ltr'><strong>nibus</strong></span> <span class='ocrx_word' id='word_1_61' title='bbox 597 839 649 885; x_wconf 88' lang='lat' dir='ltr'><strong>et</strong></span> <span class='ocrx_word' id='word_1_62' title='bbox 699 832 909 900; x_wconf 84' lang='lat' dir='ltr'><strong>magnis</strong></span> <span class='ocrx_word' id='word_1_63' title='bbox 948 837 997 884; x_wconf 85' lang='lat' dir='ltr'><strong>et</strong></span> <span class='ocrx_word' id='word_1_64' title='bbox 1037 831 1215 900; x_wconf 90' lang='lat' dir='ltr'><strong>parvis</strong></span> <span class='ocrx_word' id='word_1_65' title='bbox 1256 830 1563 884; x_wconf 85' lang='lat' dir='ltr'><strong>civitatibus</strong></span> <span class='ocrx_word' id='word_1_66' title='bbox 1615 833 1915 885; x_wconf 88' lang='lat' dir='ltr'><strong>communis</strong></span> <span class='ocrx_word' id='word_1_67' title='bbox 1955 850 2069 888; x_wconf 87' lang='lat' dir='ltr'><strong>esse</strong></span> <span class='ocrx_word' id='word_1_68' title='bbox 2109 834 2352 900; x_wconf 88' lang='lat' dir='ltr'><strong>dicatur,</strong></span> <span class='ocrx_word' id='word_1_69' title='bbox 2420 830 2423 891; x_wconf 68' lang='grc' dir='ltr'>ὲ</span> 
     </span>
     <span class='ocr_line' id='line_1_9' title="bbox 384 914 2423 990; baseline -0.003 -17"><span class='ocrx_word' id='word_1_70' title='bbox 384 919 519 974; x_wconf 85' lang='lat' dir='ltr'>nihil</span> <span class='ocrx_word' id='word_1_71' title='bbox 559 919 698 990; x_wconf 88' lang='lat' dir='ltr'><strong>quod</strong></span> <span class='ocrx_word' id='word_1_72' title='bbox 732 917 962 972; x_wconf 83' lang='lat' dir='ltr'><strong>offendat</strong></span> <span class='ocrx_word' id='word_1_73' title='bbox 1003 919 1286 988; x_wconf 89' lang='lat' dir='ltr'><strong>supererit.</strong></span> <span class='ocrx_word' id='word_1_74' title='bbox 2420 914 2423 925; x_wconf 86' lang='grc'><em>“</em></span> 
     </span>
    </p>

    <p class='ocr_par' dir='ltr' id='par_1_4' title="bbox 383 1006 2425 1870">
     <span class='ocr_line' id='line_1_10' title="bbox 462 1006 2425 1077; baseline 0.001 -15"><span class='ocrx_word' id='word_1_75' title='bbox 462 1007 706 1062; x_wconf 83' lang='lat' dir='ltr'><strong>Offendes</strong></span> <span class='ocrx_word' id='word_1_76' title='bbox 746 1008 944 1060; x_wconf 90' lang='lat' dir='ltr'><strong>iterum</strong></span> <span class='ocrx_word' id='word_1_77' title='bbox 987 1007 1043 1059; x_wconf 91' lang='lat' dir='ltr'><strong>in</strong></span> <span class='ocrx_word' id='word_1_78' title='bbox 1089 1009 1116 1076; x_wconf 84' lang='lat'>§</span> <span class='ocrx_word' id='word_1_79' title='bbox 1161 1011 1224 1070; x_wconf 88' lang='grc'><strong>4,</strong></span> <span class='ocrx_word' id='word_1_80' title='bbox 1263 1007 1354 1060; x_wconf 89' lang='lat' dir='ltr'><strong>ubi</strong></span> <span class='ocrx_word' id='word_1_81' title='bbox 1392 1006 1625 1077; x_wconf 82' lang='lat' dir='ltr'><strong>legitur:</strong></span> <span class='ocrx_word' id='word_1_82' title='bbox 1667 1016 1964 1075; x_wconf 74' lang='grc' dir='ltr'><em>παραπλεῖν</em></span> <span class='ocrx_word' id='word_1_83' title='bbox 2004 1010 2109 1076; x_wconf 70' lang='grc' dir='ltr'><strong>γαρ</strong></span> <span class='ocrx_word' id='word_1_84' title='bbox 2149 1008 2349 1073; x_wconf 76' lang='grc' dir='ltr'><em>ἔξεςιν,</em></span> <span class='ocrx_word' id='word_1_85' title='bbox 2423 1047 2425 1055; x_wconf 85' lang='lat'>·</span> 
     </span>
     <span class='ocr_line' id='line_1_11' title="bbox 384 1091 2351 1164; baseline 0.001 -14"><span class='ocrx_word' id='word_1_86' title='bbox 384 1094 507 1150; x_wconf 74' lang='grc' dir='ltr'><em>ὅπου</em></span> <span class='ocrx_word' id='word_1_87' title='bbox 566 1096 628 1150; x_wconf 99' lang='lat' dir='ltr'><strong>Bw</strong></span> <span class='ocrx_word' id='word_1_88' title='bbox 675 1094 852 1161; x_wconf 70' lang='grc' dir='ltr'><em>μηδεὶς</em></span> <span class='ocrx_word' id='word_1_89' title='bbox 889 1093 917 1162; x_wconf 73' lang='grc' dir='ltr'><strong><em>ᾖ</em></strong></span> <span class='ocrx_word' id='word_1_90' title='bbox 959 1094 1201 1159; x_wconf 78' lang='grc' dir='ltr'><em>πολέμιος</em></span> <span class='ocrx_word' id='word_1_91' title='bbox 1243 1095 1270 1157; x_wconf 77' lang='grc' dir='ltr'>ἢ</span> <span class='ocrx_word' id='word_1_92' title='bbox 1312 1091 1436 1148; x_wconf 71' lang='grc' dir='ltr'><em>ὅπου</em></span> <span class='ocrx_word' id='word_1_93' title='bbox 1477 1094 1540 1148; x_wconf 90' lang='lat' dir='ltr'><strong>Bw</strong></span> <span class='ocrx_word' id='word_1_94' title='bbox 1582 1097 1776 1159; x_wconf 74' lang='grc' dir='ltr'><em>ὀλίγοι·</em></span> <span class='ocrx_word' id='word_1_95' title='bbox 1834 1097 1926 1150; x_wconf 68' lang='grc' dir='ltr'><strong>ἐὰν</strong></span> <span class='ocrx_word' id='word_1_96' title='bbox 1982 1098 2034 1150; x_wconf 80' lang='grc' dir='ltr'><strong>δὲ</strong></span> <span class='ocrx_word' id='word_1_97' title='bbox 2089 1100 2351 1164; x_wconf 77' lang='grc' dir='ltr'><em>προσίωσιν</em></span> 
     </span>
     <span class='ocr_line' id='line_1_12' title="bbox 383 1183 2354 1257; baseline 0 -18"><span class='ocrx_word' id='word_1_98' title='bbox 383 1185 666 1250; x_wconf 72' lang='grc' dir='ltr'><em>οὶναβοὲντα</em></span> <span class='ocrx_word' id='word_1_99' title='bbox 703 1187 978 1238; x_wconf 73' lang='grc' dir='ltr'><em>οέποπλεῖν.</em></span> <span class='ocrx_word' id='word_1_100' title='bbox 1058 1183 1257 1254; x_wconf 88' lang='lat' dir='ltr'><strong>Nempe</strong></span> <span class='ocrx_word' id='word_1_101' title='bbox 1297 1191 1594 1252; x_wconf 78' lang='grc' dir='ltr'><strong>παραπλεῖν</strong></span> <span class='ocrx_word' id='word_1_102' title='bbox 1635 1184 1827 1239; x_wconf 84' lang='lat' dir='ltr'><strong>licebat</strong></span> <span class='ocrx_word' id='word_1_103' title='bbox 1862 1201 2098 1256; x_wconf 81' lang='lat' dir='ltr'><strong>semper,</strong></span> <span class='ocrx_word' id='word_1_104' title='bbox 2148 1193 2209 1239; x_wconf 83' lang='lat' dir='ltr'><strong>ut</strong></span> <span class='ocrx_word' id='word_1_105' title='bbox 2245 1187 2354 1257; x_wconf 87' lang='lat' dir='ltr'><strong>opi-</strong></span> 
     </span>
     <span class='ocr_line' id='line_1_13' title="bbox 384 1271 2397 1345; baseline -0 -18"><span class='ocrx_word' id='word_1_106' title='bbox 384 1290 514 1338; x_wconf 85' lang='lat' dir='ltr'><strong>nor,</strong></span> <span class='ocrx_word' id='word_1_107' title='bbox 555 1274 715 1327; x_wconf 86' lang='lat' dir='ltr'><strong>etiam</strong></span> <span class='ocrx_word' id='word_1_108' title='bbox 764 1273 808 1325; x_wconf 87' lang='lat' dir='ltr'><strong>si</strong></span> <span class='ocrx_word' id='word_1_109' title='bbox 846 1274 1090 1342; x_wconf 82' lang='lat' dir='ltr'><strong>ingentes</strong></span> <span class='ocrx_word' id='word_1_110' title='bbox 1130 1271 1364 1325; x_wconf 79' lang='lat' dir='ltr'><strong>hostium</strong></span> <span class='ocrx_word' id='word_1_111' title='bbox 1408 1273 1590 1343; x_wconf 91' lang='lat' dir='ltr'><strong>copiae</strong></span> <span class='ocrx_word' id='word_1_112' title='bbox 1638 1274 1689 1325; x_wconf 93' lang='lat' dir='ltr'><strong>in</strong></span> <span class='ocrx_word' id='word_1_113' title='bbox 1739 1272 1920 1326; x_wconf 81' lang='lat' dir='ltr'><strong>littore</strong></span> <span class='ocrx_word' id='word_1_114' title='bbox 1971 1281 2149 1327; x_wconf 87' lang='lat' dir='ltr'><strong>essent</strong></span> <span class='ocrx_word' id='word_1_115' title='bbox 2194 1273 2357 1345; x_wconf 83' lang='lat' dir='ltr'><strong>expli·</strong></span> <span class='ocrx_word' id='word_1_116' title='bbox 2396 1295 2397 1298; x_wconf 41' lang='lat'>¹</span> 
     </span>
     <span class='ocr_line' id='line_1_14' title="bbox 385 1359 2357 1430; baseline -0.001 -14"><span class='ocrx_word' id='word_1_117' title='bbox 385 1368 551 1416; x_wconf 87' lang='lat' dir='ltr'><strong>catae.</strong></span> <span class='ocrx_word' id='word_1_118' title='bbox 630 1362 733 1414; x_wconf 88' lang='lat' dir='ltr'><strong>Res</strong></span> <span class='ocrx_word' id='word_1_119' title='bbox 787 1361 902 1430; x_wconf 88' lang='lat' dir='ltr'><strong>ipsa</strong></span> <span class='ocrx_word' id='word_1_120' title='bbox 959 1359 1196 1429; x_wconf 90' lang='lat' dir='ltr'><strong>loquitur</strong></span> <span class='ocrx_word' id='word_1_121' title='bbox 1254 1359 1655 1430; x_wconf 83' lang='lat' dir='ltr'><strong>Xenophontem</strong></span> <span class='ocrx_word' id='word_1_122' title='bbox 1714 1360 1812 1414; x_wconf 92' lang='lat' dir='ltr'><strong>hoc</strong></span> <span class='ocrx_word' id='word_1_123' title='bbox 1873 1360 2101 1415; x_wconf 81' lang='lat' dir='ltr'><strong>dixisse:</strong></span> <span class='ocrx_word' id='word_1_124' title='bbox 2163 1383 2357 1430; x_wconf 84' lang='grc' dir='ltr'><em>παρα-</em></span> 
     </span>
     <span class='ocr_line' id='line_1_15' title="bbox 385 1446 2398 1515; baseline 0 -11"><span class='ocrx_word' id='word_1_125' title='bbox 385 1450 681 1504; x_wconf 81' lang='grc' dir='ltr'><em>πλέοντα</em></span> <span class='ocrx_word' id='word_1_126' title='bbox 734 1448 839 1515; x_wconf 73' lang='grc' dir='ltr'><strong>γαρ</strong></span> <span class='ocrx_word' id='word_1_127' title='bbox 880 1446 1042 1510; x_wconf 74' lang='grc' dir='ltr'><em>ἔξεςιν</em></span> <span class='ocrx_word' id='word_1_128' title='bbox 1092 1448 1444 1513; x_wconf 70' lang='grc' dir='ltr'><em>ἀπόβασιν</em></span> <span class='ocrx_word' id='word_1_129' title='bbox 1496 1451 1845 1503; x_wconf 84' lang='grc' dir='ltr'><em>ποιεῖσθαι</em></span> <span class='ocrx_word' id='word_1_130' title='bbox 1902 1446 2024 1503; x_wconf 71' lang='grc' dir='ltr'><em>ὅπου</em></span> <span class='ocrx_word' id='word_1_131' title='bbox 2066 1450 2129 1504; x_wconf 88' lang='lat' dir='ltr'><strong>Bw</strong></span> <span class='ocrx_word' id='word_1_132' title='bbox 2176 1450 2398 1515; x_wconf 72' lang='grc' dir='ltr'><em>μηδεὶς·</em></span> 
     </span>
     <span class='ocr_line' id='line_1_16' title="bbox 386 1535 2352 1607; baseline 0.001 -16"><span class='ocrx_word' id='word_1_133' title='bbox 386 1537 415 1606; x_wconf 73' lang='grc' dir='ltr'><strong><em>ᾖ</em></strong></span> <span class='ocrx_word' id='word_1_134' title='bbox 462 1539 704 1603; x_wconf 79' lang='grc' dir='ltr'><em>πολέμιος</em></span> <span class='ocrx_word' id='word_1_135' title='bbox 754 1538 861 1590; x_wconf 80' lang='grc' dir='ltr'><strong>κτὲ.</strong></span> <span class='ocrx_word' id='word_1_136' title='bbox 919 1542 1012 1589; x_wconf 93' lang='lat' dir='ltr'><strong>aut</strong></span> <span class='ocrx_word' id='word_1_137' title='bbox 1068 1535 1377 1589; x_wconf 89' lang='lat' dir='ltr'><strong>huiusmodi</strong></span> <span class='ocrx_word' id='word_1_138' title='bbox 1429 1536 1557 1607; x_wconf 89' lang='lat' dir='ltr'><strong>quid</strong></span> <span class='ocrx_word' id='word_1_139' title='bbox 1617 1538 1672 1591; x_wconf 90' lang='lat' dir='ltr'><strong>in</strong></span> <span class='ocrx_word' id='word_1_140' title='bbox 1725 1537 1948 1591; x_wconf 86' lang='lat' dir='ltr'><strong>eandem</strong></span> <span class='ocrx_word' id='word_1_141' title='bbox 2014 1540 2352 1592; x_wconf 86' lang='lat' dir='ltr'><strong>sententiam.</strong></span> 
     </span>
     <span class='ocr_line' id='line_1_17' title="bbox 386 1623 2401 1705; baseline 0 -26"><span class='ocrx_word' id='word_1_142' title='bbox 386 1625 856 1697; x_wconf 87' lang='lat' dir='ltr'><strong>Simplicissimum</strong></span> <span class='ocrx_word' id='word_1_143' title='bbox 894 1631 946 1677; x_wconf 89' lang='lat' dir='ltr'><strong>et</strong></span> <span class='ocrx_word' id='word_1_144' title='bbox 986 1623 1209 1678; x_wconf 87' lang='lat' dir='ltr'><strong>sortasse</strong></span> <span class='ocrx_word' id='word_1_145' title='bbox 1262 1640 1448 1678; x_wconf 89' lang='lat' dir='ltr'><strong>verum</strong></span> <span class='ocrx_word' id='word_1_146' title='bbox 1487 1632 1594 1679; x_wconf 90' lang='lat' dir='ltr'><strong>est:</strong></span> <span class='ocrx_word' id='word_1_147' title='bbox 1637 1627 2058 1705; x_wconf 65' lang='lat' dir='ltr'><strong>dwossxt&#39;vecy</strong></span> <span class='ocrx_word' id='word_1_148' title='bbox 2098 1627 2201 1694; x_wconf 73' lang='grc' dir='ltr'><strong>γὰρ</strong></span> <span class='ocrx_word' id='word_1_149' title='bbox 2253 1626 2358 1689; x_wconf 74' lang='grc' dir='ltr'><em>ἔξε-</em></span> <span class='ocrx_word' id='word_1_150' title='bbox 2400 1691 2401 1695; x_wconf 13' lang='lat'>¹</span> 
     </span>
     <span class='ocr_line' id='line_1_18' title="bbox 385 1711 2358 1783; baseline 0.001 -15"><span class='ocrx_word' id='word_1_151' title='bbox 385 1736 462 1771; x_wconf 82' lang='grc' dir='ltr'><strong>ςιν</strong></span> <span class='ocrx_word' id='word_1_152' title='bbox 503 1711 626 1768; x_wconf 73' lang='grc' dir='ltr'><em>ὅπου</em></span> <span class='ocrx_word' id='word_1_153' title='bbox 666 1716 773 1768; x_wconf 81' lang='grc' dir='ltr'><strong>κτὲ.</strong></span> <span class='ocrx_word' id='word_1_154' title='bbox 853 1711 1053 1767; x_wconf 90' lang='lat' dir='ltr'><strong>Deinde</strong></span> <span class='ocrx_word' id='word_1_155' title='bbox 1113 1711 1439 1766; x_wconf 83' lang='lat' dir='ltr'><strong>subridicule</strong></span> <span class='ocrx_word' id='word_1_156' title='bbox 1494 1712 1695 1767; x_wconf 84' lang='lat' dir='ltr'><strong>dicitur</strong></span> <span class='ocrx_word' id='word_1_157' title='bbox 1752 1716 1780 1783; x_wconf 81' lang='lat'>§</span> <span class='ocrx_word' id='word_1_158' title='bbox 1823 1719 1883 1768; x_wconf 81' lang='lat'><strong>5:</strong></span> <span class='ocrx_word' id='word_1_159' title='bbox 1937 1723 2042 1774; x_wconf 85' lang='grc' dir='ltr'><em>τοῖς</em></span> <span class='ocrx_word' id='word_1_160' title='bbox 2090 1716 2232 1769; x_wconf 76' lang='grc' dir='ltr'><em>κατα</em></span> <span class='ocrx_word' id='word_1_161' title='bbox 2271 1714 2358 1769; x_wconf 68' lang='lat'><strong>002-</strong></span> 
     </span>
     <span class='ocr_line' id='line_1_19' title="bbox 385 1797 2358 1870; baseline 0.001 -13"><span class='ocrx_word' id='word_1_162' title='bbox 385 1816 593 1857; x_wconf 82' lang='grc' dir='ltr'><em>λατταν</em></span> <span class='ocrx_word' id='word_1_163' title='bbox 650 1801 895 1870; x_wconf 72' lang='grc' dir='ltr'><em>ἄρχουσιν</em></span> <span class='ocrx_word' id='word_1_164' title='bbox 944 1797 1041 1854; x_wconf 78' lang='grc' dir='ltr'><em>οἷόν</em></span> <span class='ocrx_word' id='word_1_165' title='bbox 1093 1806 1140 1854; x_wconf 86' lang='grc' dir='ltr'><em>τ’</em></span> <span class='ocrx_word' id='word_1_166' title='bbox 1180 1803 1513 1855; x_wconf 68' lang='grc' dir='ltr'><em>ἀποπλεῦσαι</em></span> <span class='ocrx_word' id='word_1_167' title='bbox 1569 1802 1672 1855; x_wconf 65' lang='lat' dir='ltr'><strong>dm&gt;</strong></span> <span class='ocrx_word' id='word_1_168' title='bbox 1730 1810 1822 1864; x_wconf 77' lang='grc' dir='ltr'><em>τῆς</em></span> <span class='ocrx_word' id='word_1_169' title='bbox 1879 1803 2138 1870; x_wconf 81' lang='grc' dir='ltr'><em>σφετέρας</em></span> <span class='ocrx_word' id='word_1_170' title='bbox 2191 1806 2358 1858; x_wconf 80' lang='grc' dir='ltr'><em>αὐτῶν</em></span> 
     </span>
    </p>
   </div>
   <div class='ocr_carea' id='block_1_3' title="bbox 391 1883 2436 1956">
    <p class='ocr_par' dir='ltr' id='par_1_5' title="bbox 391 1883 2436 1956">
     <span class='ocr_line' id='line_1_20' title="bbox 391 1883 2436 1956; baseline 0.001 -11"><span class='ocrx_word' id='word_1_171' title='bbox 391 1892 628 1945; x_wconf 81' lang='grc' dir='ltr'><em>ὁπόσον</em></span> <span class='ocrx_word' id='word_1_172' title='bbox 674 1892 916 1956; x_wconf 83' lang='grc' dir='ltr'><em>βούλει</em></span> <span class='ocrx_word' id='word_1_173' title='bbox 971 1894 1166 1954; x_wconf 80' lang='grc' dir='ltr'><em>πλοῦν,</em></span> <span class='ocrx_word' id='word_1_174' title='bbox 1224 1890 1330 1942; x_wconf 86' lang='lat' dir='ltr'><strong>imo</strong></span> <span class='ocrx_word' id='word_1_175' title='bbox 1383 1907 1508 1943; x_wconf 87' lang='lat' dir='ltr'><strong>vero</strong></span> <span class='ocrx_word' id='word_1_176' title='bbox 1557 1891 1734 1944; x_wconf 80' lang='grc' dir='ltr'><em>ὁπόσον</em></span> <span class='ocrx_word' id='word_1_177' title='bbox 1792 1892 2164 1956; x_wconf 83' lang='grc' dir='ltr'><em>βούλονται.</em></span> <span class='ocrx_word' id='word_1_178' title='bbox 2257 1893 2355 1947; x_wconf 87' lang='lat' dir='ltr'><strong>La·</strong></span> <span class='ocrx_word' id='word_1_179' title='bbox 2399 1883 2436 1934; x_wconf 44' lang='lat'><strong>⁷1</strong></span> 
     </span>
    </p>
   </div>
   <div class='ocr_carea' id='block_1_4' title="bbox 386 1977 2436 2403">
    <p class='ocr_par' dir='ltr' id='par_1_6' title="bbox 386 1977 2436 2403">
     <span class='ocr_line' id='line_1_21' title="bbox 386 1977 2436 2054; baseline 0.001 -22"><span class='ocrx_word' id='word_1_180' title='bbox 386 1981 499 2033; x_wconf 89' lang='lat' dir='ltr'><strong>tine</strong></span> <span class='ocrx_word' id='word_1_181' title='bbox 555 1986 700 2034; x_wconf 83' lang='lat' dir='ltr'><strong>recte</strong></span> <span class='ocrx_word' id='word_1_182' title='bbox 759 1978 991 2032; x_wconf 85' lang='lat' dir='ltr'><strong>dicitur:</strong></span> <span class='ocrx_word' id='word_1_183' title='bbox 1053 1978 1446 2048; x_wconf 81' lang='lat' dir='ltr'><strong>navigationem</strong></span> <span class='ocrx_word' id='word_1_184' title='bbox 1517 1981 1755 2050; x_wconf 79' lang='lat' dir='ltr'><strong>quamvis</strong></span> <span class='ocrx_word' id='word_1_185' title='bbox 1816 1980 1938 2052; x_wconf 84' lang='lat' dir='ltr'><strong>(aut</strong></span> <span class='ocrx_word' id='word_1_186' title='bbox 2002 1980 2354 2054; x_wconf 71' lang='lat' dir='ltr'><strong>quantumvis)</strong></span> <span class='ocrx_word' id='word_1_187' title='bbox 2435 1977 2436 1981; x_wconf 65' lang='grc'>’</span> 
     </span>
     <span class='ocr_line' id='line_1_22' title="bbox 387 2065 2433 2141; baseline 0.001 -21"><span class='ocrx_word' id='word_1_188' title='bbox 387 2067 599 2138; x_wconf 84' lang='lat' dir='ltr'><strong>longam</strong></span> <span class='ocrx_word' id='word_1_189' title='bbox 653 2068 990 2138; x_wconf 84' lang='lat' dir='ltr'><strong>suscipiunt,</strong></span> <span class='ocrx_word' id='word_1_190' title='bbox 1045 2065 1244 2120; x_wconf 82' lang='lat' dir='ltr'><strong>Graece</strong></span> <span class='ocrx_word' id='word_1_191' title='bbox 1283 2083 1388 2119; x_wconf 90' lang='lat' dir='ltr'><strong>non</strong></span> <span class='ocrx_word' id='word_1_192' title='bbox 1427 2068 1574 2123; x_wconf 89' lang='lat' dir='ltr'><strong>item.</strong></span> <span class='ocrx_word' id='word_1_193' title='bbox 1653 2067 1792 2121; x_wconf 90' lang='lat' dir='ltr'><strong>Num</strong></span> <span class='ocrx_word' id='word_1_194' title='bbox 1837 2075 1896 2121; x_wconf 91' lang='lat' dir='ltr'><strong>tu</strong></span> <span class='ocrx_word' id='word_1_195' title='bbox 1936 2075 2094 2139; x_wconf 87' lang='lat' dir='ltr'><strong>putas</strong></span> <span class='ocrx_word' id='word_1_196' title='bbox 2137 2069 2218 2141; x_wconf 89' lang='lat' dir='ltr'><strong>(ut</strong></span> <span class='ocrx_word' id='word_1_197' title='bbox 2259 2068 2360 2124; x_wconf 87' lang='lat' dir='ltr'><strong>hoc</strong></span> <span class='ocrx_word' id='word_1_198' title='bbox 2431 2120 2433 2136; x_wconf 83' lang='grc'><em>,</em></span> 
     </span>
     <span class='ocr_line' id='line_1_23' title="bbox 389 2142 2433 2227; baseline 0.001 -19"><span class='ocrx_word' id='word_1_199' title='bbox 389 2172 496 2208; x_wconf 90' lang='lat' dir='ltr'><strong>uno</strong></span> <span class='ocrx_word' id='word_1_200' title='bbox 545 2154 786 2225; x_wconf 86' lang='lat' dir='ltr'><strong>exemplo</strong></span> <span class='ocrx_word' id='word_1_201' title='bbox 827 2154 969 2227; x_wconf 86' lang='lat' dir='ltr'><strong>utar)</strong></span> <span class='ocrx_word' id='word_1_202' title='bbox 1013 2155 1066 2207; x_wconf 91' lang='lat' dir='ltr'><strong>in</strong></span> <span class='ocrx_word' id='word_1_203' title='bbox 1119 2154 1348 2208; x_wconf 82' lang='lat' dir='ltr'><strong>Anahasi</strong></span> <span class='ocrx_word' id='word_1_204' title='bbox 1383 2155 1442 2209; x_wconf 91' lang='lat' dir='ltr'><strong>V.</strong></span> <span class='ocrx_word' id='word_1_205' title='bbox 1486 2173 1594 2210; x_wconf 79' lang='lat' dir='ltr'><strong>vin.</strong></span> <span class='ocrx_word' id='word_1_206' title='bbox 1640 2161 1740 2210; x_wconf 89' lang='lat'><strong>10:</strong></span> <span class='ocrx_word' id='word_1_207' title='bbox 1781 2157 2059 2223; x_wconf 71' lang='grc' dir='ltr'><em>ἀνέκραγον</em></span> <span class='ocrx_word' id='word_1_208' title='bbox 2095 2159 2137 2211; x_wconf 83' lang='grc' dir='ltr'><strong>οἱ</strong></span> <span class='ocrx_word' id='word_1_209' title='bbox 2178 2156 2359 2224; x_wconf 84' lang='grc' dir='ltr'><em>παρόν·</em></span> <span class='ocrx_word' id='word_1_210' title='bbox 2431 2142 2433 2174; x_wconf 63' lang='lat'>³</span> 
     </span>
     <span class='ocr_line' id='line_1_24' title="bbox 389 2241 2433 2311; baseline 0 -13"><span class='ocrx_word' id='word_1_211' title='bbox 389 2265 474 2304; x_wconf 86' lang='grc' dir='ltr'><strong>τες</strong></span> <span class='ocrx_word' id='word_1_212' title='bbox 515 2241 591 2297; x_wconf 74' lang='grc' dir='ltr'><em>ἔτι</em></span> <span class='ocrx_word' id='word_1_213' title='bbox 641 2243 701 2311; x_wconf 72' lang='grc' dir='ltr'><strong>ζῇ</strong></span> <span class='ocrx_word' id='word_1_214' title='bbox 741 2244 763 2296; x_wconf 91' lang='grc' dir='ltr'><em>ὁ</em></span> <span class='ocrx_word' id='word_1_215' title='bbox 801 2246 953 2310; x_wconf 74' lang='grc' dir='ltr'><em>οένήρ·</em></span> <span class='ocrx_word' id='word_1_216' title='bbox 1011 2245 1072 2297; x_wconf 85' lang='grc' dir='ltr'><strong>σὺ</strong></span> <span class='ocrx_word' id='word_1_217' title='bbox 1125 2243 1167 2296; x_wconf 77' lang='grc' dir='ltr'><strong>δ’</strong></span> <span class='ocrx_word' id='word_1_218' title='bbox 1216 2241 1404 2303; x_wconf 81' lang='grc' dir='ltr'><em>εἶπας·</em></span> <span class='ocrx_word' id='word_1_219' title='bbox 1461 2244 1626 2297; x_wconf 84' lang='grc' dir='ltr'><em>ὁπόσα</em></span> <span class='ocrx_word' id='word_1_220' title='bbox 1676 2265 1742 2309; x_wconf 72' lang='grc' dir='ltr'><em>γε</em></span> <span class='ocrx_word' id='word_1_221' title='bbox 1797 2244 2163 2310; x_wconf 81' lang='grc' dir='ltr'><em>βούλεται,</em></span> <span class='ocrx_word' id='word_1_222' title='bbox 2217 2245 2362 2299; x_wconf 91' lang='lat' dir='ltr'><strong>salva</strong></span> <span class='ocrx_word' id='word_1_223' title='bbox 2431 2247 2433 2296; x_wconf 99' lang='grc' dir='ltr'>Ξ</span> 
     </span>
     <span class='ocr_line' id='line_1_25' title="bbox 391 2331 2433 2403; baseline -0.001 -16"><span class='ocrx_word' id='word_1_224' title='bbox 391 2332 693 2387; x_wconf 89' lang='lat' dir='ltr'><strong>Graecitate</strong></span> <span class='ocrx_word' id='word_1_225' title='bbox 732 2339 784 2385; x_wconf 89' lang='lat' dir='ltr'><strong>et</strong></span> <span class='ocrx_word' id='word_1_226' title='bbox 819 2332 1085 2386; x_wconf 87' lang='lat' dir='ltr'><strong>sententia</strong></span> <span class='ocrx_word' id='word_1_227' title='bbox 1123 2331 1288 2384; x_wconf 80' lang='grc' dir='ltr'><em>ὁπόσα</em></span> <span class='ocrx_word' id='word_1_228' title='bbox 1329 2352 1396 2395; x_wconf 75' lang='grc' dir='ltr'><em>γε</em></span> <span class='ocrx_word' id='word_1_229' title='bbox 1445 2332 1686 2396; x_wconf 83' lang='grc' dir='ltr'><em>βούλει</em></span> <span class='ocrx_word' id='word_1_230' title='bbox 1727 2331 1834 2384; x_wconf 89' lang='lat' dir='ltr'><strong>dici</strong></span> <span class='ocrx_word' id='word_1_231' title='bbox 1872 2333 2149 2403; x_wconf 81' lang='lat' dir='ltr'><strong>potuisse?</strong></span> <span class='ocrx_word' id='word_1_232' title='bbox 2431 2331 2433 2345; x_wconf 79' lang='grc'><strong>“</strong></span> 
     </span>
    </p>
   </div>
   <div class='ocr_carea' id='block_1_5' title="bbox 479 2412 2436 2492">
    <p class='ocr_par' dir='ltr' id='par_1_7' title="bbox 479 2412 2436 2492">
     <span class='ocr_line' id='line_1_26' title="bbox 479 2412 2436 2492; baseline 0.002 -19"><span class='ocrx_word' id='word_1_233' title='bbox 479 2420 539 2473; x_wconf 90' lang='lat' dir='ltr'><strong>In</strong></span> <span class='ocrx_word' id='word_1_234' title='bbox 599 2426 837 2474; x_wconf 84' lang='lat' dir='ltr'><strong>extrema</strong></span> <span class='ocrx_word' id='word_1_235' title='bbox 894 2426 1043 2489; x_wconf 90' lang='lat' dir='ltr'><strong>parte</strong></span> <span class='ocrx_word' id='word_1_236' title='bbox 1098 2418 1335 2472; x_wconf 87' lang='lat' dir='ltr'><strong>eiusdem</strong></span> <span class='ocrx_word' id='word_1_237' title='bbox 1401 2422 1428 2489; x_wconf 81' lang='lat'>§</span> <span class='ocrx_word' id='word_1_238' title='bbox 1490 2421 1734 2491; x_wconf 89' lang='lat' dir='ltr'><strong>suspicor</strong></span> <span class='ocrx_word' id='word_1_239' title='bbox 1787 2437 1968 2474; x_wconf 90' lang='lat' dir='ltr'><strong>veram</strong></span> <span class='ocrx_word' id='word_1_240' title='bbox 2029 2421 2354 2492; x_wconf 80' lang='lat' dir='ltr'><strong>scripturam</strong></span> <span class='ocrx_word' id='word_1_241' title='bbox 2408 2412 2436 2466; x_wconf 53' lang='grc' dir='ltr'>Ἦ</span> 
     </span>
    </p>
   </div>
   <div class='ocr_carea' id='block_1_6' title="bbox 2410 0 2436 2116">
    <p class='ocr_par' dir='ltr' id='par_1_8' title="bbox 2410 0 2436 2116">
     <span class='ocr_line' id='line_1_27' title="bbox 2410 0 2436 2116; baseline 0 0"><span class='ocrx_word' id='word_1_242' title='bbox 2410 0 2436 2116; x_wconf 95' lang='lat' dir='ltr'><strong> </strong></span> 
     </span>
    </p>
   </div>
   <div class='ocr_carea' id='block_1_7' title="bbox 389 2505 2436 2577">
    <p class='ocr_par' dir='ltr' id='par_1_9' title="bbox 389 2505 2436 2577">
     <span class='ocr_line' id='line_1_28' title="bbox 389 2505 2436 2577; baseline -0 -13"><span class='ocrx_word' id='word_1_243' title='bbox 389 2508 526 2565; x_wconf 87' lang='lat' dir='ltr'><strong>hanc</strong></span> <span class='ocrx_word' id='word_1_244' title='bbox 568 2525 718 2563; x_wconf 87' lang='lat' dir='ltr'><strong>esse:</strong></span> <span class='ocrx_word' id='word_1_245' title='bbox 758 2509 844 2562; x_wconf 84' lang='grc' dir='ltr'><em>τὸν</em></span> <span class='ocrx_word' id='word_1_246' title='bbox 883 2508 934 2560; x_wconf 81' lang='grc' dir='ltr'><strong>δὲ</strong></span> <span class='ocrx_word' id='word_1_247' title='bbox 987 2507 1212 2561; x_wconf 86' lang='grc' dir='ltr'><em>πλέοντα</em></span> <span class='ocrx_word' id='word_1_248' title='bbox 1259 2505 1317 2560; x_wconf 80' lang='grc' dir='ltr'><strong>οὗ</strong></span> <span class='ocrx_word' id='word_1_249' title='bbox 1355 2508 1450 2573; x_wconf 78' lang='grc' dir='ltr'><strong>μὲν</strong></span> <span class='ocrx_word' id='word_1_250' title='bbox 1489 2508 1552 2563; x_wconf 87' lang='lat' dir='ltr'><strong>Bw</strong></span> <span class='ocrx_word' id='word_1_251' title='bbox 1604 2508 1633 2577; x_wconf 72' lang='grc' dir='ltr'><strong><em>ᾖ</em></strong></span> <span class='ocrx_word' id='word_1_252' title='bbox 1672 2509 1910 2576; x_wconf 87' lang='grc' dir='ltr'><em>κρείττων</em></span> <span class='ocrx_word' id='word_1_253' title='bbox 1949 2507 2112 2572; x_wconf 73' lang='grc' dir='ltr'><em>ἔέεςιν</em></span> <span class='ocrx_word' id='word_1_254' title='bbox 2151 2511 2357 2576; x_wconf 72' lang='grc' dir='ltr'><em>ἁποβῆ-</em></span> <span class='ocrx_word' id='word_1_255' title='bbox 2431 2535 2436 2556; x_wconf 75' lang='grc' dir='ltr'><em>ι</em></span> 
     </span>
    </p>
   </div>
   <div class='ocr_carea' id='block_1_8' title="bbox 385 2595 2436 3639">
    <p class='ocr_par' dir='ltr' id='par_1_10' title="bbox 389 2595 2436 2667">
     <span class='ocr_line' id='line_1_29' title="bbox 389 2595 2436 2667; baseline -0.002 -15"><span class='ocrx_word' id='word_1_256' title='bbox 389 2618 504 2663; x_wconf 91' lang='grc' dir='ltr'><em>ναι,</em></span> <span class='ocrx_word' id='word_1_257' title='bbox 543 2595 600 2651; x_wconf 74' lang='grc' dir='ltr'><strong>οὗ</strong></span> <span class='ocrx_word' id='word_1_258' title='bbox 638 2597 682 2651; x_wconf 75' lang='grc' dir='ltr'><strong>δ’</strong></span> <span class='ocrx_word' id='word_1_259' title='bbox 725 2596 787 2651; x_wconf 91' lang='lat' dir='ltr'><strong>Bw</strong></span> <span class='ocrx_word' id='word_1_260' title='bbox 829 2595 990 2658; x_wconf 75' lang='grc' dir='ltr'><em>ἥττων</em></span> <span class='ocrx_word' id='word_1_261' title='bbox 1030 2595 1058 2664; x_wconf 70' lang='grc' dir='ltr'><strong><em>ἦ</em></strong></span> <span class='ocrx_word' id='word_1_262' title='bbox 1100 2601 1487 2662; x_wconf 77' lang='grc' dir='ltr'><em>παραπλεῦσαι,</em></span> <span class='ocrx_word' id='word_1_263' title='bbox 2434 2661 2436 2667; x_wconf 33' lang='grc' dir='ltr'>Ι</span> 
     </span>
    </p>

    <p class='ocr_par' dir='ltr' id='par_1_11' title="bbox 385 2674 2436 3186">
     <span class='ocr_line' id='line_1_30' title="bbox 464 2682 2357 2754; baseline 0 -15"><span class='ocrx_word' id='word_1_264' title='bbox 464 2686 613 2752; x_wconf 84' lang='lat' dir='ltr'><strong>Quod</strong></span> <span class='ocrx_word' id='word_1_265' title='bbox 654 2691 906 2739; x_wconf 80' lang='lat' dir='ltr'><strong>narratur</strong></span> <span class='ocrx_word' id='word_1_266' title='bbox 942 2685 1007 2739; x_wconf 87' lang='lat' dir='ltr'><strong>II.</strong></span> <span class='ocrx_word' id='word_1_267' title='bbox 1049 2689 1110 2738; x_wconf 86' lang='lat'><strong>9:</strong></span> <span class='ocrx_word' id='word_1_268' title='bbox 1152 2682 1226 2738; x_wconf 76' lang='grc' dir='ltr'><em>ὅτι</em></span> <span class='ocrx_word' id='word_1_269' title='bbox 1266 2687 1366 2751; x_wconf 79' lang='grc' dir='ltr'><strong>οὐχ</strong></span> <span class='ocrx_word' id='word_1_270' title='bbox 1405 2682 1502 2738; x_wconf 79' lang='grc' dir='ltr'><em>οἷόν</em></span> <span class='ocrx_word' id='word_1_271' title='bbox 1541 2685 1599 2739; x_wconf 84' lang='grc' dir='ltr'><em>τέ</em></span> <span class='ocrx_word' id='word_1_272' title='bbox 1639 2688 1746 2742; x_wconf 84' lang='grc' dir='ltr'><em>ἐςιν</em></span> <span class='ocrx_word' id='word_1_273' title='bbox 1782 2684 1948 2754; x_wconf 75' lang='grc' dir='ltr'><strong><em>ἐκοέςῳ</em></strong></span> <span class='ocrx_word' id='word_1_274' title='bbox 1994 2691 2090 2739; x_wconf 83' lang='grc' dir='ltr'><em>τῶν</em></span> <span class='ocrx_word' id='word_1_275' title='bbox 2131 2686 2357 2748; x_wconf 79' lang='grc' dir='ltr'><em>πενήτων</em></span> 
     </span>
     <span class='ocr_line' id='line_1_31' title="bbox 391 2773 2436 2852; baseline -0.001 -24"><span class='ocrx_word' id='word_1_276' title='bbox 391 2774 519 2829; x_wconf 80' lang='grc' dir='ltr'><em>θύειν</em></span> <span class='ocrx_word' id='word_1_277' title='bbox 567 2775 653 2828; x_wconf 75' lang='grc' dir='ltr'><strong>καὶ</strong></span> <span class='ocrx_word' id='word_1_278' title='bbox 696 2775 1000 2841; x_wconf 80' lang='grc' dir='ltr'><em>εὐωχεῖσθαι</em></span> <span class='ocrx_word' id='word_1_279' title='bbox 1049 2773 1135 2826; x_wconf 79' lang='grc' dir='ltr'><strong>καὶ</strong></span> <span class='ocrx_word' id='word_1_280' title='bbox 1178 2775 1399 2827; x_wconf 70' lang='grc' dir='ltr'><em>κτᾶσθαι</em></span> <span class='ocrx_word' id='word_1_281' title='bbox 1454 2773 1563 2840; x_wconf 69' lang='grc' dir='ltr'><em>ἱεροὶ</em></span> <span class='ocrx_word' id='word_1_282' title='bbox 1605 2775 1691 2828; x_wconf 78' lang='grc' dir='ltr'><strong>καὶ</strong></span> <span class='ocrx_word' id='word_1_283' title='bbox 1740 2774 1930 2828; x_wconf 89' lang='grc' dir='ltr'><em>πόλιν</em></span> <span class='ocrx_word' id='word_1_284' title='bbox 1985 2774 2134 2827; x_wconf 77' lang='grc' dir='ltr'><em>οἰκεῖν</em></span> <span class='ocrx_word' id='word_1_285' title='bbox 2193 2776 2358 2836; x_wconf 71' lang='grc' dir='ltr'><em>καλὴν</em></span> <span class='ocrx_word' id='word_1_286' title='bbox 2405 2786 2436 2852; x_wconf 62' lang='lat' dir='ltr'><strong>*j</strong></span> 
     </span>
     <span class='ocr_line' id='line_1_32' title="bbox 389 2855 2436 2932; baseline -0 -15"><span class='ocrx_word' id='word_1_287' title='bbox 389 2863 476 2917; x_wconf 73' lang='grc' dir='ltr'><strong>καὶ</strong></span> <span class='ocrx_word' id='word_1_288' title='bbox 521 2861 802 2927; x_wconf 67' lang='grc' dir='ltr'><em>μεγάλην,</em></span> <span class='ocrx_word' id='word_1_289' title='bbox 844 2879 947 2915; x_wconf 91' lang='lat' dir='ltr'><strong>non</strong></span> <span class='ocrx_word' id='word_1_290' title='bbox 1001 2863 1102 2915; x_wconf 88' lang='lat' dir='ltr'><strong>erit</strong></span> <span class='ocrx_word' id='word_1_291' title='bbox 1147 2861 1376 2931; x_wconf 87' lang='lat' dir='ltr'><strong>amplius</strong></span> <span class='ocrx_word' id='word_1_292' title='bbox 1417 2861 1706 2916; x_wconf 87' lang='lat' dir='ltr'><strong>ridiculum</strong></span> <span class='ocrx_word' id='word_1_293' title='bbox 1748 2870 1800 2916; x_wconf 85' lang='lat' dir='ltr'><strong>et</strong></span> <span class='ocrx_word' id='word_1_294' title='bbox 1835 2860 2127 2916; x_wconf 87' lang='lat' dir='ltr'><strong>absurdum</strong></span> <span class='ocrx_word' id='word_1_295' title='bbox 2170 2863 2216 2915; x_wconf 86' lang='lat' dir='ltr'><strong>si</strong></span> <span class='ocrx_word' id='word_1_296' title='bbox 2259 2879 2354 2932; x_wconf 91' lang='lat' dir='ltr'><strong>pro</strong></span> <span class='ocrx_word' id='word_1_297' title='bbox 2408 2855 2436 2914; x_wconf 74' lang='grc' dir='ltr'>Ξ</span> 
     </span>
     <span class='ocr_line' id='line_1_33' title="bbox 388 2939 2436 3011; baseline -0.004 -5"><span class='ocrx_word' id='word_1_298' title='bbox 388 2952 538 3006; x_wconf 87' lang='grc' dir='ltr'><em>πόλιν</em></span> <span class='ocrx_word' id='word_1_299' title='bbox 574 2949 866 3004; x_wconf 85' lang='lat' dir='ltr'><strong>substitues</strong></span> <span class='ocrx_word' id='word_1_300' title='bbox 905 2950 1081 3003; x_wconf 85' lang='grc' dir='ltr'><em>οἶκίαν.</em></span> <span class='ocrx_word' id='word_1_301' title='bbox 1162 2950 1430 3004; x_wconf 85' lang='lat' dir='ltr'><strong>Lacunam</strong></span> <span class='ocrx_word' id='word_1_302' title='bbox 1471 2950 1595 3004; x_wconf 88' lang='lat' dir='ltr'><strong>libri</strong></span> <span class='ocrx_word' id='word_1_303' title='bbox 1635 2951 1829 3005; x_wconf 82' lang='lat' dir='ltr'><strong>veteris</strong></span> <span class='ocrx_word' id='word_1_304' title='bbox 1875 2959 1996 3004; x_wconf 90' lang='grc' dir='ltr'><strong>ΚΑΙ</strong></span> <span class='ocrx_word' id='word_1_305' title='bbox 2038 2949 2064 2976; x_wconf 74' lang='lat'>*</span> <span class='ocrx_word' id='word_1_306' title='bbox 2090 2951 2114 2974; x_wconf 83' lang='lat'>*</span> <span class='ocrx_word' id='word_1_307' title='bbox 2141 2950 2166 2975; x_wconf 86' lang='lat'>*</span> <span class='ocrx_word' id='word_1_308' title='bbox 2191 2949 2217 2975; x_wconf 85' lang='lat'>*</span> <span class='ocrx_word' id='word_1_309' title='bbox 2260 2958 2352 3003; x_wconf 92' lang='lat' dir='ltr'><strong>OI-</strong></span> <span class='ocrx_word' id='word_1_310' title='bbox 2404 2939 2436 3011; x_wconf 56' lang='grc' dir='ltr'><strong>7Ξ</strong></span> 
     </span>
     <span class='ocr_line' id='line_1_34' title="bbox 388 3036 2357 3110; baseline -0.001 -15"><span class='ocrx_word' id='word_1_311' title='bbox 388 3048 557 3095; x_wconf 86' lang='lat' dir='ltr'><strong>KEIN</strong></span> <span class='ocrx_word' id='word_1_312' title='bbox 607 3056 636 3092; x_wconf 87' lang='lat' dir='ltr'><strong>a</strong></span> <span class='ocrx_word' id='word_1_313' title='bbox 687 3036 848 3091; x_wconf 92' lang='lat' dir='ltr'><strong>sciolo</strong></span> <span class='ocrx_word' id='word_1_314' title='bbox 896 3044 1098 3091; x_wconf 82' lang='lat' dir='ltr'><strong>temere</strong></span> <span class='ocrx_word' id='word_1_315' title='bbox 1147 3045 1200 3091; x_wconf 91' lang='lat' dir='ltr'><strong>et</strong></span> <span class='ocrx_word' id='word_1_316' title='bbox 1254 3038 1553 3094; x_wconf 89' lang='lat' dir='ltr'><strong>inconsulto</strong></span> <span class='ocrx_word' id='word_1_317' title='bbox 1610 3038 1870 3110; x_wconf 85' lang='lat' dir='ltr'><strong>expletam</strong></span> <span class='ocrx_word' id='word_1_318' title='bbox 1929 3054 2042 3092; x_wconf 89' lang='lat' dir='ltr'><strong>esse</strong></span> <span class='ocrx_word' id='word_1_319' title='bbox 2087 3036 2357 3107; x_wconf 87' lang='lat' dir='ltr'><strong>probabile</strong></span> 
     </span>
     <span class='ocr_line' id='line_1_35' title="bbox 385 3138 483 3186; baseline -0.02 0"><span class='ocrx_word' id='word_1_320' title='bbox 385 3138 483 3186; x_wconf 85' lang='lat' dir='ltr'><strong>est.</strong></span> 
     </span>
    </p>

    <p class='ocr_par' dir='ltr' id='par_1_12' title="bbox 392 3212 2356 3639">
     <span class='ocr_line' id='line_1_36' title="bbox 466 3212 2356 3286; baseline -0.003 -14"><span class='ocrx_word' id='word_1_321' title='bbox 466 3219 527 3272; x_wconf 89' lang='lat' dir='ltr'><strong>In</strong></span> <span class='ocrx_word' id='word_1_322' title='bbox 569 3219 597 3286; x_wconf 55' lang='grc' dir='ltr'>ὅ</span> <span class='ocrx_word' id='word_1_323' title='bbox 640 3219 734 3270; x_wconf 91' lang='lat'><strong>10:</strong></span> <span class='ocrx_word' id='word_1_324' title='bbox 778 3212 1047 3280; x_wconf 67' lang='grc' dir='ltr'><em>γυμνάσια</em></span> <span class='ocrx_word' id='word_1_325' title='bbox 1088 3214 1174 3266; x_wconf 79' lang='grc' dir='ltr'><strong>καὶ</strong></span> <span class='ocrx_word' id='word_1_326' title='bbox 1217 3215 1407 3281; x_wconf 79' lang='grc' dir='ltr'><em>λουτρα</em></span> <span class='ocrx_word' id='word_1_327' title='bbox 1445 3215 1530 3268; x_wconf 79' lang='grc' dir='ltr'><strong>καὶ</strong></span> <span class='ocrx_word' id='word_1_328' title='bbox 1571 3215 1886 3282; x_wconf 73' lang='grc' dir='ltr'><em>αποδυτήρια</em></span> <span class='ocrx_word' id='word_1_329' title='bbox 1926 3219 2031 3274; x_wconf 79' lang='grc' dir='ltr'><em>τοῖς</em></span> <span class='ocrx_word' id='word_1_330' title='bbox 2072 3214 2167 3278; x_wconf 80' lang='grc' dir='ltr'><strong>μὲν</strong></span> <span class='ocrx_word' id='word_1_331' title='bbox 2201 3226 2356 3267; x_wconf 82' lang='grc' dir='ltr'><em>πλου-</em></span> 
     </span>
     <span class='ocr_line' id='line_1_37' title="bbox 392 3302 2352 3370; baseline -0.003 -10"><span class='ocrx_word' id='word_1_332' title='bbox 392 3309 511 3366; x_wconf 80' lang='grc' dir='ltr'><em>σίοις</em></span> <span class='ocrx_word' id='word_1_333' title='bbox 547 3304 649 3361; x_wconf 73' lang='grc' dir='ltr'><strong>ἐςῖν</strong></span> <span class='ocrx_word' id='word_1_334' title='bbox 694 3303 833 3356; x_wconf 74' lang='grc' dir='ltr'><em>’ἴδια</em></span> <span class='ocrx_word' id='word_1_335' title='bbox 886 3303 1061 3364; x_wconf 81' lang='grc' dir='ltr'><em>ἐνίοις,</em></span> <span class='ocrx_word' id='word_1_336' title='bbox 1103 3303 1123 3354; x_wconf 87' lang='grc' dir='ltr'><em>ὁ</em></span> <span class='ocrx_word' id='word_1_337' title='bbox 1172 3302 1222 3355; x_wconf 79' lang='grc' dir='ltr'><strong>δὲ</strong></span> <span class='ocrx_word' id='word_1_338' title='bbox 1258 3304 1412 3366; x_wconf 77' lang='grc' dir='ltr'><em>δῆμος</em></span> <span class='ocrx_word' id='word_1_339' title='bbox 1450 3304 1604 3363; x_wconf 82' lang='grc' dir='ltr'><em>αὐτὸς</em></span> <span class='ocrx_word' id='word_1_340' title='bbox 1655 3303 1792 3369; x_wconf 74' lang='grc' dir='ltr'><em>αὐτῷ</em></span> <span class='ocrx_word' id='word_1_341' title='bbox 1834 3302 2166 3367; x_wconf 74' lang='grc' dir='ltr'><em>οἰκοδομεῖται</em></span> <span class='ocrx_word' id='word_1_342' title='bbox 2222 3302 2352 3370; x_wconf 73' lang='grc' dir='ltr'><strong>ἰδία</strong></span> 
     </span>
     <span class='ocr_line' id='line_1_38' title="bbox 392 3389 2356 3460; baseline -0.004 -11"><span class='ocrx_word' id='word_1_343' title='bbox 392 3394 688 3460; x_wconf 82' lang='grc' dir='ltr'><em>παλαίςρας</em></span> <span class='ocrx_word' id='word_1_344' title='bbox 726 3390 928 3450; x_wconf 69' lang='grc' dir='ltr'><em>πολλὰς</em></span> <span class='ocrx_word' id='word_1_345' title='bbox 952 3432 967 3454; x_wconf 92' lang='grc'><em>,</em></span> <span class='ocrx_word' id='word_1_346' title='bbox 1006 3391 1319 3456; x_wconf 54' lang='lat' dir='ltr'><strong>cimam-Aptae</strong></span> <span class='ocrx_word' id='word_1_347' title='bbox 1343 3432 1356 3453; x_wconf 89' lang='lat'><strong>,</strong></span> <span class='ocrx_word' id='word_1_348' title='bbox 1395 3392 1694 3458; x_wconf 79' lang='grc' dir='ltr'><em>λουτρῶνας.</em></span> <span class='ocrx_word' id='word_1_349' title='bbox 1776 3389 1912 3455; x_wconf 83' lang='lat' dir='ltr'><strong>Quid</strong></span> <span class='ocrx_word' id='word_1_350' title='bbox 1951 3389 2149 3444; x_wconf 78' lang='lat' dir='ltr'><strong>audio?</strong></span> <span class='ocrx_word' id='word_1_351' title='bbox 2193 3389 2356 3442; x_wconf 88' lang='lat' dir='ltr'><strong>Haec·</strong></span> 
     </span>
     <span class='ocr_line' id='line_1_39' title="bbox 394 3478 2354 3552; baseline -0.004 -15"><span class='ocrx_word' id='word_1_352' title='bbox 394 3484 512 3537; x_wconf 90' lang='lat' dir='ltr'><strong>cine</strong></span> <span class='ocrx_word' id='word_1_353' title='bbox 551 3479 775 3552; x_wconf 89' lang='lat' dir='ltr'><strong>populus</strong></span> <span class='ocrx_word' id='word_1_354' title='bbox 815 3481 954 3547; x_wconf 78' lang='grc' dir='ltr'><strong>ἰδία</strong></span> <span class='ocrx_word' id='word_1_355' title='bbox 1008 3478 1383 3543; x_wconf 69' lang='grc' dir='ltr'><em>οἶκοδομεῖταιῖ</em></span> <span class='ocrx_word' id='word_1_356' title='bbox 1443 3478 1595 3532; x_wconf 88' lang='lat' dir='ltr'><strong>Haud</strong></span> <span class='ocrx_word' id='word_1_357' title='bbox 1635 3478 1743 3531; x_wconf 87' lang='lat' dir='ltr'><strong>vidi</strong></span> <span class='ocrx_word' id='word_1_358' title='bbox 1780 3479 1970 3548; x_wconf 82' lang='lat' dir='ltr'><strong>magis.</strong></span> <span class='ocrx_word' id='word_1_359' title='bbox 2051 3478 2131 3530; x_wconf 88' lang='lat' dir='ltr'><strong>Tu</strong></span> <span class='ocrx_word' id='word_1_360' title='bbox 2180 3492 2354 3531; x_wconf 89' lang='lat' dir='ltr'><strong>emen-</strong></span> 
     </span>
     <span class='ocr_line' id='line_1_40' title="bbox 397 3565 2353 3639; baseline -0.004 -16"><span class='ocrx_word' id='word_1_361' title='bbox 397 3571 459 3624; x_wconf 87' lang='lat' dir='ltr'><strong>da</strong></span> <span class='ocrx_word' id='word_1_362' title='bbox 503 3569 685 3625; x_wconf 84' lang='lat' dir='ltr'><strong>sodes:</strong></span> <span class='ocrx_word' id='word_1_363' title='bbox 726 3574 829 3629; x_wconf 82' lang='grc' dir='ltr'><em>τοῖς</em></span> <span class='ocrx_word' id='word_1_364' title='bbox 871 3569 964 3632; x_wconf 79' lang='grc' dir='ltr'><strong>μὲν</strong></span> <span class='ocrx_word' id='word_1_365' title='bbox 1005 3568 1261 3628; x_wconf 77' lang='grc' dir='ltr'><em>πλουσίοις</em></span> <span class='ocrx_word' id='word_1_366' title='bbox 1303 3567 1403 3624; x_wconf 75' lang='grc' dir='ltr'><strong>ἐςὶν</strong></span> <span class='ocrx_word' id='word_1_367' title='bbox 1457 3568 1594 3635; x_wconf 78' lang='grc' dir='ltr'><strong>ἰδία</strong></span> <span class='ocrx_word' id='word_1_368' title='bbox 1649 3567 1772 3639; x_wconf 85' lang='lat' dir='ltr'><strong>(non</strong></span> <span class='ocrx_word' id='word_1_369' title='bbox 1814 3566 1936 3637; x_wconf 76' lang='grc' dir='ltr'><em>ἴδια)</em></span> <span class='ocrx_word' id='word_1_370' title='bbox 1981 3565 2155 3629; x_wconf 81' lang='grc' dir='ltr'><em>ἐνίοις,</em></span> <span class='ocrx_word' id='word_1_371' title='bbox 2209 3571 2260 3619; x_wconf 89' lang='lat' dir='ltr'><strong>et</strong></span> <span class='ocrx_word' id='word_1_372' title='bbox 2300 3565 2353 3617; x_wconf 89' lang='lat' dir='ltr'><strong>in</strong></span> 
     </span>
    </p>
   </div>
  </div>
 </body>
</html>
