2436 4068
1284 261 1388 310 120

353 419 584 474 namque
619 420 722 458 non
759 401 959 457 solebat
1000 403 1045 455 is
1083 402 1218 460 θεοὺς
1259 400 1613 467 προπέμπειν,
1658 402 1798 473 quod
1839 405 2023 459 seiam.
2087 406 2329 462 Scriben-

354 490 481 546 dum
513 499 592 546 est
620 497 796 559 νεκρῶν
826 489 1128 558 προπομπὲ,
1174 487 1314 560 quod
1344 505 1374 542 a
1403 488 1710 544 Casaubono
1743 490 1869 546 olim
1900 493 2332 553 animadversum

353 595 467 633 esse
505 596 649 633 nune
687 578 857 632 video.

429 665 664 720 Alexidis
699 664 1060 735 fragmentum
1104 670 1185 718 est
1221 663 1276 717 in
1319 662 1462 718 Stob.
1498 664 1679 719 Floril.
1720 664 1851 720 LIX.
1897 669 1947 720 2.

730 749 836 812 δ’ςις
871 752 1090 806 διαπλεῖ
1123 750 1396 806 θάλατταν
1431 752 1460 814 ἢ
1499 759 1833 823 μελαγχολᾷ

731 838 762 902 ἢ
802 838 1016 906 πτωχός
1055 841 1161 897 ἒςιν
1196 839 1224 904 ἢ
1265 841 1497 910 θανατᾷ.
1538 839 1729 894 τούτων
1768 844 1912 907 τριῶν

732 924 837 987 ἑνός
877 929 934 992 γ’
971 929 1263 996 ἀποτυχεῖν
1301 926 1618 996 τοῦλοέχιςον
1654 929 1745 982 οὐκ
1781 926 1879 991 ἔνι,

351 1015 405 1066 in
447 1029 552 1084 quo
602 1011 843 1068 διαπλεῖν
890 1013 1183 1069 ridiculum
1225 1021 1323 1070 est.
1404 1015 1465 1068 In
1518 1014 1618 1068 hoe
1670 1031 1866 1086 genere
1913 1013 2183 1079 iocorum,
2232 1031 2339 1087 quo

351 1099 608 1173 permulti
647 1099 968 1165 utebantur,
1009 1107 1160 1156 πλεῖν
1193 1100 1365 1155 solum
1406 1108 1552 1156 reete
1585 1101 1814 1163 dicitur,
1858 1117 2031 1173 neque
2065 1102 2162 1155 ulli
2198 1120 2339 1157 eom·

351 1189 523 1260 posito
562 1187 713 1243 loeus
751 1194 849 1243 est.
929 1189 989 1243 In
1029 1188 1214 1244 eodem
1258 1187 1533 1260 Florilegii
1565 1190 1742 1261 eapite
1782 1187 1822 1262 §
1861 1192 1913 1243 6.
1950 1190 2006 1243 in
2046 1189 2198 1244 libris
2233 1198 2341 1245 ests

738 1277 956 1340 πλείςην
996 1276 1269 1331 θάλατταν
1309 1276 1544 1344 σχοινίων
1586 1276 1952 1343 πωλουμένωνς

354 1362 650 1426 Salmasius
696 1363 907 1435 primus
942 1363 1078 1418 vidit
1131 1370 1285 1426 πλεῖς
1325 1366 1417 1428 τήν
1460 1379 1647 1419 verum
1688 1380 1821 1419 esse.
1902 1363 2178 1419 Philemon
2229 1365 2340 1420 Sto-

350 1451 468 1514 haei
510 1451 691 1515 Floril.
733 1450 962 1506 XCVIII.
1007 1455 1096 1506 20.

731 1541 785 1595 οὐ
826 1546 932 1602 τοῖς
972 1539 1185 1595 πλέουσι
1224 1540 1316 1602 τὴν
1353 1539 1626 1595 θάλατταν
1667 1540 1915 1607 γίγνεται

734 1627 926 1694 μόνοισι
964 1629 1194 1697 χειμών,
1237 1630 1302 1690 ὥς
1339 1627 1513 1683 ἔοικεν.

353 1721 408 1769 et
449 1714 528 1768 sie
576 1714 777 1786 passim
832 1714 985 1770 alibi:
1041 1713 1392 1787 quamohrem
1441 1715 1548 1778 ὅςις
1588 1717 1641 1771 δὲ
1680 1721 1812 1770 πλεῖ
1847 1715 2120 1771 θάλατταν
2162 1733 2343 1773 veram

351 1802 681 1874 scripturam
734 1818 850 1858 esse
901 1802 1152 1858 arbitror.
1246 1801 1430 1860 Obiter
1488 1803 1714 1859 verbum
1766 1805 2006 1860 διαπλεῖν
2059 1804 2348 1859 reddamus

351 1890 578 1946 Isocrati
637 1891 694 1944 in
744 1890 1076 1965 Panegyrico
1116 1889 1157 1964 S
1199 1893 1288 1946 96.
1343 1891 1400 1946 ἐκ
1453 1899 1546 1955 τῆς
1600 1891 1799 1953 πόλεως
1852 1893 1924 1953 εἰς
1964 1893 2055 1955 την
2097 1893 2346 1961 ἐχομένην

356 1986 502 2042 νῆσον
536 1978 874 2043 ἐξέπλευσαν.
957 1978 1168 2046 Quanto
1208 1979 1411 2034 rectius
1449 1979 1505 2033 in
1546 1979 2146 2051 Aeginetieo‘serihitur
2184 1979 2223 2054 §
2257 1985 2345 2035 51.

359 2069 524 2136 ὁρῶσα
553 2068 669 2128 τοὺς
699 2066 922 2127 πολίτας
960 2068 1078 2128 τοὺς
1109 2068 1415 2135 ἡμετέρους,
1455 2066 1654 2136 ὅσοιπερ
1695 2066 1826 2132 ἦσαν
1859 2068 1911 2121 ἕν
1943 2067 2203 2135 Τροιζῆνι,
2242 2070 2349 2124 δια-

362 2154 621 2217 πλέοντας
661 2156 732 2215 εἰς
766 2153 1017 2219 Αἴγιναν,
1059 2161 1112 2209 et
1154 2155 1372 2209 omnino
1406 2155 1675 2221 διαπλεῖν,
1715 2156 2100 2223 διαπορθμεύειν
2139 2163 2193 2211 et
2227 2157 2349 2211 sim.

365 2245 422 2297 in
462 2259 568 2296 usu
609 2248 736 2296 sunt
774 2241 840 2296 de
877 2242 972 2306 iis,
1013 2243 1106 2313 qui
1146 2243 1203 2296 in
1238 2242 1470 2297 vicinam
1521 2242 1752 2298 insulam
1805 2240 2103 2298 traiiciunt.
2185 2243 2352 2315 Saepe

366 2331 509 2404 apud
543 2332 834 2386 Isocratem
869 2329 1176 2401 quoques}
1207 2336 1261 2385 et
1293 2331 1338 2384 δι
1374 2329 1595 2386 confusa
1629 2337 1780 2409 sunt:
1823 2345 1990 2403 quare
2022 2331 2352 2387 confidenter

367 2420 607 2475 rescribe
645 2419 977 2474 διέπλευσαν.

444 2508 905 2582 Pythagoreorum
954 2505 1138 2562 sordes
1177 2511 1230 2561 et
1279 2507 1525 2561 miserias
1576 2505 1885 2564 describens
1934 2506 2112 2562 Alexis
2163 2506 2351 2562 Athen

375 2599 498 2665 161.
539 2596 596 2651 Β.
634 2596 710 2651 ita
750 2595 1030 2667 scripsisse
1068 2599 1319 2666 putatur·
1965 2612 1969 2614 ’

749 2681 902 2750 αρτος
943 2684 1160 2750 καθαρὸς
1197 2679 1269 2744 εἷς
1304 2683 1555 2753 ἑκατέρῳ,
1597 2683 1826 2750 ποτήριον

751 2769 966 2834 ὕδατος.
1008 2774 1246 2826 τοσαῦτα
1285 2775 1479 2827 ταῦτα.
1520 2780 1578 2827 Β.
1619 2770 1960 2839 δεσμωτηρίου

752 2858 928 2924 λέγεις
969 2858 1189 2914 δίαιταν.
1230 2867 1295 2914 Α.
1337 2858 1533 2918 πάντες
1572 2855 1728 2919 οὕτως
1768 2859 1811 2912 οἱ
1852 2860 2004 2928 σοφοί

753 2944 986 3012 διάγουσι
1028 2947 1114 3002 καὶ
1157 2951 1379 3002 τοιαῦτα
1414 2945 1766 3001 κακοπαθοῦσί
1799 2965 1926 3000 που.

755 3038 1012 3102 τρυφῶσιν
1052 3032 1206 3103 ἕτεροι
1246 3037 1368 3104 πρὸς
1409 3033 1634 3101 ἑτέρους.
1679 3030 1758 3101 ἆρ’
1797 3031 1918 3089 οἷσθ’
1958 3031 2034 3088 ὅτι

754 3123 1156 3184 Μελανιππίδης
1198 3121 1394 3190 ἑταῖρός
1432 3123 1507 3179 ἐςι
1545 3122 1631 3175 καὶ
1674 3120 1848 3185 Φοέων,

758 3210 844 3263 καὶ
888 3209 1196 3278 Φυρόμαχος
1236 3211 1322 3264 καὶ
1366 3213 1555 3273 Φᾶνος,
1595 3205 1640 3263 οἳ
1680 3209 1742 3263 δι’
1781 3209 1972 3278 ἡμέρας

759 3295 1012 3351 δειπνοῦσι
1052 3298 1300 3363 πέμπτης
1339 3298 1581 3367 οέλφίτων
1622 3297 1839 3359 κοτύλην
1879 3297 2034 3362 μίαν;

382 3387 519 3443 male
568 3385 736 3439 divisa
784 3383 915 3437 haee
967 3393 1094 3438 sunt
1146 3392 1199 3439 et
1249 3387 1302 3438 in
1355 3402 1461 3439 uno
1511 3385 1764 3439 vocabulo
1803 3385 2041 3455 graviter
2081 3393 2359 3457 corrupta,

380 3482 440 3534 ut
482 3474 761 3546 perspicue
789 3471 1029 3542 ‘intelligi
1069 3490 1171 3526 non
1224 3474 1444 3545 possint.
1528 3471 1789 3542 Equidem
1832 3471 2008 3527 locum
2051 3473 2126 3526 sie
2169 3475 2361 3533 eonsti-

380 3564 596 3619 tnerim:
