2436 4068
1314 251 1415 300 134

394 396 543 463 licet,
584 398 677 470 qui
717 398 772 451 in
806 395 1113 451 huiusmodi
1155 411 1212 449 re
1254 394 1448 448 misere
1484 393 1802 464 depravatus
1837 402 1917 448 est
1954 413 2025 449 VS.
2067 400 2192 451 895.

629 488 670 539 οἱ
712 487 753 538 δ’
792 484 978 550 οὶγαθοὶ
1020 484 1302 551 φεύγουσι,
1341 483 1488 536 πόλιν
1529 481 1580 535 δὲ
1620 482 1764 535 κακοὶ
1805 483 2088 539 διέπουσιν.

793 577 857 633 ὡς
893 573 951 633 δὴ
991 572 1288 639 Κυψελιδῶν
1331 571 1457 630 Ζεὺς
1497 569 1690 622 ὀλέσειε
1729 569 1905 632 γένος.

398 660 555 716 nihili
594 667 673 714 est
711 663 774 720 ὡς
816 660 901 722 δή,
947 659 1000 712 in
1043 676 1147 730 quo
1185 659 1314 712 latet
1361 664 1466 718 πῶς
1511 655 1574 710 ἄν
1613 657 1831 710 utinam.
1893 666 1992 712 AN
2031 665 2082 713 et
2125 668 2220 714 ΔΗ
2261 675 2369 712 sae-

398 749 618 820 pissime
670 747 779 800 vidi
834 747 1131 817 permutari
1186 753 1238 801 et
1291 747 1343 799 in
1403 751 1507 806 πῶς
1563 744 1736 816 prima
1792 745 2030 800 litterula
2083 747 2372 801 intercidit.

396 837 574 891 Iratus
612 842 766 906 poeta
805 834 1150 889 exclamavit:

775 928 879 983 πῶς
921 921 983 976 ἂν
1024 925 1322 989 Κυψελιδῶν
1364 924 1492 984 Ζεὺς
1533 922 1724 977 ὀλέσειε
1765 920 1929 985 γένος.

399 1011 538 1078 Quid
579 1011 757 1064 notius
801 1017 881 1064 est
922 1027 1080 1081 quam
1121 1017 1225 1071 πῶς
1266 1010 1329 1064 ἄν
1371 1028 1431 1065 eo
1466 1010 1663 1065 sensu?
1724 1008 1996 1080 Exemplis
2037 1010 2203 1079 igitur
2242 1008 2377 1062 nihil

398 1115 530 1170 opus
571 1106 677 1152 est:
723 1098 909 1152 utilius
943 1098 1285 1169 augebuntur
1323 1106 1446 1153 nota
1487 1097 1729 1168 exempla
1780 1097 1894 1150 loco
1934 1098 2126 1152 incerti
2164 1097 2378 1168 Tragici

399 1185 540 1257 apud
581 1185 929 1240 Plutarchum
972 1187 1026 1239 in
1069 1186 1436 1240 Consolatione
1474 1186 1540 1240 ad
1579 1184 1913 1256 Apollonium
1965 1203 2013 1257 p.
2060 1188 2183 1240 106.
2221 1186 2278 1239 D.

777 1271 812 1327 ὦ
848 1274 1036 1328 θανατε
1074 1274 1235 1328 παιαν
1275 1275 1443 1340 ἰατρὸς
1484 1274 1690 1338 μόλοις,

398 1361 491 1416 ubi
532 1361 884 1434 supplendum
925 1351 1187 1415 arbitror:

779 1448 813 1503 ὦ
849 1449 1039 1505 θάνατε
1078 1449 1266 1512 παιάν,
1308 1455 1412 1509 πῶς
1453 1449 1518 1504 ἂν
1559 1451 1727 1517 ἰατρὸς
1769 1449 1964 1515 μόλοις.

399 1539 682 1593 Praeterea
721 1539 773 1590 in
814 1538 995 1592 eodem
1036 1537 1355 1608 Antiphanis
1395 1537 1695 1608 fragmento
1737 1555 1813 1592 vs.
1854 1541 1884 1592 5
1923 1535 2060 1590 male
2114 1553 2174 1590 ex
2233 1544 2376 1591 ΚΑΙ-

399 1634 700 1681 ΤΑΤΤΗΝ
737 1624 908 1680 secere
946 1627 1031 1680 καὶ
1073 1627 1301 1688 ταύτην,
1346 1642 1511 1696 quum
1555 1633 1694 1681 esset
1729 1624 1849 1695 κᾷτ’
1890 1627 2070 1688 αὐτήν.

477 1713 627 1781 Quod
667 1715 720 1784 in
759 1713 1079 1785 Antiphanis
1115 1714 1228 1768 loco
1269 1712 1408 1785 apud
1443 1714 1640 1768 Athen.
1681 1731 1730 1785 p.
1775 1717 1899 1769 240.
1936 1713 1993 1767 F.
2030 1709 2086 1766 εὖ
2122 1712 2378 1780 πράξεται

399 1802 505 1870 γαρ
554 1802 730 1868 μισθόν
791 1819 953 1873 supra
1006 1802 1409 1856 emendavimus
1472 1804 1527 1856 εἰ
1600 1801 1856 1870 πράξεται
1921 1802 2025 1870 γὰρ
2078 1802 2256 1867 μισθόν
2306 1834 2381 1843 -

400 1889 640 1953 συλλέξει
680 1889 854 1957 συχνοί
892 1890 1140 1946 admonet
1178 1908 1264 1946 me
1302 1891 1403 1946 loci
1445 1890 1584 1962 apud
1622 1889 1979 1954 Andocidem,
2030 1890 2120 1944 ubi
2172 1897 2380 1944 contra·

398 1978 480 2030 rio
515 1978 645 2031 vitio
685 1978 891 2033 scribae
928 1986 1239 2051 peccarunt.
1323 1979 1519 2035 Editur
1553 1976 1695 2049 apud
1740 1977 1941 2032 Andoc.
1991 1978 2101 2045 περὶ
2149 1983 2246 2032 τῶν
2285 1999 2381 2044 μυ-

398 2066 575 2133 ςηρίων
618 2064 655 2139 §
698 2070 820 2121 150.
876 2069 930 2121 εἶ
980 2068 1085 2135 γὰρ
1138 2069 1429 2134 μέμνησθε,
1477 2065 1562 2121 ὅτε
1604 2069 1632 2129 ἦ
1672 2066 1822 2127 πόλις
1866 2064 1994 2134 ἦρχε
2044 2071 2142 2121 τῶν
2187 2069 2378 2132 Ἑλλή·

400 2175 492 2208 νων
546 2153 634 2208 καὶ
681 2155 964 2221 εὐδαιμόνει
1014 2155 1251 2221 μάλιςα,
1305 2155 1588 2216 Ἱππόνικος
1637 2155 1688 2209 δὲ
1744 2153 1799 2219 ἦν
1848 2156 2230 2216 πλουσιώτατος
2282 2162 2379 2210 τῶν

399 2244 690 2306 Ἑλλήνων,
746 2242 865 2297 τότε
914 2245 1086 2309 μέντοι
1141 2243 1333 2304 πάντες
1387 2243 1463 2300 ἴςε
1511 2241 1586 2297 ὅτι
1635 2245 1745 2299 κτέ.
1826 2242 1976 2310 Quod
2017 2244 2070 2296 in
2109 2242 2193 2296 his
2229 2244 2377 2297 vitio·

400 2345 519 2383 sum
558 2336 639 2382 est
661 2330 822 2384 simul
855 2331 1060 2402 patebit
1091 2337 1143 2385 et
1180 2331 1458 2385 sanabitur
1487 2332 1533 2384 si
1565 2330 1779 2401 legeris:
1823 2327 1877 2384 εὖ
1898 2330 2002 2397 γὰρ
2023 2330 2284 2397 μέμνησθε
2307 2363 2380 2371 -ι

396 2423 493 2471 τῶν
533 2419 822 2482 Ἑλλήνων,
862 2418 981 2472 τότε
1020 2419 1192 2484 μέντοι
1234 2419 1428 2481 παντες
1459 2418 1536 2476 ἵςε
1578 2421 1685 2473 κτέ.

474 2505 793 2560 Rectissime
839 2506 1123 2560 Elmsleius
1170 2508 1224 2559 in
1273 2507 1593 2578 Antiphanis
1643 2505 1943 2576 fragmento
1991 2507 2130 2578 apud
2182 2507 2374 2563 Athen.

396 2611 448 2665 p.
491 2597 615 2647 299.
655 2594 714 2649 E.
982 2596 1010 2659 ἢ
1049 2595 1201 2648 πλέον
1242 2597 1570 2650 ἀναλώσασιν
1608 2595 1895 2663 ὄσφροῖσθαι
1936 2595 2115 2660 μόνον.

398 2681 605 2736 foedam
642 2681 887 2736 mendam
932 2682 1280 2755 deprehendit
1314 2691 1365 2738 et
1402 2691 1589 2755 poetae
1624 2699 1783 2737 suum
1819 2684 2093 2751 ὀσφρέσθαι
2130 2683 2379 2740 reddidit.

403 2770 568 2841 Saepe
608 2771 684 2824 sic
722 2770 967 2824 Graeculi
1008 2779 1220 2835 errant,
1262 2773 1353 2843 qui
1390 2773 1521 2826 satis
1558 2777 1867 2826 constanter
1905 2772 2168 2840 ἀφείλατο
2213 2778 2266 2826 et
2300 2771 2378 2827 εὕ-

401 2878 522 2925 ρατο
562 2864 615 2912 et
655 2859 773 2912 sim.
837 2858 1119 2914 Veteribus
1159 2860 1454 2915 obtrudunt
1489 2866 1543 2915 et
1582 2860 1856 2930 antiquam
1911 2858 2138 2913 formam
2188 2862 2379 2929 ὦσφρό-
2434 2879 2436 2883 ·

402 2967 505 3012 μην
545 2952 638 3000 aut
677 2947 729 2999 in
773 2948 1055 3016 ὠσφρώμην
1094 2957 1452 3020 corruperunt
1489 2955 1579 3002 aut
1634 2948 1688 3000 in
1745 2947 2046 3016 ὤσφραμην.
2106 2950 2378 3017 Ὠσφρῶν-
2428 2947 2436 3008 ,³

402 3054 483 3088 ‘roz
540 3039 792 3096 συνῆκαν,
852 3037 1087 3104 ᾔσθοντο,
1145 3037 1375 3101 ἔγνωσαν
1417 3036 1558 3108 apud
1609 3036 1934 3109 Hesychium
1991 3053 2055 3089 ex
2105 3035 2374 3106 Aristoph.
2432 3065 2436 3103 t

404 3119 634 3176 Acharn.
682 3127 802 3176 179.
846 3125 888 3177 οἱ
931 3125 971 3177 δ’
1012 3126 1265 3194 ὤσφροντο
1302 3124 1599 3191 πρεσβῦταί
1636 3145 1767 3184 τινες
1806 3125 2037 3177 correxit
2075 3122 2376 3176 Elmsleius.
2429 3144 2436 3199 :j

404 3209 467 3263 In
508 3207 769 3262 Herodoto
808 3211 848 3263 I.
891 3215 980 3266 80.
1017 3215 1080 3273 ὥς
1121 3212 1375 3282 ὅσφραντο
1417 3212 1624 3279 ταχιςα
1665 3217 1761 3266 τῶν
1816 3212 2062 3276 καμήλων
2114 3213 2155 3264 οἱ
2204 3209 2379 3272 ἵπποι,
2430 3237 2436 3259 ι

404 3295 550 3350 nulla
590 3302 669 3350 est
707 3296 995 3363 dubitatio,
1037 3301 1165 3371 quin
1207 3300 1447 3370 ὅσφροντο
1498 3301 1564 3353 sit
1602 3299 2025 3354 rescribendum.
2105 3297 2378 3352 Graeculis

405 3391 458 3439 et
492 3385 800 3456 poetastriS,
847 3385 1041 3456 quibus
1095 3391 1362 3457 ὀσφρῶμαι
1408 3396 1459 3442 et
1508 3388 1861 3456 ὠσφρησάμην
1916 3386 2116 3458 placuit
2167 3386 2375 3447 dicere,
2422 3381 2436 3482 Ξ

407 3489 531 3527 suos
569 3489 776 3527 errores
815 3472 1059 3528 lubenter
1099 3476 1470 3548 relinquimus,

494 3561 886 3633 Turpissimum
944 3561 1332 3618 barbarismum
1384 3562 1672 3634 Antiphani
1719 3562 1954 3616 obtrudit
2011 3563 2375 3618 Antiatticista
2424 3552 2436 3560 ³

398 3664 449 3717 p.
502 3653 601 3713 98,
654 3653 741 3704 28.
804 3653 1080 3716 Ἠκροοῖσοε
1143 3654 1255 3706 αντὶ
1309 3658 1396 3706 τοῦ
1453 3655 1617 3717 ἠκροῶ.
1681 3651 1997 3719 Ἀντιφανῆς
2049 3652 2367 3719 Ἐπιδαυρίῳ.
