2436 4068
1274 182 1380 233 586

340 334 530 396 πρῶτον
571 324 822 388 ἐπιδεῖξαι
861 327 1027 392 αὐτῇ,
1085 324 1287 377 inserta
1328 323 1514 377 vocula
1554 324 1900 380 scribendum
1946 343 2061 382 esse
2098 346 2320 384 censeo:

341 416 382 469 εἰ
424 417 499 481 μη
538 421 629 476 τῆς
665 414 826 471 οἷκίας
864 412 954 472 την
990 410 1204 475 δύναμίν
1249 409 1346 482 (γ’)
1390 409 1527 473 ἔδοξέ
1565 431 1650 475 μοι
1686 415 1793 468 κτέ.
1855 415 2115 486 Compara
2144 417 2234 471 lX.
2274 423 2322 471 1.

340 503 395 556 τί
433 502 523 565 δὲ,
584 503 626 555 εἰ
671 502 744 565 μη
787 498 1096 566 ὑπισχνεῖτό
1147 518 1212 562 γε
1268 499 1709 563 ἐπιμελήσεσθαι,
1764 505 1818 554 et
1857 501 1945 555 IX.
1994 507 2079 556 18.
2139 505 2193 558 τί
2236 505 2323 569 δέ,

340 589 481 657 ἔφη,
519 589 561 642 εἰ
603 589 676 653 μη
717 585 829 640 εἶπέ
871 587 938 651 γέ
973 606 1087 651 μοι,
1129 592 1182 639 et
1221 584 1408 639 eadem
1454 602 1615 656 opera
1655 587 1883 643 restitue
1923 574 2083 643 X.'8.
2146 593 2200 646 τί
2239 593 2323 658 δέ,

340 675 478 744 ἔφη,
532 676 574 728 εἰ
615 675 689 739 μη
729 679 819 727 τοῦ
859 677 1038 727 λοιποῦ
1082 672 1189 746 (γε)
1245 676 1466 727 τοιοῦτον
1520 674 1655 727 οὐδὲν
1695 706 1770 715 —-
1810 677 2323 744 ἐπραγματεύσατο,

340 764 396 816 in
438 761 635 816 talibus
676 761 818 814 enim
853 781 919 826 γε
967 778 997 813 a
1035 759 1227 813 scribis
1263 759 1547 830 aliquoties
1603 762 1909 827 omittitur,
1970 763 2324 821 Athenienses

337 867 444 903 non
485 847 840 911 omittebant,
883 849 1040 902 cuius
1095 848 1172 901 rei
1213 846 1383 900 multa
1435 846 1576 918 apud
1619 848 2030 920 Aristophanem
2084 854 2325 926 exempla

338 945 503 1002 sunt,
560 937 651 990 ubi
709 934 856 989 nulla
913 934 1117 1008 syllaba
1176 936 1397 1005 impune
1458 942 1630 1005 potest
1699 937 1899 992 abesse.
1994 939 2215 1011 Legitur
2266 942 2321 995 in

337 1025 544 1096 Equiti.
590 1026 710 1077 186.

561 1117 667 1178 μῶν
708 1113 765 1165 ἐκ
805 1115 975 1164 καλῶν
1017 1108 1062 1164 εἷ
1094 1110 1369 1175 καγαθῶν;
1410 1119 1465 1163 Β.
1521 1111 1603 1175 μα
1643 1113 1758 1173 τοὺς
1800 1115 1937 1175 θεούς
1962 1156 1976 1178 ,

559 1201 602 1253 εἰ
644 1199 718 1263 μη
760 1202 807 1251 ’κ
847 1203 1065 1265 πονηρῶν
1106 1218 1190 1262 γε.
1800 1196 1807 1203 “

330 1296 383 1341 et
418 1289 471 1340 in
513 1285 834 1356 Thesmoph.
873 1289 999 1339 898.

554 1373 688 1436 αὕτη
732 1372 914 1434 Θεονόη
957 1373 1220 1439 Πρωτέως.
1279 1383 1331 1427 Β.
1374 1372 1456 1437 μα
1498 1373 1567 1427 τὼ
1610 1375 1736 1438 θεώ,

557 1464 599 1515 εἰ
640 1463 714 1527 μη
749 1460 1018 1527 Κρίτυλλά
1056 1463 1112 1525 γ’
1154 1460 1410 1514 Ἀντιθέου
1447 1460 1825 1527 Γαργηττόθεν.

329 1555 384 1604 ct
427 1550 481 1603 in
527 1549 756 1622 Lysistr.
798 1551 925 1602 945.
1245 1616 1250 1619 7

561 1639 664 1703 οὐχ
703 1636 792 1699 ἡδὺ
834 1637 894 1689 τὸ
929 1635 1083 1703 μύρον
1106 1677 1120 1698 ,
1159 1634 1241 1701 μα
1280 1637 1366 1690 τὸν
1407 1635 1653 1689 Ἀπόλλω
1677 1677 1690 1699 ,
1732 1641 1976 1704 τουτογὶ,

560 1726 602 1778 εἶ
644 1724 717 1789 μη
758 1722 1106 1790 διατριπτικόν
1146 1743 1213 1787 γε
1253 1725 1374 1776 κούκ
1415 1721 1519 1790 ὄζον
1559 1723 1768 1789 γάμων.

331 1818 384 1865 et
427 1812 479 1865 in
524 1811 726 1865 Avibus
772 1814 952 1875 1680,
994 1810 1081 1864 uhi
1121 1812 1236 1864 sine
1277 1827 1437 1864 sensu
1479 1809 1689 1865 editur:

555 1900 637 1964 μοὶ
677 1899 762 1952 τὸν
805 1899 918 1960 Δί’,
959 1900 1060 1964 οὐχ
1099 1895 1242 1959 οὗτός
1283 1919 1349 1963 γε
1390 1899 1706 1965 παραδοῦναι
1748 1899 1927 1964 λέγει,

560 1989 602 2041 εἶ
644 1989 717 2052 μὴ
754 1984 986 2051 βαδίζειν
1027 1984 1193 2053 ὥσπερ
1234 1988 1276 2040 οἱ
1316 1986 1580 2052 χελιδόνες
1604 2028 1618 2050 ,

334 2075 584 2129 restituta
627 2074 726 2128 hac
766 2074 878 2143 ipsa
920 2072 1173 2145 loquendi
1213 2072 1384 2128 forma
1420 2074 1800 2142 corrigendum
1844 2092 1960 2131 esse
1994 2094 2218 2134 censeo:

559 2165 602 2217 εἶ
642 2164 717 2228 μη
755 2160 940 2228 βαΰζει
982 2165 1065 2226 γ’,
1105 2159 1270 2228 ὥσπερ
1310 2163 1352 2215 οἱ
1392 2161 1673 2228 χελιδόνες.

411 2250 558 2305 Idem
601 2248 814 2305 dicendi
851 2265 1021 2319 genus
1062 2250 1301 2303 occurrit
1338 2249 1392 2301 in
1433 2248 1805 2318 Aristophanis
1842 2249 2174 2321 fragmento:

561 2340 602 2392 εἶ
645 2341 717 2404 μη
758 2336 1048 2403 Προμηθεύς
1090 2338 1148 2400 γ’
1190 2337 1326 2401 εἰμὶ,
1366 2333 1550 2389 τᾶλλα
1589 2336 1866 2403 ψεύδομαι.

336 2432 388 2479 et
430 2426 483 2478 in
526 2425 851 2498 Cyl-opaedia
886 2425 926 2477 1.
970 2441 1037 2477 iv.
1086 2429 1168 2477 15.
1223 2425 1277 2478 τί
1308 2424 1398 2487 δέ,
1438 2422 1539 2492 ἔφη
1564 2464 1578 2486 ,
1611 2425 1654 2477 εἰ
1695 2426 1769 2489 μη
1807 2428 2122 2492 ,ammeta-aq
2158 2431 2316 2486 αὐτόν

335 2533 404 2577 γε
441 2547 515 2556 --
549 2513 732 2567 ἔπειτα
775 2512 832 2575 ἐξ
867 2515 1036 2579 ἀρχῆς
1078 2510 1238 2565 πάλιν
1277 2512 1417 2579 αὐτῷ
1456 2516 1707 2579 χρῶμαι,
1766 2519 1819 2567 et
1872 2516 2059 2585 paucis
2101 2517 2317 2589 quibus-

336 2600 459 2655 dam
502 2601 729 2655 aliorum
773 2599 924 2654 locis,
1851 2595 1855 2599 *
2411 2664 2413 2670 ⁴

415 2690 719 2743 Atticorum
762 2704 922 2741 aures
963 2687 1017 2740 in
1059 2685 1254 2740 talibus
1297 2693 1406 2740 tam
1451 2685 1759 2741 fastidiosae
1799 2696 1926 2743 sunt
1968 2696 2021 2744 et
2069 2690 2322 2763 loquendi
2412 2728 2414 2730 v

342 2793 471 2831 usus
513 2783 622 2830 tam
665 2781 949 2837 constanS,
1005 2781 1064 2827 ut
1117 2775 1160 2827 si
1204 2773 1330 2844 quid
1389 2774 1671 2839 omiseriS,
1725 2776 1770 2830 si
1812 2776 1941 2847 quid
1984 2783 2319 2850 transposue-
2408 2798 2409 2801 ’

336 2867 447 2928 ris,
488 2864 670 2918 statim
710 2862 881 2916 oratio
922 2879 1026 2915 non
1069 2863 1201 2916 satis
1241 2863 1450 2931 integra
1489 2868 1542 2915 et
1580 2879 1707 2916 sana
1759 2870 1813 2918 et
1851 2865 2030 2947 Attjca
2074 2868 2319 2923 videatur

335 2969 468 3007 esse.
509 2950 654 3005 Dabo
695 2951 773 3004 rei
815 2949 1120 3004 simillimae
1156 2949 1301 3003 aliud
1343 2949 1667 3020 exemplum.
1716 2951 2016 3006 Atticorum
2044 2957 2317 3027 proprium

334 3047 415 3095 est
455 3040 530 3093 ita
568 3037 775 3099 dicere,
819 3045 877 3091 ut
919 3037 1205 3107 Euripides
1245 3037 1299 3089 in
1348 3036 1529 3091 Medea
1568 3037 1705 3091 dixit
1754 3055 1831 3094 vs,
1873 3044 1998 3095 911.

563 3128 652 3180 οὐκ
690 3121 779 3178 οἷδ’
821 3125 884 3178 ἂν
924 3125 965 3178 εἰ
1009 3126 1270 3190 πείσαιμι.
1313 3127 1587 3192 πειρᾶσθαι
1631 3127 1682 3179 δὲ
1719 3129 1842 3194 χρή.

334 3223 386 3271 et
432 3216 486 3268 in
529 3211 797 3267 Alcestide
838 3227 914 3265 vs.
959 3215 1048 3265 49.

556 3302 736 3366 λαβὼν
777 3299 869 3363 ἴθ’,
909 3302 962 3354 οὐ
1006 3299 1109 3365 γαρ
1159 3295 1249 3352 οἷδ’
1287 3297 1352 3351 ἂν
1393 3301 1435 3353 εΞ
1479 3300 1724 3366 πείσαιμί
1764 3323 1841 3355 σε.

404 3391 570 3443 Locos
602 3386 805 3443 similes
839 3386 1051 3457 collegit
1075 3386 1283 3456 primus
1323 3385 1578 3440 Matthiae
1614 3387 1851 3444 Gramm.
1891 3391 1979 3445 Gr.
2027 3395 2055 3461 ᾗ
2088 3396 2213 3446 598.
2248 3394 2315 3458 C,

326 3494 557 3549 quorum
600 3475 864 3528 rationem
907 3472 1164 3543 explicuit
1201 3471 1489 3526 Elmsleius
1531 3473 1596 3527 ad
1641 3476 1828 3547 Eurip.
1872 3479 2005 3533 Med.
2045 3483 2170 3533 911.
2213 3481 2314 3533 Ad-

322 3566 458 3620 didit
500 3562 757 3619 nonnulla
803 3561 1189 3616 Stallhaumius
1225 3559 1288 3615 ad
1333 3560 1571 3617 Platonis
1613 3564 1750 3617 Tim.
1795 3583 1845 3637 p.
1886 3569 1956 3620 26
2000 3568 2052 3619 B.
2097 3573 2148 3620 et
2191 3567 2313 3620 Din-
