2436 4068
1304 296 1373 345 96

343 438 619 509 multaque
660 436 779 492 alia.
860 438 1186 494 Grassantur
1229 439 1283 491 in
1326 438 1497 508 poetis
1542 451 1777 507 quoque,
1819 436 1910 490 uhi
1946 440 2027 491 ἐπ’
2058 441 2334 507 αὐτοφώρῳ

341 525 834 598 deprehenduntur.
914 527 1139 583 Photius
1178 542 1231 582 v.
1272 525 1465 581 οὐσίαν.
1543 525 1772 585 Εὔπολις
1812 525 2049 581 Πόλεσιν.
2102 527 2204 588 Ὃς
2238 529 2330 590 τὴν

341 616 393 669 ἐν
430 617 703 683 Μαραθῶνι
742 614 1024 669 κατέλιπεν
1070 618 1190 681 ἡμῖν
1224 613 1416 668 οὐσίαν.
1498 612 1768 666 Porsonus
1802 614 2062 667 correxit:

646 700 696 763 ὃς
730 704 819 765 τὴν
857 706 1132 773 Μαραθῶνι
1168 702 1418 770 κατέλιφ’
1461 703 1582 766 ἡμῖν
1616 699 1795 754 οὐσίαν
1819 742 1831 754 .

342 790 434 845 sed
484 792 705 861 impune
744 788 921 845 adhuc
970 796 1264 863 peccarunt
1304 790 1360 843 in
1410 787 1785 860 Aristophanis
1838 786 2139 859 fragmento
2188 788 2329 860 apud

343 878 534 934 Athen.
574 877 667 931 111.
708 881 830 931 1'11.
869 877 929 932 A.

487 966 576 1020 καὶ
618 965 873 1032 κολλύραν
912 974 1042 1023 τοῖσι
1087 971 1300 1035 περῶσιν
1340 967 1426 1020 δια
1461 968 1578 1020 τούν
1613 962 1892 1031 Μαροὶθωνι
1922 971 2192 1031 τροπαῖον.

340 1071 463 1108 nam
521 1069 588 1107 ne
633 1053 896 1123 Bergkius
935 1054 1151 1126 quidem
1195 1054 1376 1126 paruit
1423 1051 1678 1107 Elmsleio
1715 1050 1783 1105 ad
1836 1051 2069 1107 Acharn.
2108 1069 2186 1106 vs.
2220 1056 2327 1107 543

341 1142 643 1196 rectissime
689 1141 997 1196 emendanti
1046 1143 1133 1197 δια
1169 1147 1259 1196 τοῦ
1307 1141 1584 1208 Μαραθῶνι
1632 1139 1903 1206 ‘spon-alvu:
1954 1156 2110 1193 nemo
2153 1146 2330 1194 tamen

340 1231 516 1301 capiet
548 1245 805 1300 umquam
841 1229 970 1300 quid
1007 1231 1078 1284 sit
1107 1234 1270 1298 περῶν
1302 1230 1388 1283 διὰ
1426 1229 1484 1282 τὸ
1517 1233 1756 1294 τροπαῖον
1790 1234 1844 1282 et
1887 1243 2042 1282 nemo
2072 1244 2328 1298 umquam

338 1324 582 1371 veterum
634 1318 686 1370 ἐν
726 1318 1002 1385 Μαραθῶνι
1048 1317 1201 1371 dixit.
1293 1317 1480 1388 Itaque
1519 1314 1771 1370 Aeschini
1811 1318 2011 1371 Αὐλῶνι
2065 1316 2224 1370 redde
2275 1325 2328 1371 et

340 1405 538 1460 similia
573 1404 701 1458 vitia
738 1404 881 1476 apud
917 1404 1049 1459 alios
1090 1404 1254 1459 simili
1292 1405 1500 1459 ratione
1537 1403 1675 1458 tolle.

415 1493 588 1547 Locus
624 1492 902 1546 Menandri
947 1499 1001 1548 et
1053 1493 1119 1548 ab
1162 1492 1266 1547 alio
1304 1499 1357 1547 et
1405 1509 1436 1546 a
1485 1491 1783 1546 Scholiasta
1829 1490 2092 1563 Apollonii
2134 1490 2327 1546 Rhodii

338 1582 431 1636 ΙΙΙ.
483 1585 609 1635 294.
646 1580 897 1636 laudatus
937 1580 1004 1635 ad
1046 1579 1523 1637 demonstrandum
1563 1576 1640 1634 ὅτι
1687 1582 1746 1635 τὸ
1798 1578 2080 1646 ἔναγχος
2126 1580 2322 1634 τίθεται

339 1669 424 1724 καὶ
468 1668 550 1723 ἐπὶ
587 1667 769 1736 χρόνον
811 1668 867 1722 in
904 1668 1083 1724 verbis
1119 1669 1277 1735 ἔγημ’
1309 1667 1536 1735 ἔναγχος
1572 1668 1823 1722 admonet
1864 1684 1950 1722 me
1988 1668 2090 1721 loci
2128 1668 2326 1722 misere

339 1758 614 1829 depravati
667 1757 720 1810 in
765 1757 1005 1811 oratione
1049 1756 1306 1811 Dinarchi
1354 1758 1498 1811 κατα
1545 1756 1915 1822 Δημοσθένους.
1977 1754 2017 1828 S
2056 1759 2142 1809 54.
2187 1756 2325 1810 οὐδὲν

336 1845 481 1907 οὗτος
512 1847 766 1912 χρήσιμος
805 1846 932 1899 ἀλλ’
974 1844 1002 1907 ἢ
1037 1851 1143 1906 τοῖς
1185 1846 1382 1913 ἐχθροῖς
1417 1844 1560 1898 κατα
1601 1851 1693 1907 τῆς
1734 1844 1931 1904 πόλεως
1974 1851 2195 1906 συςῆσαι
2231 1863 2323 1898 κα·

335 1935 592 1996 σασκευὴν
626 1935 801 2002 ἑτέραν
839 1930 918 1987 οἵα
946 1934 1030 1987 ἐπ’
1066 1934 1217 1998 αἰγὸς
1247 1933 1453 1998 ἐγένετο
1482 1930 1568 1986 ὅτε
1603 1931 1998 1997 Λακεδαιμόνιοι
2028 1932 2122 1996 μὲν
2155 1928 2323 1985 ἅπαν-

335 2045 422 2085 τες
464 2021 879 2090 ἐξεςρατευσαν,
931 2021 1142 2089 Ἀχαιοὶ
1178 2022 1230 2075 δὲ
1269 2020 1357 2074 καὶ
1390 2022 1582 2074 Ἠλεῖοι
1623 2026 1719 2074 τῶν
1760 2018 2092 2086 πραγμάτων
2132 2020 2322 2073 ἐκοινώ·

338 2131 481 2174 νουν,
531 2112 759 2178 ὑπῆρχον
802 2111 854 2164 δὲ
893 2108 1021 2172 ξένοι
1067 2110 1270 2176 μύριοι,
1325 2107 1661 2177 Ἀλέξανδρος
1709 2108 1761 2162 δὲ
1802 2108 1853 2161 ἐν
1893 2108 2063 2168 Ἰνδοῖς
2107 2106 2164 2172 ἧν
2212 2108 2321 2162 κτὲ.

336 2199 505 2253 Nauci
541 2214 645 2250 non
687 2203 814 2251 sunt
853 2197 906 2249 in
949 2196 1034 2250 his
1073 2198 1156 2250 ἐπ’
1197 2196 1379 2261 αἰγός,
1424 2203 1480 2249 at
1521 2195 1687 2250 nihilo
1723 2194 1916 2250 melius
1955 2196 2039 2249 ἐπ’
2070 2196 2322 2260 Ἄγιδος,

336 2285 477 2358 quod
513 2283 908 2355 Wesselingius
939 2284 1006 2338 ad
1040 2284 1191 2339 Diod.
1224 2284 1326 2339 Sic.
1356 2283 1518 2337 XVII.
1551 2287 1620 2337 62
1657 2282 2019 2355 reponendum
2057 2301 2171 2339 esse
2199 2301 2318 2338 cen-

335 2375 481 2438 suit,
523 2388 820 2444 numquam
861 2372 1005 2426 enim
1046 2371 1135 2426 ἐπί
1161 2391 1292 2433 τινος
1334 2371 1535 2425 dicitur
1569 2371 1632 2426 de
1667 2388 1760 2435 ec,
1801 2371 1893 2442 qui
1935 2387 2057 2425 cum
2094 2372 2319 2442 imperio

334 2470 415 2518 est
445 2461 511 2516 ad
542 2458 903 2514 definiendum
936 2476 1165 2524 annum,
1205 2477 1311 2531 quo
1348 2459 1544 2513 bellum
1575 2461 1646 2512 sit
1675 2464 1905 2530 gestum.
1966 2459 2147 2530 Neque
2177 2459 2322 2514 domi

336 2566 509 2621 neque
559 2548 783 2602 militiae
835 2548 918 2601 ἐπ’
961 2549 1179 2613 ’Ἄγιδος
1229 2555 1375 2603 recte
1424 2548 1629 2601 dictum
1685 2547 1820 2601 erit:
1882 2547 2049 2601 libera
2097 2547 2318 2602 Graecia

336 2654 518 2693 eorum
559 2642 801 2700 tantum,
841 2635 937 2706 qui
976 2637 1237 2702 ἐπώνυμον
1276 2637 1445 2703 ἀρχήν
1483 2635 1740 2706 gerebant
1778 2633 2062 2702 ἄρχοντος,
2105 2637 2318 2704 ἐφόρου,

333 2724 711 2793 ἱερομνάμονος,
753 2723 1115 2793 ςεφανηφόρου
1137 2766 1151 2788 ,
1193 2723 1523 2790 πρυτανιδος,
1565 2723 1787 2789 κόσμου,
1810 2724 2065 2787 aliorum,
2099 2725 2315 2779 nomina

333 2822 478 2870 recte
531 2830 655 2867 cum
692 2813 781 2867 ἐπί
813 2812 1221 2882 coniunguntur
1255 2812 1308 2864 in
1347 2811 1619 2866 historicis
1653 2811 1867 2883 quidem
1911 2819 1963 2866 et
2002 2810 2316 2866 Oratoribus

335 2909 388 2957 et
441 2901 724 2965 omnibuS,
772 2900 866 2971 qui
917 2900 1056 2954 serio
1105 2899 1401 2970 loquuntur
1447 2907 1500 2954 et
1539 2900 1780 2972 populari
1826 2901 2008 2971 lingua
2055 2906 2314 2955 utuntur:

335 2988 679 3061 quamobrem
706 2989 788 3041 ἐπ’
812 2987 1029 3051 ’Ἄγιδος
1067 2986 1236 3041 nihilo
1270 2988 1453 3042 sanius
1483 2996 1562 3043 est
1596 3005 1758 3059 quam
1795 2989 1878 3042 ἐπ’
1903 2989 2072 3054 αἰγός.
2153 2988 2314 3059 Equi-

334 3078 455 3132 dem
503 3077 558 3130 in
599 3083 913 3130 ΕΠΑΙΓΟΣ
961 3075 1129 3130 latere
1172 3076 1416 3146 suspicor
1455 3084 1794 3131 ΕΝΑΓΧΟΣ
1834 3076 2061 3145 ἔναγχος
2097 3085 2150 3132 et
2198 3083 2314 3131 erat

333 3167 520 3236 utique
561 3163 931 3218 recentissima
962 3162 1124 3217 huius
1158 3163 1237 3217 rei
1271 3164 1561 3227 memoria,
1603 3181 1770 3235 quum
1809 3168 1862 3220 in
1902 3164 2309 3220 Demosthenem

332 3252 625 3309 adversarii
678 3250 914 3321 undique
967 3251 1230 3323 impetum
1269 3250 1529 3306 fecerunt.
1606 3253 1798 3307 Paucis
1844 3261 1968 3310 ante
2011 3255 2165 3308 annis
2200 3259 2311 3310 tota

332 3341 554 3397 Graecia
594 3345 845 3394 eventum
885 3337 1048 3392 huius
1083 3339 1206 3394 belli
1243 3340 1402 3394 anxia
1435 3348 1834 3413 exspectaverat
1865 3349 1917 3396 et
1957 3343 2011 3395 in
2046 3343 2310 3398 invidiosa

330 3430 493 3484 huius
528 3428 606 3482 rei
646 3426 915 3480 mentione
947 3426 1116 3481 satius
1148 3434 1262 3481 erat
1296 3428 1473 3485 dicere
1507 3428 1586 3484 οἵα
1615 3429 1843 3498 ἔναγχος
1875 3432 2103 3495 ἐγένετο,
2145 3449 2304 3502 quam

330 3516 556 3588 Agidem
578 3516 870 3570 nominare.
914 3514 1174 3581 Quoniam
1213 3515 1440 3587 ἔναγχος
1482 3519 1536 3572 in
1579 3518 1985 3573 desuetudinem
2017 3518 2218 3574 abierat
2256 3527 2308 3575 et

330 3613 436 3668 τοῖς
473 3607 692 3667 ἰδιώταις
715 3609 831 3661 erat
872 3603 1243 3674 incognitum,
1284 3605 1438 3662 facile
1478 3606 1592 3663 fieri
1615 3607 1786 3679 potuit
1809 3614 1868 3663 ut
1905 3607 2304 3680 depravaretur.
