2436 4068
1320 203 1422 253 784

390 343 615 401 calidius
653 352 898 418 recepta:
940 350 1058 416 post
1097 359 1265 415 pauca
1306 343 1480 399 scribe
1530 343 1738 399 ταῦτα
1791 342 1982 414 ὅσαπερ
2022 363 2118 418 pro
2154 353 2345 406 ταῦτα.

461 434 522 489 In
565 433 653 488 IV.
697 436 761 487 2:
814 430 1084 500 ἀρχόμενα
1139 431 1315 486 πάντα
1371 431 1669 500 εὖιατότερα
1723 432 1752 495 ἢ
1802 434 2008 488 ἐπειδὰν
2060 436 2344 508 ἐνσκιρρωθῇ

384 543 441 575 τε
483 522 568 575 καὶ
612 519 936 589 ἕξαμαρτηθῇ
990 519 1061 574 τα
1109 521 1415 584 νοσήματα,
1472 536 1576 573 non
1625 527 1704 573 est
1758 537 1948 574 sanum
2002 521 2344 594 ἐξαμαρτηθῇ.

383 609 523 663 Fieri
558 614 733 678 potest
771 614 829 661 ut
869 609 928 662 τὸ
968 607 1167 672 νόσημα
1203 605 1523 673 ἐξημαρτήθη
1573 606 1838 676 significet
1882 626 2048 679 prava
2101 617 2194 663 aut
2232 629 2348 682 per-

380 715 529 750 versa
568 695 834 749 medicina
874 695 1056 749 morbo
1105 693 1342 749 adbibita
1390 700 1504 758 est,
1559 693 1778 748 morbus
1816 695 1953 749 male
1986 705 2195 750 curatus
2233 705 2348 763 est,

382 782 472 837 sed
514 783 646 836 satis
686 789 905 854 apparet
941 781 1341 854 Xenophontem
1384 798 1488 834 non
1539 781 1638 836 hoc
1679 781 1890 847 dicere,
1933 782 2023 838 sed
2065 783 2193 838 illud
2232 801 2346 855 per-

381 871 657 941 vulgatum
697 869 1050 924 difficiliorem
1092 886 1208 924 esse
1247 869 1577 923 sanationem

681 975 847 1029 quum
893 957 1034 1011 mala
1071 973 1167 1028 per
1203 955 1386 1026 longas
1427 955 1699 1012 invaluere
1737 973 1931 1011 moras,

383 1046 563 1117 itaque
615 1044 923 1100 huiusmodi
970 1043 1099 1116 quid
1153 1042 1516 1114 indagandum
1573 1051 1670 1098 est.
1748 1045 1806 1098 In
1853 1047 1881 1114 §
1921 1049 1970 1099 5.
2011 1061 2107 1117 pro
2165 1055 2347 1115 κεχρῆ-

382 1136 497 1189 σθαι
537 1141 656 1195 ταῖς
710 1135 898 1195 ὁπλαῖς
952 1149 1205 1204 praesens
1245 1132 1461 1203 requiro
1516 1133 1754 1201 χρῆσθαι.
1836 1131 2001 1204 Saepe
2047 1133 2175 1190 haec
2230 1153 2349 1190 con·
2404 1152 2405 1155 ’

383 1221 536 1276 fundi
572 1229 757 1276 notum
800 1227 898 1275 est.

463 1310 724 1381 Expunge
758 1307 1047 1364 ffl'llssUlUm
1085 1307 1173 1362 IV·
1217 1311 1279 1361 5:
1321 1307 1462 1361 κατὰ
1511 1307 1612 1380 [τὸ]
1658 1308 1920 1376 πρόσωπόν
1957 1331 2016 1364 τε
2057 1310 2143 1364 και
2184 1311 2349 1378 οὐράν,
2388 1283 2436 1385 {a

383 1398 830 1471 quemadmodum
871 1398 1014 1452 enim
1056 1401 1175 1450 κατ’
1210 1395 1356 1463 οὐράν
1398 1397 1472 1449 sic
1514 1401 1566 1449 et
1609 1398 1751 1451 κατα
1790 1397 2052 1465 πρόσωπον
2089 1399 2347 1454 usitatum
2406 1388 2436 1423 ‘³

381 1493 461 1541 est
498 1486 711 1550 dicere,
751 1492 803 1540 et
843 1485 898 1538 in
938 1483 1136 1538 talibus
1177 1484 1438 1539 articulus
1479 1489 1571 1538 aut
1625 1484 1908 1556 utrobique
1952 1484 2227 1541 addendus
2269 1478 2408 1542 est‘

385 1581 478 1630 aut
517 1573 598 1628 bis
638 1571 984 1628 omittendus

2397 1434 2436 1518 'ji

2390 1577 2436 1606 'stt

2398 1604 2436 1624 ²¹²1

456 1663 684 1717 Homero
738 1658 1086 1732 relinquenda
1133 1658 1303 1713 forma
1355 1665 1468 1724 est,
1527 1675 1661 1730 quae
1711 1658 1910 1730 legitur
1943 1660 2166 1718 V11.2:
2226 1664 2351 1718 ἀλλ’
2394 1638 2436 1727 ff?

383 1748 828 1819 ὑπερβησοέτω
882 1747 966 1802 ἐπὶ
1019 1748 1117 1808 τοὶς
1172 1747 1342 1811 δεξιὰς
1395 1748 1621 1814 πλευρὰς
1677 1768 1768 1810 την
1817 1749 2028 1814 κνήμην.
2107 1751 2249 1814 Βήσω
2296 1757 2349 1805 et
2393 1747 2436 1806 (Ἀ

381 1838 551 1906 ἔβησα
588 1839 801 1909 linguae
836 1837 1044 1908 priscae
1079 1835 1275 1907 Epicae
1309 1835 1440 1890 fines
1482 1853 1584 1889 non
1620 1834 1986 1906 egrediuntur.
2067 1836 2126 1890 ln
2163 1854 2346 1894 eorum
2396 1807 2436 1931 {²1⁴

379 1930 555 1984 locum
593 1925 732 1998 apud
771 1941 954 1979 omnes
995 1923 1223 1979 Graecos
1271 1924 1551 1978 subierunt
1585 1925 1724 1989 βιβῶ
1760 1931 1812 1979 et
1847 1925 2123 1991 ἐβίβασα,
2164 1943 2347 1998 quam·

381 2017 561 2071 obrem
591 2011 1003 2082 ὑπερβιβασατω
1045 2011 1380 2083 Xenophonti
1422 2010 1752 2066 reddendum
1793 2029 1908 2067 esse
1949 2030 2152 2068 censeo.
2197 2014 2346 2082 Quod
2398 1999 2436 2105 t}

382 2105 533 2159 docet
581 2105 603 2157 ὃ
658 2102 1026 2164 οὲνταττικιςής
1087 2101 1142 2153 in
1183 2100 1407 2154 Bekkeri
1458 2099 1654 2153 Anecd.
1716 2117 1764 2170 p.
1806 2104 1913 2165 85,
1955 2105 2016 2156 8:
2073 2103 2347 2168 ἐκβῆσαι
2411 2111 2436 2207 Ξ

2422 2198 2436 2227 'l

381 2193 516 2263 φασὶ
566 2192 667 2245 δεῖν
721 2189 895 2254 λέγειν
954 2188 1040 2243 καὶ
1099 2189 1534 2254 κατ-αβῆσαι,
1574 2190 1661 2242 οὐκ
1703 2187 2124 2255 ἐκβιβάσαι,
2165 2197 2216 2245 et
2258 2192 2351 2246 ite-

2427 2228 2436 2274 l

383 2296 504 2333 rum
560 2295 611 2349 p.
654 2281 793 2341 104,
837 2281 903 2331 4:
963 2275 1459 2341 καταβιβάσαι
1517 2276 1575 2330 οὕ
1632 2280 1766 2344 φασι
1815 2277 1916 2330 δεῖν
1972 2277 2146 2341 λέγειν
2203 2279 2351 2333 ἄλλα
2429 2283 2436 2347 ξ

381 2391 412 2424 κ
427 2389 461 2422 α
477 2389 509 2422 τ
525 2388 560 2421 α
575 2368 615 2432 β
632 2374 661 2429 ἥ
677 2388 708 2420 o·
723 2386 822 2430 αι,
863 2381 1006 2419 nunc
1040 2363 1255 2435 quidem
1292 2363 1587 2417 malesanos
1608 2363 1911 2424 Ἀττικιςοές
1936 2364 2054 2419 iure
2091 2367 2351 2436 castigat,

2406 2412 2436 2520 ,ι

380 2473 503 2511 nam
547 2471 703 2509 nemo
736 2469 994 2524 umquam
1036 2452 1338 2506 Atticorum
1379 2451 1481 2505 ista
1527 2451 1806 2522 usurpavit
1841 2468 2117 2523 umquam.
2194 2454 2350 2508 Dein-

381 2545 446 2599 de
484 2543 608 2597 libri
657 2541 721 2595 de
775 2557 922 2595 more
974 2539 1297 2594 dissentiunt
1348 2539 1400 2592 in
1452 2539 1645 2594 καθέτω
1703 2546 1756 2593 et
1807 2540 2091 2595 καταθέτω.
2173 2540 2351 2597 Solent
2426 2522 2436 2588 ‚¹

382 2631 596 2703 quidem
640 2629 946 2700 saepissime
1000 2630 1224 2692 καθῆκε,
1283 2629 1544 2692 καθεῖναι,
1597 2628 1766 2688 καθείς
1807 2628 1928 2682 sim.
1983 2630 2253 2701 corrumpi
2293 2630 2348 2683 in

381 2719 663 2782 κατέθηκε,
705 2718 1040 2781 καταθεῖναι,
1093 2716 1334 2776 καταθείς
1374 2723 1474 2770 cet.
1517 2715 1607 2770 sed
1648 2715 1747 2770 hoc
1787 2715 1900 2770 1060
1951 2717 2216 2771 καταθέτω
2267 2733 2350 2772 ve-

382 2825 503 2861 rum
547 2822 661 2860 esse
698 2805 927 2859 videtur.

457 2895 516 2949 In
563 2897 591 2964 §
626 2898 676 2947 5.
719 2892 846 2963 quid
883 2891 1096 2947 tandein
1139 2891 1240 2946 sibi
1280 2891 1394 2946 vult
1431 2892 1692 2946 articulus
1728 2893 1781 2946 in
1819 2891 1932 2947 his:
1974 2896 2029 2947 οὐ
2061 2894 2152 2955 τὴν
2183 2891 2347 2961 ὥσπερ

382 2983 465 3038 ἐπὶ
509 2984 647 3052 [τοῦ]
691 2981 864 3049 δίφρου
904 2978 1047 3047 ἕδραν
1089 2980 1426 3046 ἑπαινοῦμευῖ
1488 2980 1624 3047 Quid
1662 2981 1731 3034 sit
1767 2979 1848 3034 ἐπὶ
1891 2981 2066 3049 δίφρου
2103 2983 2347 3043 καθῆσθαι

381 3071 664 3133 novimuS,
706 3067 798 3123 sed
836 3067 1097 3138 quomodo
1135 3069 1217 3123 ἐπὶ
1259 3072 1348 3122 τοῦ
1390 3069 1564 3137 δίφρου
1604 3070 1849 3132 καθῆσθαι
1889 3067 1994 3122 dici
2035 3069 2200 3139 possit
2243 3085 2346 3123 non

381 3158 763 3227 intelligimuS,
805 3155 1149 3227 quamobrem
1193 3157 1556 3227 importunum
1602 3161 1690 3211 τοῦ
1732 3155 2099 3210 resecandum.

455 3245 740 3301 Mirificum
781 3242 1045 3315 quoddam
1100 3245 1452 3314 compositum
1497 3244 1701 3314 peperit
1755 3242 2054 3297 scribarum
2112 3245 2341 3299 oscitan-

381 3336 453 3388 tia
495 3333 609 3388 Vll.
655 3336 718 3386 6:
774 3334 985 3400 σκληρὸν
1038 3333 1132 3397 μὲν
1173 3332 1275 3399 γαρ
1315 3331 1448 3399 ἔχων
1497 3334 1554 3386 τὸ
1594 3331 1774 3391 σκέλος
1819 3332 1861 3384 εἰ
1921 3331 2222 3400 προσκόψειέ
2274 3354 2342 3400 ’τῳ

378 3419 1017 3490 προσ-κεκλασμένος
1077 3417 1140 3472 ἂν
1192 3417 1284 3480 εἴη.
1364 3419 1557 3473 Forma
1615 3423 1875 3486 προσ-κλοῖν
1937 3436 2118 3474 eorum
2166 3434 2344 3475 errore

379 3516 499 3565 nata
559 3516 636 3565 est
697 3508 788 3580 qui
847 3507 1217 3580 compendium
1277 3505 1414 3562 male
1468 3506 1731 3577 legerunt.
1827 3507 2208 3579 Corrigendum
2266 3513 2344 3563 est

2430 2595 2436 2639 l

2401 2706 2421 2800 ἑ

2401 2799 2415 2837 ἅ

2399 2954 2422 3072 ,ΨῨΨ
2403 2835 2415 2866 ,,,.
