2436 4068
1057 267 1128 318 89

89 413 303 484 requiro
355 409 409 463 id
462 408 603 481 quod
654 409 819 464 Attici
862 407 1102 463 solebant
1139 409 1226 464 καὶ
1269 410 1333 466 σύ
1366 429 1465 474 γε,
1525 413 1585 464 ut
1617 410 1759 482 apud
1799 412 2070 485 Aristoph.

87 502 143 555 in
177 498 404 572 Lysistr.
442 502 494 553 6.

381 589 550 654 χαῖρ’,
592 583 629 641 ὦ
672 585 955 646 Καλονίκηε
996 585 1085 639 καὶ
1126 584 1191 639 σύ
1228 587 1304 650 γ’,
1341 582 1378 639 ὦ
1416 585 1717 656 Aures-petru
1742 628 1755 642 .

82 681 137 730 et
174 674 375 745 passim
408 673 529 729 aliis
561 674 710 729 lociS.

157 761 332 818 Sensu
379 779 611 817 vacuum
659 766 742 816 est
780 759 923 832 quod
975 759 1268 818 Menander
1308 761 1510 818 dixisse
1555 769 1780 836 putatur
1833 763 1889 817 in
1925 761 2070 817 Stob.

83 849 264 907 Floril.
305 849 576 906 XXXVII.
623 853 709 904 10.

380 938 605 1007 χρηςοὺς
645 935 998 1004 νομιζομένους
1039 935 1238 1005 ἐφόδιον
1278 938 1528 1006 ἀσφαλές

383 1028 455 1087 εἷς
495 1024 677 1080 πάντα
715 1026 885 1092 καιρὸν
924 1023 1012 1079 καὶ
1053 1024 1224 1093 τύχης
1265 1027 1445 1080 πᾶσαν
1484 1028 1638 1095 ῥοπήν
1661 1064 1676 1080 .

80 1112 421 1186 transpositis
469 1113 679 1168 duabus
719 1111 978 1168 litterulis
1007 1111 1179 1181 νόμιζε
1212 1112 1395 1179 μόνους
1437 1113 1641 1178 exibit,
1682 1113 1823 1185 quod
1864 1115 1911 1167 si
1930 1130 2074 1168 rece-

78 1202 222 1275 peris
253 1201 490 1273 aliquam
526 1201 852 1256 sententiam
895 1200 1115 1256 habebis
1151 1200 1244 1255 sed
1278 1201 1411 1256 satis
1447 1199 1701 1272 frigidam
1739 1207 1792 1256 et
1820 1201 1910 1254 vix
1942 1201 2075 1255 satis

14 1343 20 1346 .
77 1290 363 1355 Graecam,
403 1291 657 1361 quoniam
686 1291 806 1351 τοὺς
838 1290 1064 1359 χρηςούς
1097 1288 1306 1344 dictum
1330 1289 1586 1361 oportuit.
1667 1289 1827 1345 Forte
1860 1289 2073 1356 τρόπους

75 1377 310 1443 excidit,
369 1384 432 1432 ut
478 1378 661 1447 χρηςοὶ
723 1377 896 1447 τρόποι
954 1377 1210 1432 dicantur
1268 1393 1385 1432 esse
1443 1377 1643 1447 ἐφόδιον
1701 1377 1952 1444 ἀσφαλὲς
2001 1379 2072 1439 εἷς

75 1465 254 1521 πάντα
292 1465 495 1534 καιρόν,
535 1466 678 1538 quod
714 1467 995 1523 verissime
1030 1465 1239 1520 dictum
1281 1465 1411 1530 erit,
1453 1473 1514 1520 ut
1543 1465 1688 1537 apud
1718 1465 2073 1521 Menandrum

76 1553 219 1610 Stob.
259 1555 446 1617 Floril.
486 1556 754 1612 XXXVII.
797 1559 884 1611 18.

376 1645 434 1707 νὴ
474 1646 566 1708 τὴν
606 1646 861 1708 Ἀθηνᾶν,
899 1641 1156 1711 μακάριον
1198 1644 1226 1706 ἦ
1267 1641 1528 1710 χρῇς-ἄτης

373 1735 497 1800 πρὸς
536 1732 717 1789 πάντα
756 1731 844 1788 καὶ
886 1733 1154 1798 θαυμαςὸν
1195 1730 1396 1799 ἑφόδιον
1434 1730 1552 1798 βίῳ.

149 1818 363 1875 Excidit
384 1821 706 1877 vocabulum
729 1821 782 1876 in
802 1819 1087 1877 Menandri
1110 1818 1304 1889 fragm.
1324 1817 1466 1890 apud
1489 1817 1683 1873 Athen.
1705 1818 1840 1873 XIV.
1859 1822 1987 1877 654.
2010 1819 2066 1873 Β.

867 1911 1044 1978 μικρὸν
1078 1907 1352 1972 ἐπιμείνας
1388 1906 1694 1975 προστρέχει

487 1995 723 2065 ἠγόρακά
762 2018 837 2052 σοι
877 1995 1137 2066 περιςέρια
1175 1995 1362 2060 λέγων.

69 2082 429 2156 suppleverim
462 2084 724 2152 περιςέρια
762 2085 879 2140 ταδὶ
920 2083 1108 2149 λέγων.

144 2170 301 2244 Apud
336 2170 535 2227 Polluc.
573 2172 663 2227 IX.
710 2175 797 2226 76.
833 2172 888 2225 in
923 2166 1204 2226 Menandri
1239 2170 1417 2226 verbis

365 2259 619 2327 μακάριος
659 2260 845 2321 ἐκεῖνος
885 2259 1275 2315 δεκατάλαντον
1309 2259 1645 2328 καταφαγών
1669 2302 1680 2312 .

66 2344 200 2401 nihil
238 2346 344 2402 erit
382 2347 752 2412 difficultatiS‚
793 2349 840 2403 si
879 2347 1075 2420 legeris
1114 2349 1242 2404 δέκα
1281 2348 1546 2404 τάλαντα.
1626 2346 1933 2402 Athenaeus
1971 2342 2058 2402 VI.

66 2437 194 2490 248.
229 2434 286 2491 B.
323 2434 455 2492 haec
491 2435 682 2492 aflert:
722 2437 1012 2505 Μένανδρος
1046 2438 1098 2492 ἕν
1138 2438 1490 2503 Πωλουμένοις
1530 2436 1705 2496 τάλας
1747 2433 1939 2498 &num
1981 2434 2055 2490 ἔτι

66 2524 185 2591 πρὸς
223 2532 343 2589 ταῖς
379 2527 549 2595 θύραις
590 2525 683 2582 ubi
723 2526 994 2580 Porsonus
1031 2525 1343 2597 supplebat:

364 2616 452 2679 τί,
491 2613 527 2670 ὦ
567 2615 774 2679 τάλας,
813 2612 1005 2677 ἕςηκας
1046 2613 1122 2669 ἔτι
1165 2616 1285 2681 πρὸς
1325 2618 1444 2672 ταῖς
1484 2612 1693 2679 θύραιςς
2043 2681 2046 2683 ‚

63 2699 155 2757 sed
196 2701 549 2774 Tragicorum
589 2711 672 2758 est
718 2701 754 2758 ὦ
794 2703 969 2764 τάλας
1011 2701 1224 2757 dicere:
1274 2699 1476 2755 Comici
1514 2697 1550 2754 ὦ
1589 2699 1762 2754 τάλαν
1800 2699 2055 2755 mulieres

63 2787 330 2846 inducunt
368 2790 609 2847 dicentes
647 2798 741 2847 aut
777 2791 919 2846 inter
948 2807 1005 2845 se
1037 2796 1131 2844 aut
1160 2787 1227 2843 ad
1266 2789 1442 2844 viros:
1489 2804 1661 2859 neque
1704 2789 1928 2843 memini
1967 2806 2055 2844 me

60 2878 249 2936 audire
287 2879 467 2934 virum
505 2880 600 2952 qui
646 2877 683 2934 ὦ
723 2879 896 2935 τάλαν
932 2878 1134 2933 diceret
1170 2894 1266 2948 pro
1305 2873 1341 2930 ὦ
1374 2877 1507 2942 μέλε
1530 2918 1545 2941 ,
1585 2873 1722 2931 ὦτάν
1745 2919 1760 2939 ,
1804 2873 1840 2930 ὦ
1874 2876 2055 2943 δαιμό-

59 2989 165 3035 νιε,
214 2976 308 3024 aut
354 2969 478 3024 sim.
559 2967 918 3036 Quamobrem
968 2963 1363 3038 suppleverim:
1418 2964 1548 3032 οἴμοι
1596 2963 1769 3024 τάλας
1796 3006 1808 3020 .
1861 2962 2051 3026 ἕςηκας

58 3058 134 3115 ἔτι
173 3059 282 3114 κτὲ.
361 3057 475 3112 Non
511 3057 656 3111 enim
697 3055 827 3122 οἴμοι
867 3054 1043 3115 τάλας
1066 3095 1080 3118 ,
1122 3051 1264 3125 quod
1306 3052 1502 3107 Atticis
1539 3051 1791 3124 frequens
1827 3053 1883 3106 in
1925 3069 2015 3107 ore
2038 3096 2050 3112 ‚

60 3146 335 3220 querentis
375 3151 587 3201 tautum
621 3150 704 3199 est
736 3150 791 3200 et
826 3142 1079 3200 eiulantis
1113 3149 1165 3196 et
1209 3140 1554 3213 trepidantiS,
1595 3140 1687 3196 sed
1721 3157 1876 3212 saepe
1912 3139 2049 3194 indi-

59 3235 276 3307 gnantis
321 3241 375 3290 et
419 3233 891 3298 excandescentiS,
945 3237 1006 3286 ut
1047 3230 1189 3302 apud
1238 3229 1615 3285 Pherecratem
1654 3230 1709 3284 in
1765 3228 1937 3284 Schol.
1981 3227 2047 3283 ad

58 3321 326 3395 Aristoph.
373 3322 528 3395 Vesp.
572 3325 715 3377 1029
755 3326 810 3376 et
848 3319 1117 3391 Aristoph.
1151 3320 1205 3374 in
1239 3318 1442 3374 Avibus
1466 3320 1610 3374 1260
1652 3323 1705 3372 et
1743 3318 1864 3373 aliis
1898 3318 2043 3372 locis,

130 3410 362 3465 Stultum
397 3419 496 3475 est,
548 3410 724 3482 inquit
760 3407 1049 3465 Menander
1082 3406 1136 3461 in
1174 3407 1318 3463 Stob.
1356 3407 1537 3463 Floril.
1563 3406 1768 3462 LXXII.
1806 3410 1868 3470 ⁶2,
1909 3402 2047 3477 quod

54 3497 111 3552 in
167 3498 512 3553 matrimoniis
561 3497 835 3570 iunqendis
893 3499 1068 3569 facere
1123 3496 1326 3553 solent:
1387 3496 1520 3550 dotis
1567 3511 1807 3549 nummos
1864 3493 2043 3546 sedulo

52 3586 277 3658 probare
298 3633 310 3650 ,

358 3682 447 3737 τῆς
488 3675 572 3729 διὰ
613 3675 730 3739 βίου
766 3674 808 3727 δ’
849 3673 982 3727 ἔνδον
1018 3674 1385 3737 καθεδουμένης
1427 3673 1511 3726 ozel

1691 3763 1710 3790 3
