2436 4068
1044 218 1149 267 537

99 362 185 409 tas
236 356 476 411 animum
532 358 635 411 viri
686 357 868 412 subire
913 360 1148 430 potuisse
1187 357 1543 432 quadraginta
1594 359 1727 415 duos
1781 362 2067 418 minimum

97 458 263 497 annos
314 444 470 498 nati?
550 445 693 499 Fieri
749 463 851 500 non
910 454 1083 518 potest
1139 455 1198 501 ut
1249 446 1348 501 hoc
1390 448 1674 520 quisquam
1717 449 1770 502 in
1824 450 2067 505 animum

94 529 316 584 inducat
355 549 532 587 suum.
613 534 814 588 Deinde
848 536 1153 589 convocatis
1194 537 1419 590 Proxeni
1456 536 1862 591 centurionibus
1899 555 2069 610 quum

93 618 332 672 omnium
378 620 584 674 animos
621 621 800 675 verbis
842 622 1229 677 inflammasset
1283 622 1475 677 sortem
1533 641 1593 678 ac
1636 631 1910 679 strenuam
1954 643 2069 680 ora-

91 704 292 759 tionem
335 706 727 764 modestissime
779 709 863 763 his
904 711 1080 764 verbis
1119 709 1420 765 concludit:
1481 714 1523 766 εἶ
1577 713 1673 778 μὲν
1725 713 1915 778 ὑμεῖς
1967 715 2069 769 ἐθέ-

7 787 19 818 ³
88 804 212 846 λετ-ε
250 792 470 860 ἐξορμᾶν
510 796 596 850 ἐπὶ
634 802 810 851 ταῦτα
853 796 1066 852 ἕπεσθαι
1109 800 1230 863 ὑμῖν
1279 799 1577 865 βούλομαι,
1618 802 1660 854 εἰ
1701 800 1744 854 δ’
1781 801 1898 867 ἐμὲ
1939 802 2067 858 ‘roir-

8 895 19 915 ¹
87 901 208 934 τετε
249 884 484 946 ἡγεῖσθαι
525 885 712 939 οὐδὲν
750 887 1274 955 προφασίζομαι
1321 888 1436 949 τὴν
1478 887 1749 949 ἡλικίαν
1786 890 1934 944 ἄλλα
1975 892 2062 947 καὶ

8 967 18 1038 }
85 968 422 1037 ἀκμάζειν
464 974 758 1037 ἡγοῦμαι
799 975 988 1041 ἐρύκειν
1020 976 1117 1028 ἀπ’
1158 974 1386 1039 ἐμαυτοῦ
1427 974 1500 1027 τα
1538 972 1696 1028 κακά.
1778 978 1923 1032 Luce
1957 978 2064 1034 cla-

83 1058 200 1111 rius
250 1065 332 1112 est
385 1058 522 1113 hanc
571 1077 685 1115 esse
738 1063 1032 1117 orationem
1083 1066 1173 1117 τοῦ
1227 1060 1363 1116 οὔπω
1418 1062 1467 1115 ἐν
1522 1063 1698 1132 ἡλικία
1748 1062 1921 1130 ὄντος,
1972 1071 2062 1121 τοῦ

82 1146 219 1201 οὔπω
270 1146 610 1215 ἀκμάζοντος.
689 1148 855 1204 Crede
915 1165 1098 1212 nunc,
1160 1149 1202 1204 si
1246 1154 1425 1220 poteS,
1479 1148 1609 1204 haec
1650 1151 1829 1210 virum
1883 1152 2062 1210 dicere

13 1227 17 1230 ’
82 1232 439 1307 quadraginta
479 1235 613 1290 duos
668 1253 837 1292 annos
884 1245 1089 1292 natum.
1174 1237 1407 1309 Apparet
1459 1253 1581 1292 eum
1631 1238 1723 1309 qui
1766 1240 1840 1294 ita
1880 1240 2062 1314 loqua-

80 1331 174 1378 tur
211 1323 458 1376 omnibns
497 1323 562 1377 ad
604 1341 737 1395 quos
791 1325 935 1380 dicat
987 1331 1161 1380 aetate
1213 1341 1329 1380 esse
1376 1323 1684 1380 inferiorem
1741 1344 1913 1399 neque
1966 1347 2062 1402 per

77 1418 304 1467 aetatem
361 1412 463 1465 iam
514 1428 639 1466 cum
693 1414 919 1486 imperio
971 1430 1086 1468 esse
1142 1430 1295 1484 posse
1356 1413 1541 1468 videri.
1636 1414 1919 1471 Praeterea
1979 1418 2057 1473 illi

78 1500 180 1571 ipsi
221 1501 564 1554 centuriones
602 1502 902 1556 Proxenum
941 1502 1133 1557 ducem
1169 1499 1468 1555 habuerant
1503 1501 1626 1556 ὄντα
1660 1503 1783 1557 ἑτῶν
1817 1506 1881 1566 ὡς
1918 1506 2059 1574 τρια-

74 1608 231 1643 κοντα
271 1604 501 1659 eumque
542 1597 646 1642 non
693 1606 870 1644 acrem
926 1597 1019 1645 aut
1060 1597 1343 1644 strenuum
1386 1589 1803 1662 imperatorem,
1845 1593 1938 1648 sed
1980 1588 2076 1648 in-v

72 1677 230 1748 genio
283 1683 337 1731 et
393 1684 587 1730 natura
638 1678 905 1732 mitiorem
930 1721 943 1742 ‚
1003 1678 1110 1733 οὔτ’
1163 1679 1285 1733 αἰδῶ
1338 1686 1444 1740 τοῖς
1504 1680 1811 1747 ςρατιώταις
1871 1682 2054 1737 ἑαυτοῦ

68 1764 186 1819 οὔτε
225 1763 394 1832 Φόβον
432 1765 603 1819 ἱκανὸν
661 1766 939 1831 ἐμποιῆσαι
983 1766 1048 1821 ΙΙ.
1093 1785 1147 1820 1¹.
1195 1770 1293 1830 19,
1350 1783 1416 1821 ex
1459 1784 1564 1839 qua
1602 1768 1715 1839 ipsa
1756 1785 1815 1823 re
1863 1769 2054 1841 colligo

71 1851 216 1906 illam
261 1850 624 1922 Xenophontis
664 1853 1041 1908 verecundiam
1077 1853 1213 1909 οὔπω
1254 1854 1511 1923 ἀκμάζειν
1552 1856 1924 1922 ὁμολογοῦντος
1965 1875 2050 1913 ca-

67 1939 195 1995 dere
235 1940 287 1993 in
330 1948 559 1995 aetatem
612 1941 767 1995 annis
825 1941 1144 2012 quibusdam
1202 1942 1440 1997 Proxeno
1491 1942 1817 1999 inferiorem.
1898 1944 2050 2000 Ridi-

66 2027 249 2083 culum
292 2036 372 2083 est
410 2030 720 2083 existimare
770 2029 923 2083 illum
964 2031 1140 2084 virum
1167 2074 1180 2096 ‚
1235 2031 1327 2102 qui
1371 2047 1515 2086 nune
1555 2033 1629 2086 ita
1671 2032 1815 2087 dicat
1857 2039 2047 2105 putare

66 2133 123 2171 se
161 2125 218 2170 ut
255 2116 395 2170 mala
434 2114 500 2171 ab
539 2134 648 2171 sese
686 2117 911 2188 depellat
951 2119 1075 2173 salis
1116 2119 1218 2173 sibi
1257 2137 1366 2172 esse
1405 2137 1657 2174 annorum
1680 2163 1694 2185 ,
1730 2128 1962 2193 quatuor
1994 2130 2070 2177 et'

64 2205 257 2276 viginti
298 2205 455 2258 annis
506 2213 662 2260 antea
719 2222 984 2277 pugnasse
1034 2206 1099 2267 ad
1153 2206 1362 2261 Delium
1418 2214 1735 2280 caeteraque
1776 2227 1870 2282 per
1920 2210 2044 2266 reli-

63 2309 221 2365 quam
259 2301 462 2365 partem
500 2292 623 2348 belli
655 2293 1086 2366 Peloponnesiaci
1124 2295 1390 2367 stipendia
1423 2294 1627 2350 secisse.
1708 2298 1882 2370 Atque
1916 2315 2040 2355 eum

59 2381 112 2436 id
168 2383 360 2436 aetatis
406 2382 603 2437 dixisse
655 2381 966 2438 credemus:
1027 2384 1163 2438 οὐδὲν
1218 2384 1609 2453 προφασίζομαι
1665 2387 1759 2449 τὴν
1814 2387 2037 2450 ἡλικίαν.

9 2531 12 2533 ‚
59 2469 238 2541 Apage
279 2470 524 2541 ineptiaS.
609 2472 778 2525 Paene
819 2471 1092 2525 cernimus
1133 2471 1302 2525 oculis
1338 2473 1391 2526 in
1428 2472 1516 2527 illa
1553 2480 1703 2544 parte
1738 2474 2040 2530 Anabaseos

12 2550 14 2586 :
59 2556 498 2629 Xenophontem,
552 2556 813 2612 fervidum
867 2560 1114 2622 iuventa,
1166 2560 1402 2615 nondum
1447 2567 1760 2625 maturum,
1803 2563 2036 2618 nondum

53 2644 211 2717 longo
253 2662 355 2700 usu
397 2662 576 2701 rerum
634 2645 1019 2718 hominumque
1075 2649 1431 2702 exercitatum
1475 2648 1565 2703 sed
1608 2651 1810 2720 optima
1863 2651 2038 2707 indole

53 2733 118 2789 ad
161 2732 281 2788 hetti
320 2734 573 2806 pacisque
624 2742 766 2788 artes
801 2735 1103 2807 praeditum
1143 2737 1222 2790 rei
1273 2736 1491 2791 bellicae
1534 2738 1779 2809 peritiam
1825 2739 1877 2793 in
1921 2741 2036 2812 ipso

51 2821 187 2878 bello
230 2821 566 2894 colligentem
591 2864 604 2887 ,
645 2822 867 2877 consilio
909 2829 1179 2894 promtum
1204 2865 1218 2889 ,
1261 2841 1423 2879 manu
1463 2826 1624 2880 etiam
1664 2827 2030 2898 promtiorem.

13 2910 255 2967 :Passim
298 2927 421 2966 eum
475 2910 632 2965 talem
688 2911 741 2965 in
799 2911 1027 2966 Anabasi
1064 2928 1376 2983 cognosces:
1439 2930 1504 2969 ne
1546 2920 1762 2986 tangam
1817 2923 2030 2971 caetera

49 2998 170 3054 vide
205 2998 317 3054 vlt.
362 3015 415 3053 tt.
460 3002 550 3055 29.
607 2998 871 3071 quomodo
911 2999 1203 3071 Xenophon
1256 3001 1395 3073 apud
1455 3001 1689 3058 Seuthen
1735 3004 1788 3057 in
1831 3021 1888 3059 re
1937 3022 2026 3059 au·

47 3089 196 3162 cipiti
234 3090 577 3148 ὑποπεπωκὼς
618 3094 795 3142 sumat
839 3089 1080 3143 animum
1123 3087 1357 3155 bonum,
1400 3096 1453 3144 et
1493 3106 1608 3146 sese
1649 3091 1782 3146 scite
1831 3091 2024 3164 lepide-

45 3194 150 3250 que
189 3175 449 3249 expediat.
532 3175 674 3230 Satis
715 3177 819 3230 erit
854 3176 1084 3248 denique
1123 3176 1362 3232 indicare
1396 3177 1538 3233 locos
1573 3179 1864 3251 quosdam,
1905 3182 2020 3251 qui·

42 3262 145 3319 bus
183 3280 349 3336 paene
386 3263 612 3318 dixerim
659 3263 875 3320 disertis
930 3264 1108 3319 verbis
1149 3273 1296 3321 aetas
1344 3267 1711 3340 Xenophontis
1751 3267 2020 3338 significa·

44 3361 155 3408 tur.
211 3351 307 3407 Ubi
346 3353 597 3418 iuniores,
636 3355 676 3408 οἱ
714 3354 872 3422 μέχρι
913 3353 1187 3419 τριάκοντα
1226 3355 1384 3419 ἐτῶν,
1424 3358 1466 3411 οἱ
1507 3359 1577 3418 εἷς
1619 3355 1892 3424 τριάκοντα
1927 3355 2016 3418 ἔτη

41 3449 191 3497 extra
246 3438 460 3494 ordines
510 3449 801 3496 evocantur
854 3448 946 3495 aut
985 3442 1038 3495 in
1094 3441 1299 3498 hostem
1344 3445 1751 3506 immittuntur,
1811 3442 2016 3498 videbis

42 3529 119 3584 illi
154 3529 355 3600 agmini
398 3528 794 3600 Xenophontem
834 3546 1075 3602 praeesse
1115 3531 1298 3586 solere.
1384 3534 1605 3604 Legitur
1644 3531 1755 3586 Vll.
1802 3550 1873 3586 ιιι.
1921 3534 2010 3587 46.

43 3623 268 3684 Ξενοφῶν
311 3617 359 3669 δὲ
402 3618 746 3683 παρηγγύησε
787 3619 903 3679 τοὺς
944 3621 1014 3681 εἷς
1056 3620 1330 3688 τριάκοντα
1373 3621 1461 3682 ἔτη
1503 3620 1735 3686 παριέναι
1778 3621 1880 3675 ἀπὸ
1912 3626 2009 3675 τῶν

1642 3714 1683 3743 30
