2436 4068
1287 223 1394 272 508

335 364 802 432 παρακαλέσαντες
846 395 917 405 ——
957 362 1089 424 ὅπως
1145 362 1311 429 ὥσπερ
1379 363 1759 430 ἀπηχθανόμην
1819 365 1994 423 αὐτοῖς
2056 361 2140 416 ὅτε
2200 366 2319 430 πρὸς

342 454 481 518 ὑμᾶς
536 451 658 517 ἦγον
699 451 825 507 οὕτω
881 453 966 504 καὶ
1019 451 1460 518 χαρισαίμην
1513 453 1597 503 νῦν
1650 451 1950 513 ἀποδιδούς,
2008 468 2198 522 nempe
2247 469 2328 506 re-

344 541 583 611 quiritur
641 539 965 593 indicativus
1017 537 1144 593 οὕτω
1200 539 1288 592 καὶ
1340 538 1803 605 ἐχαρισάμην.
1883 539 2146 610 Loquitur
2186 540 2327 592 enim

344 626 636 698 Xenophon
677 625 742 680 de
782 644 843 680 ea
883 643 941 682 re
982 643 1119 697 quae
1154 630 1295 698 sacca
1335 626 1554 698 fuisset,
1597 626 1642 678 si
1687 624 1920 679 Thraces
1968 644 2095 696 erga
2138 643 2195 680 se
2225 644 2332 680 ser-

347 722 564 769 vassent
619 713 813 768 fidem:
857 715 954 768 ἔδει
1006 715 1111 782 γαρ
1154 716 1292 779 ὑμοῖς
1335 716 1396 768 δι’
1438 715 1562 779 ἐμοῦ
1602 714 1917 780 παραδοῦναι
1964 716 2022 768 τὸ
2062 714 2334 781 ςράτευμα

349 811 455 864 τοῖς
496 803 957 867 Λακεδαιμονίοις,
997 799 1165 862 ὅπως
1217 800 1657 868 ἐχαρισάμην
1707 802 1974 861 ἀποδιδοὺς
2013 801 2179 869 ὥσπερ
2214 803 2334 856 τότε

350 890 733 958 ἀπηχθανόμην
802 891 922 957 πρὸς
978 891 1115 955 ὑμᾶς
1176 887 1319 955 ἄγων
1376 891 1492 949 τοὺς
1547 887 1751 955 ἄνδρας.
1849 889 2014 943 Nemo
2067 889 2336 944 dubitabit

352 979 483 1049 quin
525 978 579 1031 in
634 977 735 1032 hac
788 977 959 1031 forma
999 978 1256 1032 orationis
1300 975 1434 1037 ὅπως
1475 976 1805 1043 ἐχαρισάμην
1847 976 2090 1046 legitima
2149 986 2201 1031 et
2246 995 2337 1032 ne-

351 1067 586 1120 cessaria
625 1066 958 1119 constructio
996 1067 1096 1130 sit,
1142 1073 1194 1120 et
1234 1064 1367 1125 ὅπως
1415 1067 1744 1132 χαρισαίμην
1786 1066 1974 1118 vitiosa
2017 1074 2069 1119 et
2111 1065 2333 1119 soloeca.

354 1153 458 1209 Sed
513 1170 732 1225 prorsus
792 1154 932 1209 idem
994 1154 1097 1208 alia
1157 1151 1408 1224 loquendi
1470 1152 1637 1206 forma
1695 1151 1875 1207 dicere
1933 1153 2333 1224 Xenophontem

353 1241 700 1296 manifestum
743 1249 838 1295 est.
921 1241 1205 1296 Continent
1244 1242 1387 1295 enim
1438 1240 1596 1294 verba
1631 1240 1767 1294 οὐδὲν
1807 1241 1899 1305 ἐμὲ
1937 1242 2337 1308 παρακαλέσαν-

351 1351 439 1392 τες
496 1329 634 1384 hanc
686 1331 856 1401 ipsam
910 1330 1372 1401 exprobrationem
1417 1328 1646 1399 neglecti
1687 1344 1814 1398 erga
1856 1346 1913 1383 se
1967 1327 2125 1383 officii
2186 1329 2338 1384 fidei-

355 1435 459 1490 que
517 1418 780 1482 violatae,
835 1425 889 1472 et
928 1418 1370 1489 significationem
1417 1416 1560 1470 illins
1600 1417 1676 1471 rei
1721 1433 1882 1487 quam
1925 1416 2040 1471 fieri
2093 1416 2340 1473 debuisse

356 1507 434 1560 ait
476 1505 611 1566 ὅπως
652 1506 937 1572 ἐχαρίσατο
979 1513 1085 1566 τοῖς
1126 1505 1590 1569 Λακεδαιμονίοις,
1646 1511 1708 1558 ut
1748 1504 2044 1575 gratificari
2082 1505 2341 1561 Lacedae-

359 1595 555 1648 moniis
605 1593 882 1665 potuisset.
963 1593 1134 1660 Quam
1187 1609 1346 1664 saepe
1399 1589 1570 1656 ὅπως,
1610 1591 1691 1646 ἵνα
1732 1601 1784 1647 et
1820 1595 1885 1654 ὡς
1928 1609 2052 1647 cum
2093 1594 2340 1648 indicati·
2424 1637 2436 1658 ,ε

357 1682 441 1736 vis
494 1682 783 1736 coniuncta
833 1681 898 1735 ab
953 1681 1185 1735 indoctis
1237 1681 1514 1735 Graeculis
1570 1689 1822 1752 corrupta
1878 1688 1971 1734 aut
2026 1682 2343 1754 interpolata

359 1769 564 1824 fuerint
604 1770 791 1824 multis
830 1769 1087 1840 exemplis
1128 1768 1255 1822 alibi
1296 1768 1800 1822 demonstravimus.

435 1859 804 1929 Expnnxerim
857 1857 1147 1912 articulum
1212 1858 1265 1910 in
1310 1855 1349 1930 S
1392 1861 1447 1910 11
1498 1856 1641 1910 κατα
1690 1856 1825 1929 [τῆς]
1872 1865 1971 1922 γῆς
2013 1859 2342 1923 καταδύομαι
2416 1891 2430 1923 ,ν

359 1963 424 2000 ex
482 1946 843 2018 dittographia
908 1953 1132 2011 natum,
1186 1951 1246 1998 ut
1299 1962 1492 2015 saepe,
1533 1946 1677 1999 etin
1734 1944 1775 2018 §
1824 1950 1889 2000 18
1944 1949 2117 2010 ἐπειδὴ
2157 1948 2343 2014 φίλους
2420 1944 2433 2018 J

357 2036 537 2102 φατὲ
589 2032 718 2090 εἶναι
771 2038 892 2102 ὑμῖν
950 2035 1308 2089 revocaverim
1367 2051 1463 2106 pro
1517 2033 1718 2102 ἔφατε,
1770 2041 1823 2088 et
1879 2042 1992 2106 post
2045 2053 2212 2106 pauca
2256 2035 2343 2089 ubi

360 2122 540 2178 editur
598 2123 686 2178 εἴθ’
727 2126 866 2190 ὑμᾶς
911 2131 1230 2191 προσῆκεν
1295 2123 1350 2176 ἐκ
1404 2129 1496 2184 τῆς
1553 2123 1728 2190 χώρας
1791 2122 1998 2177 ἀπιέναι
2057 2123 2163 2178 εἴτε
2203 2126 2342 2189 ἡμᾶς

360 2212 755 2267 emendandum
795 2229 909 2267 esse
950 2229 1138 2265 censeo
1178 2212 1454 2278 προσήκει,
1509 2210 1688 2263 nullus
1730 2210 1872 2263 enim
1912 2211 1964 2263 in
2011 2211 2206 2265 talibus
2245 2213 2344 2266 im-

359 2299 595 2372 perfecto
634 2300 784 2354 locus
836 2307 953 2365 est,
994 2299 1086 2353 sed
1124 2301 1261 2367 χρή,
1301 2299 1410 2364 δεῖ,
1468 2300 1705 2366 προσήκει
1757 2298 1808 2350 in
1864 2297 2172 2353 huiusmodi
2220 2316 2342 2353 con·

358 2389 621 2443 troversia
670 2394 764 2442 aut
801 2389 1015 2459 optione
1055 2387 1179 2459 poni
1221 2387 1408 2441 solent.

433 2479 637 2533 lterum
698 2476 943 2531 futurum
999 2477 1053 2528 in
1113 2474 1411 2546 praesentis
1472 2473 1698 2528 sormam
1756 2473 1891 2528 abiit
1945 2474 2058 2528 VII.
2100 2492 2190 2528 vn.
2249 2480 2340 2530 51.

358 2567 449 2621 ἐὰν
502 2568 544 2621 οἱ
598 2566 693 2632 μὲν
748 2571 1025 2633 ςρατιῶται
1087 2564 1443 2631 ὑπισχνῶνται
1483 2563 1844 2631 προθυμότερον
1898 2563 2340 2630 συςρατεύεσθαι,

356 2657 467 2710 imo
507 2671 631 2709 vero
671 2654 1126 2721 συςρατεύσεσθαι.

433 2742 710 2798 Emblema
749 2743 887 2796 inest
914 2743 976 2795 *in
1020 2741 1058 2815 §
1092 2744 1163 2796 56
1203 2739 1274 2793 τοὶ
1314 2739 1547 2807 παρόντα
1585 2738 1763 2794 πάντα
1811 2736 1868 2812 [ἃ
1908 2739 2210 2812 ἐκέκτησο],
2252 2738 2339 2793 ad·
2422 2780 2430 2803 ‚2

359 2832 580 2903 scripsit
622 2829 819 2885 sciolus
859 2831 1111 2901 quoniam
1170 2828 1374 2882 rariore
1429 2845 1529 2881 usu
1588 2827 1793 2882 dictum
1852 2833 1933 2882 est
1984 2827 2054 2881 τα
2108 2827 2340 2896 παρόντα
2422 2871 2423 2874 ¹

357 2937 456 2992 pro
493 2921 565 2974 τα
618 2918 945 2986 ὑπάρχοντα.
1025 2915 1223 2971 Eodem
1267 2915 1421 2970 modo
1465 2916 1718 2982 παρουσία
1760 2915 1826 2969 ab
1869 2916 2064 2971 Atticis
2116 2932 2340 2988 usurpa·

356 3008 535 3065 hatur.
619 3007 1002 3077 Harpocration
1046 3022 1094 3058 v,
1136 3005 1399 3071 Παρουσία
1440 3021 1469 3058 e
1510 3003 1719 3058 Cratetc
1759 3002 1940 3058 affert:

584 3093 794 3162 ἔχοντες
837 3097 1033 3154 εὐπαθῆ
1074 3094 1185 3159 βίον
1221 3093 1230 3165 Ι
1266 3092 1548 3160 παρουσίαν
1588 3113 1646 3147 τε
1686 3092 1992 3160 χρημάτων.

359 3192 412 3240 et
458 3201 487 3239 e
526 3183 745 3237 Platone
784 3181 996 3236 Comico
1041 3181 1263 3235 Photius
1302 3198 1352 3234 v.
1393 3181 1675 3247 Παρουσία.

811 3273 874 3331 ὡς
915 3270 1001 3323 καὶ
1045 3273 1128 3322 νῦν
1169 3268 1360 3335 ἔχομεν
1402 3266 1701 3335 παρουσίας.
2405 3335 2412 3345 ⁸

355 3360 498 3415 unde
531 3360 729 3431 optime
762 3356 1070 3413 Dindorfius
1105 3356 1380 3426 antiquam
1420 3356 1744 3425 scripturam
1778 3356 1844 3415 ὥς
1877 3353 2112 3422 ἕκάτερος
2152 3356 2334 3423 χρείας
2403 3366 2406 3371 ’

356 3450 442 3503 καὶ
486 3447 852 3517 παρουσίας
894 3443 1100 3511 ἔχουσιν
1136 3442 1398 3497 intellexit
1435 3441 1599 3496 fuisse
1632 3442 1773 3513 apud
1804 3442 2076 3497 Demosth.
2120 3461 2169 3515 p.
2197 3447 2333 3506 166,

361 3544 420 3591 11
469 3555 574 3591 non
626 3537 711 3591 καὶ
755 3533 1063 3603 περιουσίας.
1147 3530 1320 3586 Simili
1377 3547 1536 3585 sensu
1581 3532 1636 3586 ἐκ
1692 3537 1788 3585 τῶν
1833 3531 2094 3599 παρόντων
2134 3548 2230 3602 pro
2278 3531 2335 3583 ἐκ
