2436 4068
1086 241 1150 292 21

109 384 495 459 sycophantam
543 383 785 439 ridebat:
835 383 901 438 ad
943 384 1148 450 ficuum
1197 384 1524 438 mentionem
1579 383 1864 440 subridens
1907 385 2103 457 aliquis

108 473 432 545 interponit:
472 474 598 526 άλλ’
641 472 821 540 ἔχαιρε
862 471 948 525 καὶ
993 472 1085 539 ζῶν
1122 479 1228 534 τοῖς
1262 472 1520 534 τοιούτοις.

181 561 416 633 Intelligi
486 578 591 615 non
650 566 875 632 possunt
942 559 1075 614 haec
1134 559 1375 615 eiusdem
1440 562 1634 616 Poetae
1693 560 1835 633 apud
1906 559 2098 616 Athen.

107 648 196 703 1x.
241 653 371 706 585.
413 649 474 704 Ε.
1592 647 1595 650 “

408 738 586 804 πολλῷ
628 737 686 800 γ’
726 735 979 802 άμείνων,
1018 738 1083 798 ὡς
1121 735 1287 797 ἔοικας
1311 779 1326 800 ,
1367 736 1476 801 ἧσθ’
1510 736 1615 806 ἄρα

408 822 742 892 λογογράφος
785 824 813 886 ἢ
847 822 1122 892 μάγειρος.
1166 821 1189 877 ὃ
1230 824 1406 889 λέγεις
1447 827 1501 879 οὐ
1538 825 1714 890 λέγεις
1738 866 1753 887 ,

410 912 603 979 τέχνην
638 913 682 965 δ’
718 911 998 979 ὀνειδίζεις.

103 1001 151 1054 si
186 1005 331 1054 recte
366 998 529 1054 verba
566 999 1040 1054 interlocutoribus
1080 999 1359 1065 diviseriS,
1399 999 1535 1053 nihil
1570 998 1905 1053 difficultatis
1939 998 2094 1053 habe-

103 1087 255 1142 bunt.
334 1087 561 1142 Miratus
593 1087 789 1159 aliquis
822 1089 979 1160 coqui
1010 1086 1303 1142 facundum
1344 1093 1396 1142 et
1430 1086 1645 1157 elegans
1680 1086 1894 1140 dicendi
1929 1104 2099 1157 genus

103 1175 181 1229 ita
220 1174 494 1230 hominem
533 1174 746 1230 laudat:
788 1179 966 1245 πολλῷ
1005 1178 1061 1241 γ’
1096 1177 1346 1242 άμείνων,
1390 1178 1454 1237 ὡς
1498 1175 1698 1239 ἔοικας,
1737 1173 1847 1238 ἦσθ’
1878 1173 1980 1241 ἄρα
2013 1188 2097 1228 λο-

102 1262 376 1332 γογράφος
419 1266 447 1328 ἢ
483 1262 770 1331 μάγειρος,
816 1265 905 1318 cui
954 1263 1044 1319 ille
1087 1263 1527 1335 indignabundus
1574 1262 1808 1334 reponit:
1858 1259 1881 1315 ὃ
1919 1261 2095 1327 λέγεις

101 1354 157 1407 οὖ
196 1351 400 1417 λέγεις,
438 1351 632 1418 τέχνην
672 1352 715 1406 δ’
750 1353 1030 1420 ὀνειδίζεις,
1067 1353 1203 1424 quod
1236 1353 1314 1406 vis
1354 1353 1525 1406 dicere
1559 1369 1660 1406 non
1702 1350 1858 1414 dicis,
1914 1349 1966 1403 id
2017 1356 2099 1403 est

103 1439 246 1512 quod
291 1439 428 1495 dicis
470 1457 576 1494 non
618 1439 888 1511 significat
934 1439 988 1494 id
1025 1439 1166 1511 quod
1210 1446 1272 1494 tu
1325 1448 1500 1512 putas
1581 1438 1818 1493 Laudem
1858 1443 1919 1491 tu
1956 1436 2096 1491 hanc

102 1544 218 1583 esse
254 1528 522 1601 opinariS,
576 1527 669 1583 sed
705 1528 1050 1600 opprobrium
1092 1529 1147 1582 in
1184 1535 1356 1583 artem
1398 1535 1494 1583 est.
1575 1526 1777 1581 Eodem
1817 1525 1973 1580 modo
2018 1523 2095 1577 di-

104 1617 251 1672 citur
285 1633 443 1689 saepe
480 1617 608 1670 ἀλλ’
644 1612 674 1669 δ’
707 1637 757 1671 τι
797 1617 974 1682 λέγεις
1009 1616 1123 1671 εἶπέ
1156 1636 1269 1682 μοι,
1310 1623 1373 1670 ut
1414 1617 1468 1669 in
1511 1615 1714 1670 Avibus
1756 1617 1916 1668 1582.
2147 1622 2150 1625 ’

404 1709 607 1759 παῦσαι
646 1705 916 1773 μελῳδῶν,
956 1706 1084 1760 άλλ’
1121 1703 1151 1758 ὅ
1179 1725 1228 1759 τι
1263 1703 1440 1770 λέγεις
1475 1702 1588 1757 εἶπέ
1625 1722 1746 1768 μοι,

99 1800 155 1848 et
179 1794 271 1847 οὐκ
290 1790 382 1847 οἷδ’
414 1791 446 1847 δ’
466 1814 517 1847 τι
547 1791 752 1858 λε’γεις,
788 1799 841 1847 et
870 1790 901 1846 δ’
915 1814 966 1848 τι
997 1794 1174 1859 λέγεις
1197 1796 1250 1848 οὐ
1281 1791 1549 1858 μανθάνω,
1591 1797 1644 1845 et
1674 1789 1871 1844 similia
1902 1789 2093 1845 multa.

99 1879 160 1935 In
206 1882 275 1935 iis
328 1897 466 1953 quae
505 1897 710 1952 coquus
750 1887 860 1934 tam
902 1882 1036 1936 scite
1075 1881 1286 1936 dixerat
1342 1879 1506 1935 unum
1550 1884 1661 1939 est,
1706 1876 1848 1949 quod
1886 1878 2094 1933 scribae

98 1967 439 2041 depravando
477 1969 733 2023 inscitum
774 1967 1064 2024 admodum
1100 1975 1154 2024 et
1192 1969 1471 2032 inficetum
1510 1965 1893 2021 reddiderunt:

402 2057 572 2122 άτμὸς
613 2057 719 2125 γάρ
755 2054 912 2118 οὕτως
952 2058 1070 2125 οὐχὶ
1107 2058 1526 2126 προσπηδήσεται

403 2150 523 2205 ταῖς
551 2144 676 2212 ῥισὶν
709 2146 837 2199 άλλ’
869 2143 972 2199 ἄνω
1013 2144 1148 2210 μάλ’
1185 2141 1283 2198 εἶσι
1315 2144 1675 2212 καταφυγών.

98 2233 154 2287 in
195 2230 387 2287 Codice
425 2239 509 2287 est
549 2245 870 2298 ανωμαλισει
893 2275 907 2297 ,
949 2232 1093 2287 unde
1134 2232 1374 2304 Scaliger
1413 2232 1516 2287 ἄνω
1553 2230 1689 2297 μάλ’
1723 2228 1821 2285 εἶσι
1853 2229 2092 2294 effinxit,

96 2319 152 2374 in
203 2336 310 2392 quo
353 2337 539 2375 omnes
584 2320 952 2392 acquiescunt.
1034 2322 1103 2376 At
1149 2321 1306 2387 μάλα
1360 2322 1415 2374 in
1469 2337 1530 2375 ea
1577 2337 1635 2374 re
1683 2336 1785 2372 non
1837 2319 2093 2389 ponitur,

95 2423 269 2480 neque
310 2410 456 2463 enim
497 2425 622 2463 cum
657 2407 760 2462 ἄνω
798 2425 972 2480 neque
1012 2427 1136 2464 cum
1177 2408 1275 2465 εἷο-ι
1317 2408 1596 2464 commode
1635 2407 1787 2478 iungi
1828 2412 2003 2478 potest
2037 2412 2089 2460 et

95 2494 174 2551 nil
222 2496 328 2551 nisi
370 2513 662 2552 numerum
703 2496 1034 2570 syllabarum
1078 2498 1270 2571 explet.
1353 2498 1494 2552 Vera
1533 2496 1805 2568 scriptura
1848 2501 2089 2565 emerget

7 2596 16 2650 Τ
97 2583 143 2637 si
176 2585 574 2656 comparaveris
608 2584 786 2639 locum
822 2584 1114 2642 Nicostrati
1143 2586 1286 2659 apud
1321 2586 1514 2641 Athen.
1551 2584 1644 2640 111.
1690 2589 1815 2639 111.
1855 2583 1910 2637 C.

396 2674 531 2741 ὀσμὴ
571 2673 649 2738 δὲ,
687 2674 1015 2741 τούπίβλημ’
1046 2676 1156 2730 ἐπεὶ
1199 2674 1486 2744 περίηρέθη,

393 2757 498 2815 ἅνω
531 2760 734 2829 ’βάδιζε
770 2762 856 2816 καὶ
891 2762 1068 2828 μέλιτι
1102 2763 1408 2830 μεμιγμένη

390 2850 555 2916 άτμίς
587 2871 666 2911 τις
706 2851 778 2912 εἷς
823 2850 923 2912 τας
955 2855 1125 2920 ῥῖνας·
1167 2851 1241 2906 ἔτι
1273 2851 1378 2919 γάρ
1418 2849 1595 2919 θερμὸς
1629 2847 1685 2914 ἦν
1712 2891 1724 2903 .

92 2936 233 2994 unde
265 2937 441 3010 quivis
475 2938 759 2993 restituat:
799 2940 927 2994 ἀλλ’
964 2937 1067 2993 άνω
1098 2938 1302 3005 βαδίζει
1338 2939 1684 3007 καταφυγών.

163 3025 328 3082 Nemo
371 3033 517 3081 recte
557 3024 822 3097 intelliget
858 3026 988 3099 quid
1032 3026 1296 3081 Timocles
1338 3025 1534 3081 dixerit
1581 3024 1722 3098 apud
1766 3024 1957 3080 Athen.
1991 3024 2081 3078 VI.

0 3113 11 3163 ἰ
89 3117 218 3171 224.
259 3115 323 3172 A.
374 3134 388 3147 ’

0 3221 5 3230 ”
353 3204 528 3258 οὐκοῦν
562 3202 792 3265 κελεύεις
826 3207 911 3258 νῦν
951 3225 1020 3270 με
1051 3203 1230 3259 πάντα
1269 3207 1479 3270 μάλλον
1514 3204 1541 3267 ἥ

352 3291 425 3345 τά
459 3291 714 3359 προσόντα
754 3291 996 3362 φράζειν.
1038 3291 1176 3347 πάνυ
1214 3313 1280 3358 γε
1314 3290 1479 3360 δράσω
1513 3291 1667 3347 τοῦτο’
1700 3312 1810 3346 σοι.

242 3388 300 3432 Β.
353 3377 442 3432 καὶ
490 3382 670 3448 πρῶτα
709 3380 805 3446 μέν
839 3402 914 3436 σοι
955 3381 1218 3436 παύσεται
1258 3380 1586 3447 Δημοσθένης

354 3466 676 3535 ὀργιζόμενος
715 3470 823 3523 κτὲ.

98 3555 199 3610 nisi
237 3555 390 3627 prius
425 3557 503 3609 sic
540 3556 699 3611 verba
733 3555 1023 3611 distributa
1058 3563 1247 3611 crunt:

399 3644 573 3699 οὐκοῦν
611 3646 838 3707 κελεύεις
882 3651 964 3701 νῦν
999 3667 1066 3712 με
1103 3644 1282 3700 πάντα
1322 3650 1529 3711 μᾶλλον
1564 3645 1590 3705 ἥ
