2436 4068
1030 227 1099 276 55

7 413 9 418 s
75 373 276 428 Graece
308 375 482 443 potest
520 369 747 435 λέγομαι
787 374 954 430 κακῶς
987 367 1088 423 ὑπό
1117 388 1248 430 τινος
1277 366 1733 439 quemadmodum
1771 369 1914 436 λέγω
1940 373 2058 427 τινα

5 469 7 486 “
74 466 268 523 κακῶς,
308 464 363 513 et
398 458 527 529 quia
564 456 769 525 εἴρηκας
809 477 928 511 τινα
968 460 1137 517 κακῶς
1174 457 1376 528 optime
1414 455 1604 521 habet,
1644 456 1842 512 licetne
1879 458 2060 516 dicere

2 576 6 664 ἶ
72 546 270 614 εἴρηταί
306 567 385 607 τις
426 552 596 606 κακῶς
637 545 739 600 ὑπό
777 543 908 599 σουῖ
992 544 1123 598 Tam
1165 544 1419 598 vitiosum
1462 543 1562 599 hoc
1601 550 1683 599 est
1717 550 1772 599 et.
1811 546 2058 619 ineptum

3 695 5 699 ,
70 651 133 691 ac
151 635 197 688 si
219 650 284 688 ex
314 641 474 688 ποιεῖν
492 654 610 689 τινα
631 638 801 694 κακῶς
831 630 1131 701 analogiam
1162 631 1327 686 solam
1353 638 1574 687 secutus
1602 648 1897 704 propagare
1922 635 2057 691 velis

0 701 5 822 ἶ
67 723 318 777 ποιεῖσθαι
360 727 529 783 κακῶς
570 719 671 775 ὑπό
709 739 841 780 τινος
916 725 936 772 t
975 718 1104 789 quia
1148 725 1318 780 κακῶς
1357 719 1607 782 πεποίηκέ
1645 742 1714 787 με
1750 723 2056 778 rectissime

66 809 175 865 dici
216 815 427 864 constat
473 809 763 874 πεποίημαι
804 735 974 901 ῥῖνες
1022 807 1112 860 ὑπ’
1153 809 1314 861 αὐτοῦ
1356 808 1493 862 nihil
1543 807 1853 864 offensionis
1896 816 2055 883 putes

0 846 2 934 t
65 896 278 952 habere.
374 896 587 968 Ecquid
643 897 819 968 potest
869 910 987 950 esse
1039 895 1244 948 certius
1294 911 1456 965 quam
1513 897 1572 950 τὸ
1627 904 1788 952 ποιεῖν
1846 897 1934 953 καὶ
1992 900 2063 955 τὸ·

23 985 297 1054 ,πάσχειν
345 984 449 1039 sibi
500 986 643 1039 inter
687 1000 742 1038 se
790 981 1113 1054 respondere
1153 988 1206 1036 et
1252 982 1275 1037 ὂ
1321 985 1610 1045 πεποιηκὼς
1659 986 1747 1039 καὶ
1793 986 1817 1040 ὂ
1865 1007 2055 1042 πεπον-

63 1074 195 1136 θώςῖ
238 1090 394 1128 nemo
428 1072 641 1127 dubitat
676 1078 732 1126 et
763 1070 847 1126 vel
885 1070 973 1124 hic
1009 1070 1124 1142 ipse
1156 1068 1436 1125 Menandri
1472 1069 1622 1124 locus
1660 1073 1903 1144 exemplo
1939 1091 2054 1132 esse

63 1162 247 1236 possit.
326 1162 395 1215 At
434 1178 537 1214 non
581 1161 764 1215 minus
797 1166 879 1214 est
927 1164 1138 1213 certum
1174 1157 1398 1213 eandem
1437 1174 1555 1213 esse
1594 1161 2052 1218 necessitudinem

63 1251 205 1305 inter
239 1250 297 1304 τὸ
336 1249 512 1314 λέγειν
551 1248 639 1303 καὶ
681 1249 740 1303 τὸ
778 1248 1017 1311 ἀκούειν,
1072 1251 1132 1301 ut
1170 1253 1510 1318 opponantur
1553 1253 1722 1309 κακῶς
1762 1248 1939 1314 λέγεις
1980 1271 2050 1316 με

62 1344 115 1394 et
159 1342 327 1399 κακῶς
374 1337 543 1392 ἀκούω
593 1335 694 1391 ὑπό
740 1356 854 1403 σου,
896 1342 950 1390 et
987 1341 1094 1396 τοῖς
1134 1339 1304 1396 κακῶς
1345 1333 1562 1402 εἰρηκότι
1604 1335 1964 1407 respondeant
2006 1340 2050 1393 οἱ

61 1432 229 1487 κακῶς
268 1425 546 1488 ἀκηκοότες
588 1441 693 1479 non
738 1423 919 1479 hercle
957 1425 1000 1478 οἱ
1037 1428 1206 1484 κακῶς
1244 1422 1530 1489 εἰρημένοι,
1575 1423 1718 1496 quod
1759 1424 2051 1480 Menandro

64 1513 353 1571 condonari
401 1520 575 1585 potest
627 1513 721 1568 sed
770 1513 849 1567 sic
894 1518 954 1567 ut
994 1527 1245 1583 peccasse
1291 1527 1348 1566 se
1387 1509 1639 1566 fateatur.
1716 1512 1830 1567 Non
1868 1513 2052 1569 minus

65 1602 316 1657 vitiosum
352 1609 434 1656 est
471 1603 527 1655 in
562 1601 706 1656 Stob.
744 1599 927 1656 Floril.
965 1599 1155 1655 CXIII.
1195 1603 1282 1655 14.

364 1692 435 1759 τῷ
475 1691 571 1755 μὲν
611 1691 671 1745 τὸ
704 1695 856 1755 σῶμα
896 1686 1253 1757 διατεθειμένῳ
1292 1694 1462 1750 κακῶς

361 1779 519 1846 χρεία
559 1780 624 1835 ’ς’
665 1779 866 1845 ἰατροῦ,
905 1778 976 1844 τῷ
1018 1777 1071 1831 δὲ
1113 1778 1207 1839 τὴν
1247 1779 1428 1844 ψυχὴν
1469 1777 1665 1846 φίλου.

63 1883 186 1922 nam
219 1867 517 1935 διακειμένῳ
558 1865 765 1919 dictum
805 1865 1079 1935 oportuit,
1120 1863 1575 1934 quemadmodum
1608 1871 1919 1921 constanter
1947 1873 2052 1922 κεῖ-

61 1977 159 2021 μαι
201 1971 325 2009 cum
382 1955 693 2026 compositis
751 1951 953 2007 formae
1002 1953 1244 2023 passivae
1291 1953 1560 2018 τέθειμαι,
1602 1971 1708 2025 qua
1747 1971 1904 2009 nemo
1944 1957 2049 2010 uti-

62 2052 188 2106 tur,
246 2043 418 2098 vicem
473 2042 721 2114 supplere
773 2041 922 2096 solet.
1001 2040 1189 2111 ltaque
1241 2047 1354 2095 tam
1414 2040 1554 2095 male
1606 2058 1669 2096 ac
1714 2042 2052 2113 negligenter

58 2130 267 2185 dictum
306 2137 386 2185 est
426 2131 484 2185 τὸ
525 2136 678 2196 σῶμα
718 2130 1036 2194 διατέθειμαι
1077 2133 1247 2188 κακῶς
1289 2145 1352 2183 ac
1400 2130 1446 2183 si
1497 2129 1619 2200 quis
1666 2130 1784 2190 τοὺς
1823 2132 2046 2197 τεθειμέ·

57 2239 166 2279 νους
206 2218 387 2283 νόμους
427 2235 524 2290 pro
569 2220 686 2279 τοὺς
726 2218 986 2283 κειμένους
1027 2215 1187 2270 vellet
1227 2215 1441 2280 dicere,
1482 2215 1537 2271 id
1577 2216 1719 2288 quod
1773 2218 1879 2272 iam
1918 2218 2054 2273 alias

57 2307 245 2376 attigi,
305 2322 450 2361 nunc
502 2305 735 2375 digitum
790 2306 845 2359 in
895 2303 950 2358 id
994 2303 1290 2359 intendisse
1330 2305 1463 2359 satis
1508 2310 1605 2360 est.
1684 2305 1845 2361 Peius
1883 2307 2047 2362 etiam

55 2402 163 2460 est,
202 2393 344 2466 qnod
383 2394 661 2449 Comicum
701 2395 756 2448 in
792 2394 890 2448 hoc
925 2409 1120 2465 genere
1159 2391 1450 2464 deliquisse
1478 2400 1742 2449 memorat
1782 2411 2051 2465 gramma-

57 2483 200 2539 ticus
253 2484 310 2537 in
366 2483 530 2538 Bekk.
591 2482 791 2539 Anecd.
843 2499 892 2554 p.
935 2485 1067 2537 429.
1119 2481 1469 2536 ἀπεκτόνασιν
1523 2484 1612 2538 οὐκ
1665 2483 2048 2550 οὲπεκτοὶγκασι

58 2570 363 2640 Μισουμὲνῳ
395 2613 409 2626 .
479 2570 648 2639 πάτερ
713 2572 809 2636 μὲν
877 2569 1110 2638 &poio-cof
1179 2570 1563 2635 οὶπεκτοὶγκασι
1630 2571 1675 2625 δ’
1740 2570 1800 2626 οὔ
1830 2614 1843 2635 ,
1911 2589 2051 2644 quae

57 2674 385 2732 quamquam
435 2658 629 2713 mutila
673 2664 727 2713 et
775 2658 972 2712 misere
1025 2658 1316 2730 depravata
1362 2665 1519 2724 sunt,
1578 2658 1679 2714 hoc
1731 2665 1914 2714 tamen
1969 2677 2051 2716 sa-

54 2747 126 2803 tis
183 2755 393 2803 certum
438 2746 655 2803 videtur
705 2745 888 2802 afferri
936 2762 966 2801 e
1018 2746 1298 2801 Menandri
1354 2747 1660 2817 Μισουμένῳ
1712 2748 1874 2803 verba
1919 2750 2051 2805 απε-

56 2834 323 2902 ‚ca-dynam
370 2837 414 2891 δ’
460 2834 546 2890 οὔ.
588 2851 751 2906 quam
810 2833 1039 2890 sormam
1094 2852 1199 2889 non
1248 2841 1460 2890 tantum
1503 2852 1634 2891 usus
1686 2837 1929 2892 omnium
1968 2854 2052 2893 re-

55 2925 236 2997 spuit,
275 2924 370 2996 qui
416 2939 631 2978 summa
670 2923 975 2978 constantia
1012 2922 1278 2978 ἀπέκτονα
1331 2922 1615 2988 dicebant,
1671 2924 1766 2979 sed
1806 2925 2050 2996 analogia

15 3042 19 3051 ·
56 3012 255 3076 etiam,
295 3028 432 3084 quae
485 3012 769 3066 ὥπέκτακα
811 3009 1082 3082 postulat,
1122 3017 1184 3065 ut
1213 3010 1418 3066 τέτακα
1441 3054 1454 3075 ,
1495 3012 1782 3078 πέπλυκα,
1821 3014 2047 3082 κέκρικα.

54 3098 115 3156 In
154 3100 268 3156 loco
295 3107 406 3155 tam
447 3107 701 3173 corrupto
741 3116 845 3153 non
888 3100 1020 3154 satis
1058 3106 1140 3155 est
1180 3099 1429 3171 ponderis
1470 3107 1530 3155 ut
1567 3100 1919 3156 Menandrum
1953 3122 2048 3175 pa-

54 3205 173 3243 rum
211 3189 407 3243 cavisse
439 3189 608 3243 videri
649 3189 998 3260 pronuntiare
1038 3189 1238 3259 possis,
1288 3195 1340 3242 et
1383 3195 1491 3242 tam
1534 3188 1748 3243 foedum
1784 3195 1866 3244 est
1917 3190 2047 3244 οξπέ·

15 3309 18 3313 ’
54 3297 268 3342 κταγκα
290 3319 306 3341 ,
347 3283 408 3331 ut
430 3276 811 3331 semibarbaris
845 3276 1155 3349 Byzantinis
1188 3275 1314 3330 solis
1343 3276 1601 3347 imputari
1623 3293 1775 3348 posse
1804 3276 2046 3342 credam,

56 3365 148 3436 qui
186 3365 510 3420 ὥπεκτοὶνθαι
552 3382 648 3438 pro
686 3364 922 3419 τεθνάναι
965 3370 1017 3417 et
1057 3363 1356 3426 ἀπεκτάνθη
1400 3381 1495 3436 pro
1543 3364 1769 3419 ἀπέθανε
1812 3382 1914 3418 non
1951 3364 2046 3420 du-

7 3483 18 3521 4
54 3449 295 3507 bitarunt
332 3452 527 3508 dicere.
609 3452 863 3508 Eiusdem
901 3451 1105 3506 farinae
1145 3459 1226 3506 est
1281 3451 1487 3517 forma,
1527 3469 1689 3524 quarn
1739 3452 1947 3506 scribae
1980 3452 2046 3508 de

6 3527 21 3586 f'
55 3555 152 3593 suo
212 3539 547 3612 Xenophonti
602 3540 954 3596 obtrusernnt
1007 3540 1062 3594 in
1116 3540 1346 3596 Hierone
1390 3540 1480 3595 111.
1536 3544 1586 3594 8.
1649 3541 1872 3605 εὑρήσεις
1926 3542 2044 3601 τοὺς

7 3635 10 3642 ’
53 3625 319 3693 τυράννους
350 3630 572 3692 πολλοὺς
605 3630 701 3697 μὲν
732 3630 926 3692 παῖδας
961 3630 1154 3686 ἑαυτῶν
1194 3627 1779 3692 ammomum-aq,
1820 3631 2043 3691 πολλοὺς
