2436 4068
1258 190 1365 241 846

351 333 613 398 ὁμώμοτοιι
649 364 723 372 -
760 334 1024 398 όμώμοςοιι
1068 336 1193 386 544.

348 419 398 474 ὅν
439 420 636 475 excidit
674 424 816 483 575,
859 424 1006 485 689,
1045 425 1168 476 705.

346 510 541 570 όνητέος
577 539 651 548 --
687 508 893 569 ὠνητέος
937 512 1025 563 62.

346 597 519 651 -όντων
559 603 612 650 et
644 627 720 635 —
751 595 916 650 οὶντων
955 614 1053 668 pro
1086 629 1160 638 --
1192 597 1389 652 ε’τωσοιν
1429 604 1482 653 et
1516 631 1590 640 —
1624 598 1833 654 οὶτωσοιν
1876 603 2001 655 528.

349 686 567 747 ὁπηνίκοι
607 690 700 746 τῆς
742 685 971 752 ἡμέροις,
1011 693 1102 749 τῆς
1145 686 1320 747 νυκτός
1363 690 1489 740 452.

346 782 690 829 ΟΠΛΗΤΕΣ
729 807 805 842 -7—
846 782 1192 829 ΟΠΑΝΤΕΣ
1239 779 1362 829 195.

341 859 451 916 ὅποι
487 894 562 903 -
597 862 720 917 ὅπου
762 865 889 918 690.

343 952 597 1013 ὁποδαπός
640 955 768 1006 456.

341 1039 521 1094 ὁπόσον
559 1039 835 1105 βούλοντοιι
871 1071 945 1080 ——
976 1040 1155 1094 ὁπόσον
1193 1040 1374 1106 βούλει
1419 1034 1544 1095 744.

343 1128 619 1191 ὁποσουσδή
654 1161 729 1168 —
763 1127 972 1190 ὁπόσους
1014 1127 1076 1182 ἄν
1122 1133 1249 1183 550.

340 1217 493 1271 ὁπότε
536 1218 820 1287 οἶφίςοιιτο,
861 1234 964 1271 non
1006 1218 1240 1287 οέφίςοιτο
1285 1221 1410 1271 451.

339 1306 513 1359 ὁπποῖ’
551 1303 694 1359 οἷσσοι
736 1309 862 1360 276.

340 1397 574 1454 ὁπωποιῖς
607 1425 683 1434 --
714 1391 848 1455 ὅπως
891 1400 1013 1454 ποεῖς
1063 1397 1185 1447 117.

335 1478 470 1543 ὅπως
506 1488 558 1536 et
595 1479 729 1543 ὅπως
768 1484 843 1549 μή
881 1498 1006 1537 cum
1047 1481 1230 1537 futuro
1266 1483 1451 1537 iuncta
1493 1485 1636 1549 266,
1674 1487 1822 1550 491,
1863 1487 1992 1540 617.

335 1567 470 1631 ὅπως
512 1572 788 1625 πείσωντοιι
828 1570 1055 1625 barbare
1094 1588 1190 1643 pro
1229 1572 1492 1627 πείσονται
1534 1580 1586 1628 et
1627 1573 1747 1628 sim.
1792 1576 1936 1640 266,
1979 1576 2102 1628 565.

334 1657 469 1719 ὅπως
511 1677 608 1731 quo
642 1666 794 1730 pacto
835 1660 975 1731 regit
1016 1658 1260 1715 futurum
1306 1663 1430 1715 702.

332 1747 464 1810 ὅπως
506 1755 559 1802 et
597 1745 678 1802 ἵνοι
720 1765 844 1803 cum
887 1748 1180 1803 indicativo
1222 1753 1348 1804 508.

330 1835 464 1898 ὅπως
503 1837 732 1903 βέλτιςοο
757 1880 773 1902 ,
812 1837 947 1899 ὅπως
986 1839 1147 1896 ὤκιςοι
1189 1845 1241 1892 et
1282 1839 1402 1893 Sim.
1449 1842 1593 1894 585.-

331 1923 465 1986 ὅπως
505 1924 675 1989 ἐπέξει
710 1957 783 1967 --
815 1923 945 1987 ὅπσς
987 1924 1142 1995 ἕπέξη
1182 1930 1309 1981 514.

329 2012 462 2076 ὅπως
504 2016 576 2080 μη
616 2013 814 2080 ἄπιμεν
847 2047 922 2055 --
956 2016 1191 2081 οὶπίωμεν
1233 2019 1358 2069 515.

328 2101 462 2164 ὅπως
497 2135 572 2143 --
603 2101 700 2172 ὅτῳ
747 2107 868 2159 124.

329 2190 502 2256 ὅπως;
544 2223 617 2231 —-
658 2194 801 2254 πῶςς
846 2195 931 2246 16.

328 2278 417 2348 ὅροι
458 2279 837 2351 interpolatum
878 2280 933 2332 in
972 2278 1060 2347 ὅροι
1099 2278 1231 2340 ὅπως
1273 2286 1326 2334 et
1375 2280 1493 2334 sim.
1538 2283 1662 2334 618.

329 2371 446 2436 ὁρᾶν
484 2369 674 2422 vitiose
714 2383 809 2439 pro
848 2367 1066 2433 βλέπειν
1111 2371 1235 2422 272.

326 2458 470 2524 ὀρθῶς
514 2454 892 2527 interpolatum
935 2460 1023 2510 88.

321 2542 431 2613 ὅριοι
470 2550 523 2598 et
561 2540 653 2611 ὅροι
695 2544 824 2616 quid
864 2543 1114 2598 differant
1154 2532 1281 2599 574.

327 2634 464 2700 ὅρικὸι
508 2632 668 2700 ζεύγη
706 2664 781 2673 -
818 2635 1051 2697 ἡμιονικὰ
1094 2633 1253 2702 ζεύγη
1298 2636 1423 2688 495.

323 2722 445 2789 ὅρνις
485 2753 561 2762 -
598 2720 748 2788 ὅρνεις
791 2725 918 2775 555.

324 2810 791 2878 ὁρφοινοφύλοικες,
830 2810 1228 2878 εἰρηνοφύλακες
1270 2816 1322 2865 et
1363 2811 1487 2866 sim.
1533 2814 1660 2866 768.

322 2897 673 2966 ὁρχιπεδίζειν.
716 2899 1057 2964 ὠρχιπέδισας
1091 2931 1166 2939 —
1203 2899 1558 2968 ὧρχιπέδησοις
1604 2901 1726 2954 182.

321 2985 629 3055 ὁρωρύξομοιι
663 3016 740 3026 -
770 2984 1014 3053 ὅρύξομοιι
1057 2990 1182 3041 245.

321 3074 373 3136 ὅς
415 3073 613 3129 excidit
653 3077 779 3127 418.

321 3161 372 3224 ὃς
413 3162 476 3217 ὁὲν
511 3194 586 3203 —-
618 3158 740 3216 ὅτοιν
784 3163 909 3216 157.

320 3252 468 3313 ὁσέτη
509 3248 710 3304 -ὅσοι
751 3249 838 3312 ἔτη
880 3257 933 3304 et
973 3250 1092 3304 sim.
1139 3255 1264 3306 747.

322 3338 424 3402 ὅςις
467 3337 538 3402 εἷ,
579 3337 682 3399 ὅςις
725 3340 839 3392 ποτ’
880 3335 954 3401 εἷ,
996 3336 1101 3401 ἥτις
1143 3336 1193 3392 εἶ
1229 3359 1354 3395 ποτε
1402 3346 1523 3397 188.

320 3429 587 3496 ὀςροικίνδοι
628 3427 829 3494 ποιίζειν
871 3430 998 3480 800.
1512 3430 1515 3431 ’

322 3518 486 3583 ὅςρειοι
522 3548 595 3557 —-
631 3514 770 3583 ὅςΡιοι
813 3518 938 3568 494.

320 3606 489 3666 -οσύνη
533 3612 582 3660 et
623 3636 695 3648 —-
735 3603 893 3665 ωσύνη
939 3607 1062 3658 460.
