2436 4068
1056 180 1163 230 5625

138 325 189 377 in
235 324 325 378 tali
367 341 424 379 re
466 322 596 377 hene
638 323 836 378 Graece
869 322 974 377 dici
1018 330 1272 378 constans
1306 320 1417 375 sere
1451 321 1690 375 omnium
1735 338 1866 377 usus
1901 322 2116 378 demon·

134 420 306 467 strat:
362 412 503 483 quod
558 413 808 483 quoniam
865 429 927 466 ex
990 413 1106 483 ipso
1159 410 1479 466 Graecitatis
1542 410 1756 480 ingenio
1813 420 1866 466 et
1921 419 2115 466 natura

134 508 319 573 sponte
359 500 606 571 sequitur
647 501 805 571 pauci
846 498 1064 571 quidam
1108 499 1239 563 loci,
1296 498 1384 552 ubi
1427 497 1527 553 ὑπό
1566 499 1623 552 in
1663 497 1815 552 libris
1854 501 2117 554 accusati-

135 606 260 643 vum
304 587 463 642 hahet
508 605 721 642 summo
760 590 877 643 iure
915 588 1275 658 suspicionem
1322 587 1658 658 corruptelae
1707 595 1940 643 movent.
2020 588 2119 643 Eo·

132 676 253 730 dem
298 676 417 729 inre
452 675 514 728 V.
557 694 631 729 111.
677 681 725 730 7.
779 693 877 748 pro
915 674 1050 735 ὅπως
1089 675 1284 744 βλάψῃ
1326 674 1729 730 rescribendum
1768 682 1849 730 est
1884 675 2114 743 βλάψει.
2148 671 2150 674 ’

133 764 547 835 Nonnumquam
578 763 713 825 ὅπως
745 772 799 819 et
837 762 972 824 ὅπως
1006 763 1080 829 μή
1123 761 1321 816 habent
1360 763 1690 817 coniunctivi
1736 763 1999 818 aoristum
2042 782 2120 819 se·

133 853 355 906 cundum
380 896 395 915 ,
435 850 573 914 ὅπως
607 852 790 920 λάβῃ,
830 851 999 920 λάθῃ,
1038 851 1194 922 ἔλθῃ,
1234 851 1382 919 εἴπῃ,
1420 851 1585 920 λίπῃ,
1635 851 1876 922 ἀποδρᾷ,
1917 853 2022 921 γνῷ
2065 859 2120 907 et

132 942 254 995 sim.
334 941 572 1008 Quorum
620 947 800 995 autem
853 940 1140 994 verborum
1193 940 1428 994 aoristus
1477 939 1682 1010 primus
1741 939 1796 992 in
1858 956 1960 994 usu
2000 946 2118 1004 est,

130 1046 315 1083 eorum
359 1027 542 1084 sutura
597 1028 875 1083 indicativi
915 1045 1038 1082 cum
1080 1025 1214 1089 ὅπως
1257 1033 1311 1081 et
1363 1023 1496 1087 ὅπως
1545 1028 1620 1091 μή
1672 1028 1930 1098 coniungi
1984 1027 2119 1083 sole-

133 1117 279 1171 bant.
359 1119 427 1171 At
469 1116 678 1171 scribae
727 1117 1027 1172 sexcenties
1071 1115 1379 1170 futurorum
1434 1114 1634 1168 formas
1685 1122 1893 1169 mutata
1934 1116 2123 1171 leviter

136 1205 512 1260 terminatione
553 1206 606 1258 in
649 1205 978 1259 coniunctivi
1034 1204 1259 1258 aoristos
1303 1210 1515 1257 mutare
1553 1201 1753 1268 solent,
1806 1203 1870 1258 de
1911 1220 2015 1276 qua
2062 1221 2122 1259 re

134 1295 348 1365 saepius
406 1292 658 1347 diximus,
752 1293 852 1361 Qui
919 1300 1099 1347 autem
1159 1291 1480 1346 stultissime
1537 1287 1672 1352 ὅπως
1733 1291 1927 1360 δώσῃς,
1983 1289 2118 1354 ὅπως

133 1385 315 1451 θήσῃς,
366 1381 500 1444 ὅπως
548 1384 798 1451 ἀφήσῃς,
853 1380 988 1442 ὅπως
1027 1383 1101 1446 μὴ
1151 1381 1302 1448 ἕρῇς,
1358 1376 1492 1439 ὅπως
1547 1380 1621 1444 μὴ
1676 1381 1944 1450 ἀφαιρήσῃ
1991 1380 2119 1437 dare

131 1470 394 1534 assolent,
437 1469 565 1542 quid
605 1487 695 1524 eos
733 1471 787 1524 in
829 1469 963 1531 ὅπως
1001 1470 1265 1532 ποιήσεις,
1308 1464 1442 1528 ὅπως
1483 1469 1696 1533 σώσεις,
1737 1465 1871 1529 ὅπως
1906 1468 2124 1546 βλάψει,

130 1564 186 1612 et
219 1559 341 1613 sim.
385 1566 542 1631 putas
596 1575 713 1613 esse
753 1557 1014 1612 daturos?
1094 1555 1228 1610 Ibid.
1270 1555 1331 1609 V.
1374 1573 1449 1610 111.
1496 1560 1583 1611 15.
1642 1556 1927 1627 legendum
1968 1554 2024 1619 ἦν
2064 1559 2116 1613 δὲ

129 1649 268 1702 οὐδὲ
320 1649 390 1715 τῷ
457 1646 761 1716 Ἀγησιλάῳ
820 1647 1091 1715 ἀχθομένῳ
1143 1650 1357 1710 ταῦτα,
1422 1661 1518 1716 pro
1568 1648 1622 1700 οῦ
1677 1646 1765 1713 τῷ.
1858 1645 2119 1718 Compara

134 1735 221 1789 Vl.
264 1753 331 1789 tv.
381 1742 464 1791 15.
517 1735 869 1802 αἰσθανόμενοι
907 1737 958 1790 δὲ
997 1736 1115 1795 τοὺς
1156 1734 1475 1801 συμμάχους
1517 1732 1721 1794 πάντας
1772 1734 1867 1799 μὲν
1907 1734 2116 1800 ἀθύμως

132 1823 355 1891 ἔχοντας
401 1825 523 1891 πρὸς
568 1826 627 1879 τὸ
666 1825 975 1893 μάχεσθαι,
1029 1823 1103 1880 ἔςι
1146 1825 1189 1877 δ’
1251 1820 1333 1883 οὓς
1385 1824 1554 1877 αὐτῶν
1610 1823 1746 1877 οὐδὲ
1799 1823 2116 1890 ἀχθομένους

131 1914 204 1979 τῷ
258 1912 607 1980 γεγενημένῳ.
688 1912 825 1967 Hinc
875 1912 1035 1965 etiam
1093 1918 1239 2017 patet
1299 1928 1477 1965 veram
1534 1910 1816 1965 lectionem
1867 1927 1984 1965 esse
2025 1910 2116 1964 111.

133 2018 186 2054 n.
233 2003 283 2054 2.
342 2002 493 2055 οὐδὲ
526 2006 616 2055 τοῦ
658 1998 1001 2068 Φαρναβάζου
1042 1999 1180 2054 πάνυ
1214 2021 1264 2054 τι
1304 1999 1609 2067 ἀχθομένου.
1689 1998 1804 2053 lbid
1846 1998 1907 2052 V.
1948 2016 2019 2052 lv.
2065 2003 2114 2053 7.

130 2088 348 2153 ἐξιόντες
389 2090 442 2143 δὲ
480 2086 622 2143 εἶπον
659 2110 750 2151 τῃν
791 2089 940 2156 θύραν
978 2090 1310 2143 κεκλεῖσθαι·
1364 2089 1406 2141 εἰ
1446 2088 1497 2141 δὲ
1538 2090 1798 2155 λήψονται
1851 2087 2115 2155 ἀνεῳγμέ-

128 2200 212 2240 νην
254 2180 540 2240 ἠπείλησαν
580 2179 885 2231 ἀποκτεῖναι
937 2174 1182 2238 α’παντας
1224 2178 1341 2238 τοὺς
1388 2177 1438 2229 ἐν
1489 2184 1553 2244 τῇ
1605 2175 1771 2245 οἰκία,
1818 2174 2112 2230 ridiculum

128 2274 209 2320 cst
259 2266 546 2328 ἠπείλησαν
591 2268 1020 2327 ἀποκτεῖναι,
1077 2281 1403 2335 quamquam
1463 2263 1714 2335 plurimis
1766 2262 1898 2318 locis
1956 2263 2115 2319 Grae·

128 2353 236 2408 culi
290 2355 518 2408 aoristos
576 2353 900 2408 addiderunt
953 2351 1131 2406 verbis
1185 2353 1407 2419 ὄμνυμι,
1467 2354 1846 2420 ὑπισχνοῦμαι,
1887 2352 2117 2421 ἐλπίζω,

128 2445 328 2497 ἀπειλῶ
378 2441 603 2514 aliisque
646 2441 696 2496 id
738 2458 945 2513 genuS,
986 2457 1124 2512 quae
1179 2449 1367 2512 suapte
1409 2449 1601 2494 natura
1643 2439 1888 2494 futurum
1927 2448 2117 2512 postu-

130 2531 279 2595 lant,
327 2539 502 2585 tamen
559 2546 856 2601 numquam
896 2528 1091 2584 efficiet
1150 2529 1375 2584 istorum
1436 2528 1606 2582 sutilis
1659 2530 1993 2594 auctoritas,
2054 2537 2116 2584 ut

128 2619 270 2692 quod
332 2621 445 2674 lieri
490 2637 592 2674 non
633 2620 798 2691 possit
839 2618 1040 2672 sactum
1102 2635 1219 2672 esse
1272 2617 1558 2689 aliquando
1608 2616 1871 2671 videatur.
1950 2617 2114 2673 Dubi-

130 2716 308 2763 tantcr
360 2707 649 2763 admodum
700 2706 1008 2762 Dindorfius
1053 2706 1163 2761 Vll.
1210 2724 1278 2762 ιν.
1337 2712 1421 2760 11.
1479 2706 1531 2759 in
1596 2705 1770 2759 verbis
1828 2706 2112 2772 ὀμόσαντες

126 2798 317 2864 εἰρήνην
355 2798 662 2860 ποιήσασθαι
703 2795 1100 2850 commendavit
1140 2796 1471 2858 ποιήσεσθαι,
1524 2794 1678 2865 quasi
1715 2810 1840 2848 vero
1895 2793 2109 2865 vulgata

127 2886 400 2957 scriptura
444 2884 550 2939 ullo
591 2892 745 2956 pacto
785 2883 996 2938 defendi
1039 2890 1231 2955 posset.
1315 2883 1636 2954 Saepissime
1677 2889 1856 2938 autem
1903 2884 1954 2936 in
1998 2899 2115 2937 ver-

128 2972 209 3027 bis
262 2973 538 3045 liquidatis
579 2973 630 3027 id
677 2989 848 3043 genus
890 2972 1143 3026 vitiorum
1187 2970 1456 3026 committi
1499 2969 1632 3024 solet
1679 2977 1731 3024 et
1768 2970 1969 3036 μένειν,
2011 2971 2111 3039 κρί-

129 3081 254 3123 νειν,
297 3062 510 3126 ἀμύνειν
552 3079 647 3133 pro
684 3068 886 3126 μενεῖν,
939 3069 1117 3127 κρινεῖν
1159 3068 1212 3115 et
1250 3062 1466 3126 ἀμυνεῖν
1526 3059 1726 3130 scripta
1782 3066 2111 3124 occurrunt,

127 3156 182 3203 et
219 3151 457 3217 φαίνειν,
516 3151 828 3217 ἀποφαίνειν
887 3165 981 3220 pro
1019 3156 1207 3217 φανεῖν
1261 3155 1312 3203 et
1357 3150 1689 3216 ἀποφανεῖν,
1752 3153 1805 3200 et
1853 3148 2111 3212 ἀγγέλλω

133 3253 229 3308 pro
278 3238 517 3302 ἀγγελῶ.
613 3237 778 3309 Saepe
832 3238 1151 3291 ἀποκτείνειν
1202 3245 1255 3291 et
1314 3238 1652 3300 ἀποκτενεῖν,
1710 3236 2008 3289 ἀντιτείνειν
2062 3243 2116 3291 et

131 3326 411 3379 ἀντιτενεῑν
457 3334 508 3380 ct
561 3325 757 3380 similia
813 3327 992 3380 omnia
1047 3327 1188 3380 inter
1243 3342 1298 3379 sc
1353 3331 1732 3396 permutantur
1789 3331 1882 3377 aut
1928 3324 2115 3379 aoristi

137 3412 241 3464 illis
288 3411 471 3466 formis
519 3414 962 3477 substituuntur,
1021 3421 1079 3467 ut
1126 3413 1265 3484 apud
1313 3412 1678 3486 Thucydidem
1724 3412 1862 3465 tm
1907 3417 1956 3465 ὅ.
2013 3412 2113 3467 ἐνό-

134 3501 252 3567 μιζε
293 3534 368 3544 -
401 3503 621 3566 βασιλεῖ
662 3502 982 3570 ξυμμάχους
1042 3502 1478 3567 Λακεδαιμονίους
1531 3502 1754 3563 ποιήσειν
1794 3500 1880 3553 καί
1930 3501 2113 3570 Ἀμόρ·

135 3609 231 3651 γῆν
270 3622 336 3631 -—
375 3592 400 3650 55
445 3589 607 3654 ζῶντα
655 3590 795 3652 ,ἕξειν
837 3596 863 3654 ἢ
903 3594 1237 3655 ἀποκτεῖναι,
1279 3590 1368 3643 alii
1411 3589 1757 3650 ἀποκτείνειν,
1799 3587 1889 3641 secl
1925 3605 2112 3647 verum
