2436 4068
0 884 17 936 ··.·
0 573 17 832 ..2⁴»w—*ov-
6 510 10 515 ·

4 2328 23 2510 Ψ»...
4 2174 20 2297 ’,ι-τ*
7 2073 17 2132 2*-

1083 238 1190 288 559

130 390 332 430 annum
369 378 513 440 424,
555 394 660 449 quo
694 379 760 433 ad
802 379 1009 434 Delium
1053 378 1408 434 Athenienses
1460 379 1589 433 victi
1631 385 1774 432 sunt.
1855 376 2107 434 Pluribus

122 464 285 516 etiam
329 462 519 517 Strabo
554 465 644 520 lx.
688 484 737 538 p.
778 471 903 522 403.
946 467 1171 522 Casauh.
1229 469 1280 521 ἐν
1317 467 1369 521 δὲ
1409 473 1476 536 τῇ
1507 466 1651 541 (περ)
1694 464 1905 538 Δήλιον)
1948 470 2100 537 φυγῇ

123 551 352 606 πεσόντος
392 554 493 620 ἀφ’
531 550 690 607 ἵππου
731 556 1035 623 Ξενοφῶντα
1084 556 1195 609 ἰδὼν
1234 556 1462 620 κείμενον
1504 556 1591 610 τὸν
1629 554 1858 623 Γρύλλου
1896 554 2104 626 Σωκρά-

120 659 212 700 της
252 640 276 692 ὁ
318 639 607 707 φιλόσοφος
657 642 891 707 ἀνέλαβε
939 650 1046 702 τοῖς
1097 643 1247 707 ὤμοις
1284 645 1440 697 αὐτὸν
1493 643 1580 697 καὶ
1622 643 1808 698 ἔσωσεν
1850 642 1935 696 ἐπὶ
1979 655 2105 697 πολ-

121 725 242 786 λοὺς
291 726 496 787 ςαδιόυς
550 725 641 788 ἕως
689 729 958 783 ε’ποούσοοτο
1002 715 1242 798 ἧφυγή.
1323 730 1527 784 Bonum
1582 729 1784 786 sactum
1831 729 1973 802 quod
2014 729 2106 784 ha·

123 812 312 868 bemus
352 820 544 868 testem
587 815 864 871 meliorem
905 816 1176 871 oculatum
1201 858 1215 879 ,
1257 818 1349 887 qui
1395 834 1500 887 quo
1547 826 1703 890 pacto
1745 817 1992 873 Socrates
2042 835 2108 873 ex

122 900 212 956 illa
251 901 400 957 clade
457 919 515 957 se
563 905 826 974 receperit
869 905 1188 960 suavissime
1227 911 1415 958 narrat
1451 906 1505 958 in
1548 906 1782 960 Platonis
1826 906 2110 980 Symposio

120 1004 170 1060 p.
208 992 312 1043 221
352 990 413 1044 A.
496 990 794 1045 Alcibiades
830 993 973 1046 enim
1017 993 1159 1065 ipse,
1201 1009 1360 1065 quem
1405 991 1651 1048 Socrates
1689 994 1755 1048 ad
1796 994 2106 1049 Potidaeam

120 1076 463 1132 vulneratum
502 1095 569 1133 ex
606 1079 845 1150 periculo
886 1088 1229 1147 servaverat,
1271 1097 1408 1151 equo
1449 1080 1687 1135 insidens
1731 1080 2004 1136 Socratem
2053 1087 2108 1136 et

120 1164 404 1221 Lachetem
460 1167 750 1222 comitatus
805 1169 859 1222 in
913 1168 1090 1222 locum
1133 1175 1311 1223 tutum
1355 1168 1622 1239 perduxit.
1702 1169 1783 1223 Ex
1836 1168 1937 1223 hoc
1990 1170 2106 1240 ipso

123 1252 361 1307 Platonis
400 1253 514 1308 loco
554 1254 737 1309 hausit
788 1255 1112 1311 Plutarchus
1154 1257 1367 1322 omnia,
1410 1274 1546 1328 quae
1588 1257 1653 1311 de
1703 1256 1892 1311 iisdem
1945 1255 2106 1311 rebus

121 1341 340 1411 scripsit
378 1342 431 1395 in
475 1342 585 1396 vita
622 1342 913 1398 Alcibiadis
949 1361 1064 1415 cap.
1104 1344 1217 1398 Vll.
1260 1351 1469 1399 caetera
1513 1346 1645 1399 satis
1685 1351 1970 1408 accurate,
2015 1342 2108 1398 sed

118 1428 259 1499 quod
298 1429 571 1484 Socratem
618 1430 881 1484 Alcibiadi
922 1439 1107 1486 narrat
1149 1431 1314 1486 fuisse
1354 1438 1469 1486 tum
1511 1433 1757 1496 σύσκηνον
1804 1433 1891 1487 καὶ
1935 1452 2106 1500 ονοοροι-δ

116 1515 283 1578 caim
323 1517 373 1570 ἕν
411 1524 519 1577 τοῖς
558 1519 728 1582 ἀγῶσι
771 1518 1104 1589 negligenter
1143 1526 1194 1574 et
1237 1521 1540 1575 inconsulto
1590 1521 1861 1593 loquitur,
1902 1520 1948 1574 si
1989 1521 2105 1592 qui·

115 1602 238 1658 dem
294 1603 597 1659 Alcibiades
640 1603 858 1661 ἵππευεν
900 1615 952 1662 et
995 1606 1242 1662 Socrates
1287 1609 1601 1673 ὡπλίτευεν,
1645 1615 1704 1663 ut
1741 1625 1827 1663 res
1862 1610 1975 1680 ipsa
2015 1607 2104 1662 do-

117 1698 203 1745 cet
250 1698 305 1746 et
358 1692 593 1746 Platonis
634 1696 874 1749 narratio
914 1695 1215 1750 confirmat.
1299 1695 1401 1751 Sed
1457 1698 1750 1751 minutiora
1802 1695 1933 1751 haec
1975 1703 2103 1750 suut

118 1794 245 1851 prae
312 1780 541 1834 istorum
599 1780 847 1846 levitate,
908 1784 1002 1854 qui
1062 1783 1466 1856 Xenophontem
1536 1791 1655 1839 tum
1716 1792 1971 1855 quartum
2033 1798 2101 1838 an

116 1869 368 1939 quintum
405 1869 597 1922 aetatis
634 1885 836 1924 annum
872 1877 1118 1942 agentem
1158 1873 1210 1926 in
1250 1872 1337 1925 illo
1384 1870 1521 1926 bello
1568 1880 1792 1926 narrant
1826 1887 1961 1943 equo
2005 1889 2101 1944 pu⁶

116 1955 257 2011 blico
311 1958 590 2011 meruisse.
679 1958 760 2012 Ex
810 1976 915 2030 quo
969 1959 1110 2032 apud
1151 1960 1381 2015 Graecos
1419 1976 1604 2015 omnes
1647 1961 1702 2014 in
1744 1959 1943 2016 honore
1983 1975 2099 2014 esse

117 2047 291 2118 coepit
331 2045 420 2099 illa

420 2135 950 2200 πουλυμαθημοσύνη,
989 2143 1084 2199 τῆς
1124 2140 1179 2191 οὗ
1214 2138 1506 2204 κενεώτερον
1539 2136 1709 2199 οὐδέν,

114 2221 283 2276 multa
317 2221 572 2292 figmenta
612 2230 1023 2294 commentaque
1076 2224 1270 2295 cupide
1332 2226 1383 2278 in
1443 2224 1607 2279 libros
1663 2232 1878 2296 recepta
1931 2231 2093 2287 sunt,

113 2326 251 2382 quae
317 2326 489 2382 neque
551 2318 827 2364 auctorem
882 2318 1091 2366 certum
1149 2329 1322 2383 neque
1380 2313 1538 2368 fidem
1597 2311 1761 2387 ullam
1818 2312 2092 2367 baberent.

112 2397 416 2454 Haerebant
472 2399 574 2452 ista
623 2400 960 2470 potissimum
1016 2401 1161 2454 circa
1209 2400 1467 2455 nobilium
1523 2402 1762 2455 virorum
1814 2416 2095 2472 personaS,

111 2487 309 2560 quibus
345 2494 399 2542 et
439 2486 583 2541 dicta
629 2487 798 2542 multa
838 2495 890 2542 et
929 2486 1067 2542 lacta
1114 2495 1317 2543 temere
1363 2488 1792 2559 affingebantur‚
1848 2490 2092 2560 impune·

110 2574 365 2647 quesere
413 2591 473 2629 ea
527 2574 676 2631 fraus
730 2576 930 2630 solebat
982 2578 1249 2631 committi
1302 2577 1552 2648 quoniam
1612 2594 1767 2632 nemo
1819 2593 2092 2648 propemo-

109 2664 237 2718 dum
293 2670 387 2717 aut
435 2662 716 2717 dubitandi
770 2662 1140 2718 salubritatem
1184 2663 1470 2719 adhibebat
1520 2672 1614 2719 aut
1665 2673 1939 2719 auctorem
1981 2664 2090 2717 ido-

112 2768 271 2807 neum
312 2768 373 2805 ac
417 2751 734 2822 locupletem
775 2750 1103 2822 requirebat.
1186 2751 1242 2806 Si
1287 2753 1408 2823 quis
1466 2753 1594 2824 quid
1642 2751 1998 2824 redarguebat
2037 2759 2091 2806 et

105 2842 219 2909 περὶ
261 2839 689 2907 κατεψευσμένης
747 2841 936 2907 ι’ςορίας
986 2839 1356 2894 conscribebat
1396 2839 1629 2912 aliquid,
1683 2857 1876 2913 parum
1932 2839 2086 2911 proli-

8 2916 18 2947 ”
107 2929 283 2983 ciebat
334 2927 474 3000 apud
531 2927 647 2981 illos
693 2928 785 2999 qui
829 2929 992 2982 etiam
1034 2926 1164 2982 salsa
1219 2934 1273 2982 et
1331 2927 1453 2983 ficta
1499 2929 1767 2984 malebant
1819 2928 1884 2983 de
1929 2927 2090 2983 claris

15 3062 19 3089 Ζ
106 3023 160 3070 et
213 3015 515 3071 illustribus
550 3016 682 3069 viris
722 3014 995 3078 lectitare,
1047 3032 1208 3087 quam
1263 3018 1500 3071 contenti
1549 3034 1664 3073 esse
1700 3018 1886 3089 paucis
1942 3016 2083 3078 iltis,

106 3120 244 3177 quae
287 3103 353 3158 ab
405 3104 732 3175 incorruptis
786 3103 1012 3158 testibus
1067 3105 1356 3159 memoriae
1394 3104 1604 3176 prodita
1660 3113 1864 3160 certam
1928 3106 2085 3160 iidem

106 3191 388 3247 habebant.
467 3189 825 3246 Memorabilis
861 3192 912 3245 in
952 3209 1070 3247 eam
1110 3209 1222 3248 rem
1261 3193 1411 3248 locus
1461 3201 1542 3248 est
1581 3194 1721 3266 apud
1767 3195 2084 3265 scriptorem

103 3280 169 3334 de
210 3279 499 3333 Puerorum
555 3279 875 3334 Educatae'one
930 3282 1068 3335 inter
1111 3281 1429 3337 Plutarchea
1475 3282 1560 3337 edi
1616 3283 1834 3337 solitum
1887 3297 2007 3353 pag.
2049 3285 2082 3335 6

104 3367 164 3422 Ε.
220 3368 310 3438 qui
369 3384 534 3439 quum
596 3367 968 3423 Demosthenis
1023 3368 1230 3424 dictum
1287 3370 1554 3442 quoddam
1611 3377 2083 3424 commemorasset

106 3453 346 3510 addidit:
407 3455 711 3511 καὶταῦτα
754 3459 849 3523 μὲν
897 3458 1014 3518 ἴσως
1067 3458 1452 3520 ἀδέσποτός
1500 3461 1575 3517 ἐςι
1620 3458 1731 3513 κοοὶ
1774 3471 2080 3512 πεπλοοσ-

104 3544 270 3610 μένη
319 3543 721 3610 παράδοσις,
777 3547 828 3599 ἐν
880 3546 931 3600 δὲ
977 3547 1046 3614 τῷ
1101 3546 1243 3600 κοοτοὶ
1288 3548 1501 3602 Μειδίου
1554 3549 1646 3608 τὴν
1697 3552 1789 3608 τῆς
1845 3545 2077 3614 σκέψεως

104 3633 360 3701 cla-‘pinam
403 3633 623 3700 ἐναργῶς
662 3634 906 3699 oram-noe
962 3636 1068 3689 κτὲ.
1111 3635 1408 3691 rectissime
1449 3650 1718 3707 opponens
1771 3634 1940 3706 ipsius
1982 3634 2076 3691 De—

1618 3723 1701 3756 30⁴
