2436 4068
1071 186 1176 238 589

115 348 211 403 pro
262 329 458 384 Atticis
506 328 757 395 ζητηταί,
797 330 1051 397 ἐργάται,
1095 338 1382 392 σκαπανεῖς
1420 337 1473 385 et
1510 335 1782 395 λυμεῶνες.
1863 332 1922 386 In
1960 334 2102 388 vasis

120 425 327 473 tantum
370 417 852 487 instrumentisque
892 418 1212 489 quibusdam
1252 418 1608 474 Athenienses
1647 436 1710 473 ea
1750 418 1919 473 forma
1979 428 2098 475 ute-

115 507 311 561 bantur
345 510 404 558 ut
438 504 492 557 in
527 506 748 571 κρατήρ,
791 506 981 573 ζωςῆρ,
1019 508 1245 573 κλυςήρ,
1285 508 1467 575 ῥυτήρ,
1507 508 1752 576 τριπτήρ,
1794 509 2098 576 σφιγκτήρ,

115 593 459 659 ποδανιπτήρ,
501 593 792 659 άντλητήρ,
831 595 1123 660 τροπωτῆρ,
1164 593 1301 649 aliis.

189 681 526 751 Quamquam
580 694 684 731 non
734 684 817 742 est
868 694 1063 748 magno
1118 695 1276 750 opere
1333 681 1639 737 mirandum
1686 681 2094 754 Xenophontem
2147 673 2149 675 ’

115 771 167 823 in
207 774 317 822 tam
359 767 618 820 diuturno
651 765 837 819 exsilio
887 767 940 819 in
983 766 1110 820 Asia
1148 774 1200 820 et
1238 767 1596 839 Peloponneso
1635 772 1840 842 patriae
1877 770 2095 842 linguae

111 856 475 912 sinceritatem
533 852 599 908 ah
639 854 784 907 omni
826 854 1230 925 peregrinitatis
1279 854 1397 909 labe
1438 857 1696 911 intactam
1737 875 1951 913 servare
1989 876 2094 913 non

111 944 382 1017 potuisse,
426 941 506 996 vel
548 947 608 996 ut
658 947 782 995 utar
818 940 995 996 verbis
1036 942 1334 996 notissimis
1371 943 1599 998 Helladii
1643 945 1806 1019 (apud
1842 946 2094 1000 Photium

114 1034 167 1087 in
220 1029 516 1105 Myriobibl.
577 1029 700 1084 Cod.
742 1032 868 1084 279.
925 1045 1045 1101 pag.
1090 1034 1217 1084 553.
1278 1030 1463 1104 Bekk.)
1524 1032 1663 1086 οὐδὲν
1722 1034 1987 1099 θαυμαςὸν
2050 1035 2099 1089 εἴ

110 1141 226 1176 τινα
252 1118 579 1186 παρακόπτει
607 1125 700 1181 τῆς
734 1117 952 1185 πατρίου
991 1122 1164 1186 φωνῆς
1208 1119 1251 1192 (ὁ
1287 1120 1537 1192 Ξενοφῶν)
1580 1121 1702 1188 ἀνὴρ
1742 1122 1794 1174 ἐν
1829 1123 2094 1190 ςρατείαις

112 1207 382 1278 σχολάζων
434 1206 519 1260 καὶ
569 1205 721 1270 ξένων
759 1204 1064 1266 συνουσίαις.
1146 1206 1243 1260 Est
1282 1209 1427 1262 enim
1469 1208 1634 1262 Attici
1675 1210 1939 1263 sermonis
1981 1217 2092 1264 tam

114 1295 387 1352 fastidiosa
428 1295 483 1348 in
524 1294 809 1350 verborum
854 1309 958 1348 usu
1006 1300 1059 1348 et
1098 1291 1308 1349 delectu
1349 1303 1402 1350 et
1443 1295 1614 1351 forma
1653 1302 1708 1351 et
1754 1298 2094 1368 compositi-o-

114 1401 183 1440 ne
221 1383 503 1439 morositas
544 1390 598 1437 et
632 1383 924 1446 sever-itm,
964 1387 1027 1435 ut
1066 1382 1254 1436 multis
1291 1384 1548 1456 exemplis
1581 1391 1788 1439 constet
1830 1402 1948 1439 eam
1995 1384 2095 1439 illi·

110 1472 289 1527 hatam
346 1470 567 1527 retineri
609 1487 714 1525 non
774 1470 1013 1542 potuisse
1059 1469 1126 1524 ab
1166 1472 1266 1536 iis,
1319 1472 1515 1544 quibus
1567 1473 1743 1545 patria
1799 1480 1853 1528 et
1890 1473 2123 1547 civium¹

112 1558 448 1616 sermonibus
488 1558 695 1613 diutius
735 1557 900 1613 suerit
937 1557 1266 1623 carendum,
1305 1566 1358 1615 et
1398 1559 1530 1614 illud

486 1646 903 1715 βεβαρβάρωσαι
940 1646 1136 1715 χρόνιος
1177 1649 1240 1703 ὢν
1281 1649 1331 1702 ἐν
1370 1647 1656 1717 βαρβάροις

109 1735 272 1790 etiam
313 1735 368 1789 in
412 1734 629 1806 linguae
678 1736 914 1808 puritate
963 1751 1067 1790 non
1116 1736 1248 1790 satis
1301 1744 1512 1791 servata
1564 1724 1880 1808 recte‘poni
1921 1753 2095 1808 posse.

110 1822 326 1894 Insigne
374 1822 538 1877 huius
577 1824 655 1878 rei
697 1822 1002 1895 exemplum
1043 1831 1122 1879 est
1159 1825 1212 1878 in
1257 1823 1466 1879 Solonis
1505 1825 1750 1880 versibus
1791 1824 1934 1897 apud
1974 1824 2095 1880 Plu·

111 1909 282 1966 tarch.
324 1910 379 1965 in
422 1909 526 1965 Sol.
570 1928 684 1985 cap.
720 1911 832 1967 XV.
873 1918 927 1966 et
970 1910 1262 1967 Aristidem
1307 1913 1366 1967 T.
1398 1913 1464 1967 ΙΙ.
1506 1930 1558 1985 p.
1595 1917 1722 1969 556.
1763 1912 1921 1969 Dind.

406 2001 631 2061 πολλοὺς
673 2002 715 2055 δ’
755 2001 976 2064 Ἀθήνας
1015 1999 1220 2067 πατρίδ’
1259 2003 1332 2063 εἰς
1366 2001 1620 2057 θεόκτιτον

408 2089 679 2153 ἀνήγαγον
715 2088 1003 2156 πραθέντας
1026 2130 1041 2150 ,
1082 2085 1247 2142 ἄλλον
1285 2089 1491 2151 ἐκδίκως

409 2174 571 2230 ἄλλον
609 2175 844 2240 δικαίως,
883 2208 956 2216 -
994 2180 1245 2240 ’γλῶσσαν
1274 2177 1440 2231 οὐκέτ’
1477 2179 1722 2240 Ἀττικὴν

405 2263 614 2328 ἱέντας,
653 2266 718 2324 ὥς
759 2261 825 2318 ἂν
862 2272 1120 2333 πολλαχῇ
1159 2264 1542 2330 πλανωμένους.

180 2350 292 2406 Non
344 2352 527 2407 minus
578 2351 912 2407 luculentum
979 2351 1283 2424 exemplum
1339 2360 1420 2407 est
1484 2352 1627 2425 apud
1676 2351 2092 2409 Demosthenem

107 2455 224 2512 pag.
270 2444 431 2495 1504.
492 2441 910 2508 Διαβεβλήκασί
954 2461 1053 2506 μου
1106 2441 1192 2495 τὸν
1242 2442 1446 2509 πατέρα
1497 2445 1562 2504 ὥς
1624 2440 1958 2508 ἐξένιζεν,
2015 2439 2091 2514 (id

106 2534 187 2582 est
226 2526 342 2597 ξένῃ
385 2528 638 2597 διαλέκτῳ
669 2530 891 2597 ἐχρῆτο,
931 2536 993 2583 ut
1034 2529 1334 2584 rectissime
1384 2531 1774 2603 interpretatur
1824 2528 2090 2602 Didymus

105 2614 246 2688 apud
300 2615 773 2688 Harpocrationem
816 2633 865 2671 v,
917 2615 1153 2691 Ξενίζειν)
1210 2618 1297 2672 καὶ
1358 2615 1435 2674 ὅτι
1489 2618 1585 2685 μὲν
1632 2619 1791 2680 άλοὺς
1843 2618 1940 2673 ὑπὸ
1990 2623 2090 2672 τῶν

105 2705 363 2771 πολεμίων
404 2705 501 2759 ὑπὸ
548 2707 636 2760 τὸν
688 2707 995 2760 Δεκελεικὸν
1043 2705 1273 2773 πόλεμον
1316 2707 1403 2761 καὶ
1461 2707 1668 2776 πραθεὶς
1714 2708 1785 2767 εἷς
1837 2705 2089 2761 Λευκάδα

103 2794 224 2861 πρὸς
258 2793 378 2854 τοὺς
420 2793 625 2855 οἰκείους
667 2794 823 2856 ἐσώθη
855 2795 994 2862 δεῦρο
1030 2796 1265 2863 πολλοςῷ
1299 2794 1463 2865 χρόνῳ
1509 2795 1992 2863 παραλελοίπασιν,
2034 2802 2088 2850 et

106 2886 220 2953 post
256 2897 456 2954 pauca:
494 2883 601 2936 οὔτ’
632 2883 683 2936 ἐν
717 2890 823 2944 τοῖς
856 2882 1104 2949 δημόταις
1150 2883 1256 2938 οὔτ’
1283 2885 1332 2938 ἐν
1377 2892 1483 2947 τοῖς
1525 2885 1803 2955 φράτερσιν
1844 2883 1951 2937 οὔτ’
1987 2882 2084 2937 άλ-

103 2970 208 3023 λοθι
265 2970 488 3035 οὐδαμοῦ
547 2971 633 3025 τὸν
687 2969 1050 3039 ξενίζοντα
1114 2971 1273 3032 οὐδεὶς
1338 2973 1535 3028 πώποτ’
1583 2971 1837 3043 ᾐτιάσατο
1892 2973 1955 3031 ὡς
2008 2970 2084 3032 εἴη

103 3054 255 3120 ξένος.
350 3057 574 3130 Saepius
617 3059 818 3113 Comici
872 3058 1011 3114 idem
1071 3058 1335 3114 obiiciunt
1386 3061 1453 3115 iis
1515 3078 1648 3133 quos
1700 3061 1753 3114 in
1809 3060 2084 3114 civitatem

104 3143 243 3200 clam
282 3146 560 3219 irrepsisse
618 3147 1015 3212 criminantur,
1076 3153 1133 3202 ut
1173 3147 1472 3221 Hyperbolo
1512 3155 1607 3204 aut
1639 3147 1947 3220 Cleophonti
1972 3190 1984 3211 ,
2027 3147 2083 3200 in

106 3233 262 3288 cuins
322 3236 556 3303 χείλεσιν
616 3234 949 3305 άμφιλάλοις
1010 3236 1205 3305 Θρῃκία
1262 3237 1485 3304 χελιδών
1545 3237 1748 3292 dicitur
1815 3232 2083 3297 insidere,

107 3320 247 3393 apud
284 3322 692 3395 Aristophanem
727 3324 779 3377 in
825 3324 990 3379 Ranis
1018 3341 1096 3379 vs.
1132 3327 1259 3379 680.
1340 3325 1527 3396 Itaque
1566 3342 1633 3380 ne
1671 3326 1723 3378 in
1767 3319 2087 3391 Xenophon-

112 3416 164 3462 te
201 3408 416 3480 quidcm
462 3411 706 3467 mirabile
739 3419 820 3467 est
871 3428 995 3468 eum
1050 3412 1243 3468 Atticis
1276 3413 1454 3468 Ionica
1499 3409 1863 3485 compluscula
1899 3414 1949 3461 et
1985 3407 2083 3462 Do·

114 3498 225 3550 rica
268 3496 562 3554 admiscere
614 3507 666 3554 ct
701 3498 910 3569 ξενίζειν
951 3500 1094 3566 ἔνια,
1137 3501 1227 3556 scd
1274 3509 1448 3557 tamen
1488 3500 1627 3574 apud
1668 3516 1791 3553 cum
1832 3495 2087 3551 nonnulla

115 3591 239 3639 sunt
277 3602 410 3658 quac
468 3587 607 3643 inter
652 3586 936 3659 legendum
992 3588 1131 3645 solco
1189 3589 1405 3654 mirari,
1462 3585 1762 3644 cuiusmodi
1822 3591 1899 3640 est
1957 3587 2091 3645 ἁπη-
