<?xml version="1.0" encoding="UTF-8"?>
<!DOCTYPE html PUBLIC "-//W3C//DTD XHTML 1.0 Transitional//EN"
    "http://www.w3.org/TR/xhtml1/DTD/xhtml1-transitional.dtd">
<html xmlns="http://www.w3.org/1999/xhtml" xml:lang="en" lang="en">
 <head>
  <title>
</title>
<meta http-equiv="Content-Type" content="text/html;charset=utf-8" />
  <meta name='ocr-system' content='tesseract 3.04.00' />
  <meta name='ocr-capabilities' content='ocr_page ocr_carea ocr_par ocr_line ocrx_word'/>
</head>
<body>
  <div class='ocr_page' id='page_1' title='image "./novaelectionesqu00cobeuoft/novaelectionesqu00cobeuoft_0299.png"; bbox 0 0 2436 4068; ppageno 0'>
   <div class='ocr_carea' id='block_1_1' title="bbox 1038 200 1144 251">
    <p class='ocr_par' dir='ltr' id='par_1_1' title="bbox 1038 200 1144 251">
     <span class='ocr_line' id='line_1_1' title="bbox 1038 200 1144 251; baseline 0.009 -1"><span class='ocrx_word' id='word_1_1' title='bbox 1038 200 1144 251; x_wconf 66' lang='lat'>⁹265</span> 
     </span>
    </p>
   </div>
   <div class='ocr_carea' id='block_1_2' title="bbox 92 342 2077 856">
    <p class='ocr_par' dir='ltr' id='par_1_2' title="bbox 92 342 2077 856">
     <span class='ocr_line' id='line_1_2' title="bbox 193 342 2069 413; baseline 0.001 -12"><span class='ocrx_word' id='word_1_2' title='bbox 193 345 411 401; x_wconf 89' lang='lat' dir='ltr'>Inscitia</span> <span class='ocrx_word' id='word_1_3' title='bbox 463 342 843 398; x_wconf 78' lang='lat' dir='ltr'>Graeculorum</span> <span class='ocrx_word' id='word_1_4' title='bbox 907 343 1212 399; x_wconf 82' lang='lat' dir='ltr'>futurorum</span> <span class='ocrx_word' id='word_1_5' title='bbox 1268 343 1466 399; x_wconf 82' lang='lat' dir='ltr'>formas</span> <span class='ocrx_word' id='word_1_6' title='bbox 1519 345 1572 398; x_wconf 95' lang='lat' dir='ltr'>in</span> <span class='ocrx_word' id='word_1_7' title='bbox 1619 366 1725 399; x_wconf 88' lang='grc' dir='ltr'>-σω</span> <span class='ocrx_word' id='word_1_8' title='bbox 1767 352 1820 401; x_wconf 92' lang='lat' dir='ltr'>et</span> <span class='ocrx_word' id='word_1_9' title='bbox 1877 368 2069 413; x_wconf 90' lang='grc' dir='ltr'><strong><em>-σομαι</em></strong></span> 
     </span>
     <span class='ocr_line' id='line_1_3' title="bbox 98 431 2071 490; baseline 0 0"><span class='ocrx_word' id='word_1_10' title='bbox 98 439 350 490; x_wconf 81' lang='lat' dir='ltr'>exeuntes</span> <span class='ocrx_word' id='word_1_11' title='bbox 390 431 834 486; x_wconf 81' lang='lat' dir='ltr'>confundentium</span> <span class='ocrx_word' id='word_1_12' title='bbox 877 438 930 486; x_wconf 93' lang='lat' dir='ltr'>et</span> <span class='ocrx_word' id='word_1_13' title='bbox 969 432 1094 487; x_wconf 90' lang='lat' dir='ltr'>inde</span> <span class='ocrx_word' id='word_1_14' title='bbox 1130 439 1255 488; x_wconf 88' lang='lat' dir='ltr'>nata</span> <span class='ocrx_word' id='word_1_15' title='bbox 1311 432 1569 487; x_wconf 89' lang='lat' dir='ltr'>librorum</span> <span class='ocrx_word' id='word_1_16' title='bbox 1609 432 1863 489; x_wconf 88' lang='lat' dir='ltr'>Veterum</span> <span class='ocrx_word' id='word_1_17' title='bbox 1906 435 2071 490; x_wconf 89' lang='lat' dir='ltr'>inter-</span> 
     </span>
     <span class='ocr_line' id='line_1_4' title="bbox 95 518 2074 593; baseline 0.001 -18"><span class='ocrx_word' id='word_1_18' title='bbox 95 521 291 593; x_wconf 88' lang='lat' dir='ltr'>polatio</span> <span class='ocrx_word' id='word_1_19' title='bbox 345 518 654 590; x_wconf 84' lang='lat' dir='ltr'>frequenter</span> <span class='ocrx_word' id='word_1_20' title='bbox 706 527 926 591; x_wconf 85' lang='lat' dir='ltr'>apparet</span> <span class='ocrx_word' id='word_1_21' title='bbox 974 521 1027 572; x_wconf 93' lang='lat' dir='ltr'>in</span> <span class='ocrx_word' id='word_1_22' title='bbox 1080 519 1263 575; x_wconf 82' lang='lat' dir='ltr'>futuro</span> <span class='ocrx_word' id='word_1_23' title='bbox 1314 522 1462 577; x_wconf 83' lang='lat' dir='ltr'>verbi</span> <span class='ocrx_word' id='word_1_24' title='bbox 1510 520 1760 576; x_wconf 81' lang='grc' dir='ltr'><strong><em>λανθάνω.</em></strong></span> <span class='ocrx_word' id='word_1_25' title='bbox 1855 522 2074 577; x_wconf 87' lang='lat' dir='ltr'><strong>Videbis</strong></span> 
     </span>
     <span class='ocr_line' id='line_1_5' title="bbox 96 608 2075 682; baseline 0.001 -20"><span class='ocrx_word' id='word_1_26' title='bbox 96 608 315 663; x_wconf 82' lang='lat' dir='ltr'><strong>Veteres</strong></span> <span class='ocrx_word' id='word_1_27' title='bbox 368 624 552 662; x_wconf 90' lang='lat' dir='ltr'>omnes</span> <span class='ocrx_word' id='word_1_28' title='bbox 603 624 816 662; x_wconf 87' lang='lat' dir='ltr'>summa</span> <span class='ocrx_word' id='word_1_29' title='bbox 874 608 1175 661; x_wconf 89' lang='lat' dir='ltr'>constantia</span> <span class='ocrx_word' id='word_1_30' title='bbox 1233 608 1432 679; x_wconf 89' lang='lat' dir='ltr'>ubique</span> <span class='ocrx_word' id='word_1_31' title='bbox 1488 611 1627 673; x_wconf 81' lang='grc' dir='ltr'><strong><em>λήσω</em></strong></span> <span class='ocrx_word' id='word_1_32' title='bbox 1689 609 1921 664; x_wconf 86' lang='lat' dir='ltr'>scribere</span> <span class='ocrx_word' id='word_1_33' title='bbox 1978 627 2075 682; x_wconf 83' lang='lat' dir='ltr'>pro</span> 
     </span>
     <span class='ocr_line' id='line_1_6' title="bbox 94 694 2074 767; baseline 0.001 -16"><span class='ocrx_word' id='word_1_34' title='bbox 94 696 295 751; x_wconf 72' lang='lat' dir='ltr'>latebo:</span> <span class='ocrx_word' id='word_1_35' title='bbox 352 698 407 750; x_wconf 83' lang='grc' dir='ltr'><strong><em>οὐ</em></strong></span> <span class='ocrx_word' id='word_1_36' title='bbox 464 698 638 758; x_wconf 79' lang='grc' dir='ltr'><strong><em>λήσεις</em></strong></span> <span class='ocrx_word' id='word_1_37' title='bbox 694 696 746 750; x_wconf 78' lang='grc' dir='ltr'>δὲ</span> <span class='ocrx_word' id='word_1_38' title='bbox 786 696 963 759; x_wconf 80' lang='grc' dir='ltr'><strong><em>θεούς,</em></strong></span> <span class='ocrx_word' id='word_1_39' title='bbox 1014 694 1210 756; x_wconf 83' lang='grc' dir='ltr'><strong><em>ἐδόκεες</em></strong></span> <span class='ocrx_word' id='word_1_40' title='bbox 1270 698 1407 757; x_wconf 85' lang='grc' dir='ltr'><strong><em>θεοὺς</em></strong></span> <span class='ocrx_word' id='word_1_41' title='bbox 1460 699 1635 760; x_wconf 79' lang='grc' dir='ltr'><em>λήσειν</em></span> <span class='ocrx_word' id='word_1_42' title='bbox 1684 694 1767 751; x_wconf 76' lang='grc' dir='ltr'>οἶα</span> <span class='ocrx_word' id='word_1_43' title='bbox 1824 700 2074 767; x_wconf 79' lang='grc' dir='ltr'><strong><em>ἐμηχανῶ</em></strong></span> 
     </span>
     <span class='ocr_line' id='line_1_7' title="bbox 92 782 2077 856; baseline 0.002 -18"><span class='ocrx_word' id='word_1_44' title='bbox 92 783 228 839; x_wconf 82' lang='lat' dir='ltr'><strong>dixit</strong></span> <span class='ocrx_word' id='word_1_45' title='bbox 266 782 564 838; x_wconf 85' lang='lat' dir='ltr'>Herodotus</span> <span class='ocrx_word' id='word_1_46' title='bbox 585 782 722 837; x_wconf 84' lang='lat' dir='ltr'>vlu.</span> <span class='ocrx_word' id='word_1_47' title='bbox 751 785 882 846; x_wconf 87' lang='lat'><strong>106,</strong></span> <span class='ocrx_word' id='word_1_48' title='bbox 923 789 976 837; x_wconf 93' lang='lat' dir='ltr'>et</span> <span class='ocrx_word' id='word_1_49' title='bbox 997 783 1294 838; x_wconf 86' lang='lat' dir='ltr'>sexcenties</span> <span class='ocrx_word' id='word_1_50' title='bbox 1327 800 1451 837; x_wconf 92' lang='lat' dir='ltr'>cum</span> <span class='ocrx_word' id='word_1_51' title='bbox 1490 785 1773 856; x_wconf 85' lang='lat' dir='ltr'>participio</span> <span class='ocrx_word' id='word_1_52' title='bbox 1809 789 1863 841; x_wconf 78' lang='grc' dir='ltr'><strong><em>οὐ</em></strong></span> <span class='ocrx_word' id='word_1_53' title='bbox 1897 789 2077 851; x_wconf 81' lang='grc' dir='ltr'><strong><em>λήσεις</em></strong></span> 
     </span>
    </p>
   </div>
   <div class='ocr_carea' id='block_1_3' title="bbox 0 869 2075 941">
    <p class='ocr_par' dir='ltr' id='par_1_3' title="bbox 0 869 2075 941">
     <span class='ocr_line' id='line_1_8' title="bbox 0 869 2075 941; baseline 0.001 -14"><span class='ocrx_word' id='word_1_54' title='bbox 0 879 2 882; x_wconf 76' lang='grc'>’</span> <span class='ocrx_word' id='word_1_55' title='bbox 89 877 239 927; x_wconf 83' lang='grc' dir='ltr'><strong><em>τοῦτο</em></strong></span> <span class='ocrx_word' id='word_1_56' title='bbox 296 872 432 939; x_wconf 81' lang='grc' dir='ltr'><strong><em>δρῶν.</em></strong></span> <span class='ocrx_word' id='word_1_57' title='bbox 522 870 718 925; x_wconf 85' lang='lat' dir='ltr'>Contra</span> <span class='ocrx_word' id='word_1_58' title='bbox 768 873 996 936; x_wconf 82' lang='grc' dir='ltr'><strong><em>λήσομαι</em></strong></span> <span class='ocrx_word' id='word_1_59' title='bbox 1050 869 1192 941; x_wconf 81' lang='lat' dir='ltr'>apud</span> <span class='ocrx_word' id='word_1_60' title='bbox 1245 871 1653 941; x_wconf 88' lang='lat' dir='ltr'>antiquissimos</span> <span class='ocrx_word' id='word_1_61' title='bbox 1713 873 1941 929; x_wconf 88' lang='lat' dir='ltr'>Graecos</span> <span class='ocrx_word' id='word_1_62' title='bbox 1992 882 2075 930; x_wconf 87' lang='lat' dir='ltr'>est</span> 
     </span>
    </p>
   </div>
   <div class='ocr_carea' id='block_1_4' title="bbox 22 957 2146 2264">
    <p class='ocr_par' dir='ltr' id='par_1_4' title="bbox 22 957 2146 2264">
     <span class='ocr_line' id='line_1_9' title="bbox 90 957 2075 1030; baseline 0.003 -17"><span class='ocrx_word' id='word_1_63' title='bbox 90 959 404 1015; x_wconf 78' lang='lat' dir='ltr'>obliviscar:</span> <span class='ocrx_word' id='word_1_64' title='bbox 446 958 840 1030; x_wconf 89' lang='lat' dir='ltr'>namqueolim</span> <span class='ocrx_word' id='word_1_65' title='bbox 881 957 1114 1030; x_wconf 86' lang='lat' dir='ltr'>simplici</span> <span class='ocrx_word' id='word_1_66' title='bbox 1155 957 1316 1011; x_wconf 89' lang='lat' dir='ltr'>verbo</span> <span class='ocrx_word' id='word_1_67' title='bbox 1375 957 1694 1024; x_wconf 71' lang='grc' dir='ltr'><strong><em>λανθανομαι</em></strong></span> <span class='ocrx_word' id='word_1_68' title='bbox 1748 962 2075 1027; x_wconf 88' lang='lat' dir='ltr'>utebantur,</span> 
     </span>
     <span class='ocr_line' id='line_1_10' title="bbox 90 1047 2075 1122; baseline 0.002 -20"><span class='ocrx_word' id='word_1_69' title='bbox 90 1047 248 1121; x_wconf 85' lang='lat' dir='ltr'>paulo</span> <span class='ocrx_word' id='word_1_70' title='bbox 286 1048 468 1101; x_wconf 90' lang='lat' dir='ltr'>minus</span> <span class='ocrx_word' id='word_1_71' title='bbox 506 1047 715 1118; x_wconf 76' lang='lat' dir='ltr'>antiqui</span> <span class='ocrx_word' id='word_1_72' title='bbox 751 1054 805 1102; x_wconf 93' lang='lat' dir='ltr'>et</span> <span class='ocrx_word' id='word_1_73' title='bbox 839 1048 1004 1102; x_wconf 84' lang='lat' dir='ltr'>Attici</span> <span class='ocrx_word' id='word_1_74' title='bbox 1046 1063 1232 1100; x_wconf 91' lang='lat' dir='ltr'>omnes</span> <span class='ocrx_word' id='word_1_75' title='bbox 1270 1063 1474 1116; x_wconf 81' lang='lat' dir='ltr'>semper</span> <span class='ocrx_word' id='word_1_76' title='bbox 1514 1054 1745 1102; x_wconf 87' lang='lat' dir='ltr'>utuntur</span> <span class='ocrx_word' id='word_1_77' title='bbox 1783 1052 2075 1122; x_wconf 89' lang='lat' dir='ltr'>composito</span> 
     </span>
     <span class='ocr_line' id='line_1_11' title="bbox 89 1134 2075 1201; baseline 0.002 -11"><span class='ocrx_word' id='word_1_78' title='bbox 89 1134 497 1200; x_wconf 70' lang='grc' dir='ltr'><strong><em>ἐπιλανθάνομαι</em></strong></span> <span class='ocrx_word' id='word_1_79' title='bbox 521 1175 537 1199; x_wconf 90' lang='grc'><strong><em>,</em></strong></span> <span class='ocrx_word' id='word_1_80' title='bbox 574 1136 919 1201; x_wconf 83' lang='grc' dir='ltr'><strong><em>ἐπιλήσομαι,</em></strong></span> <span class='ocrx_word' id='word_1_81' title='bbox 973 1134 1116 1190; x_wconf 85' lang='lat' dir='ltr'>unde</span> <span class='ocrx_word' id='word_1_82' title='bbox 1167 1135 1468 1200; x_wconf 80' lang='grc' dir='ltr'><strong><em>ἐπιλήσμων</em></strong></span> <span class='ocrx_word' id='word_1_83' title='bbox 1517 1142 1704 1189; x_wconf 86' lang='lat' dir='ltr'>natum</span> <span class='ocrx_word' id='word_1_84' title='bbox 1764 1144 1861 1192; x_wconf 86' lang='lat' dir='ltr'>est.</span> <span class='ocrx_word' id='word_1_85' title='bbox 1941 1138 2075 1194; x_wconf 85' lang='lat' dir='ltr'>Nota</span> 
     </span>
     <span class='ocr_line' id='line_1_12' title="bbox 24 1221 2074 1290; baseline 0 -11"><span class='ocrx_word' id='word_1_86' title='bbox 24 1247 25 1250; x_wconf 46' lang='lat'>¹</span> <span class='ocrx_word' id='word_1_87' title='bbox 89 1230 219 1279; x_wconf 75' lang='grc'><strong>811111,</strong></span> <span class='ocrx_word' id='word_1_88' title='bbox 252 1223 567 1278; x_wconf 84' lang='lat' dir='ltr'>Homerica:</span> <span class='ocrx_word' id='word_1_89' title='bbox 620 1222 806 1277; x_wconf 84' lang='grc' dir='ltr'><strong><em>οὔποτε</em></strong></span> <span class='ocrx_word' id='word_1_90' title='bbox 846 1225 1074 1289; x_wconf 87' lang='grc' dir='ltr'><strong><em>λήσομαι</em></strong></span> <span class='ocrx_word' id='word_1_91' title='bbox 1128 1225 1296 1277; x_wconf 79' lang='grc' dir='ltr'><strong><em>αὐτῶν</em></strong></span> <span class='ocrx_word' id='word_1_92' title='bbox 1350 1230 1404 1277; x_wconf 86' lang='lat' dir='ltr'>et</span> <span class='ocrx_word' id='word_1_93' title='bbox 1444 1226 1534 1278; x_wconf 83' lang='grc' dir='ltr'>οὐκ</span> <span class='ocrx_word' id='word_1_94' title='bbox 1578 1221 1660 1290; x_wconf 73' lang='grc' dir='ltr'>ἄρ’</span> <span class='ocrx_word' id='word_1_95' title='bbox 1700 1223 1922 1289; x_wconf 81' lang='grc' dir='ltr'><strong><em>ἔμελλες</em></strong></span> <span class='ocrx_word' id='word_1_96' title='bbox 1963 1228 2074 1281; x_wconf 81' lang='grc' dir='ltr'><strong><em>οὐδὲ</em></strong></span> 
     </span>
     <span class='ocr_line' id='line_1_13' title="bbox 89 1310 2077 1382; baseline 0 -15"><span class='ocrx_word' id='word_1_97' title='bbox 89 1311 244 1367; x_wconf 74' lang='grc' dir='ltr'><strong><em>θανὼν</em></strong></span> <span class='ocrx_word' id='word_1_98' title='bbox 293 1313 541 1375; x_wconf 84' lang='grc' dir='ltr'><strong><em>λήσεσθαι</em></strong></span> <span class='ocrx_word' id='word_1_99' title='bbox 595 1310 707 1376; x_wconf 83' lang='grc' dir='ltr'><strong><em>ἐμοὶ</em></strong></span> <span class='ocrx_word' id='word_1_100' title='bbox 747 1310 928 1380; x_wconf 80' lang='grc' dir='ltr'><strong><em>χόλου.</em></strong></span> <span class='ocrx_word' id='word_1_101' title='bbox 1010 1313 1198 1366; x_wconf 90' lang='lat' dir='ltr'>Postea</span> <span class='ocrx_word' id='word_1_102' title='bbox 1255 1310 1516 1382; x_wconf 87' lang='lat' dir='ltr'>simplicis</span> <span class='ocrx_word' id='word_1_103' title='bbox 1570 1311 1719 1367; x_wconf 90' lang='lat' dir='ltr'>verbi</span> <span class='ocrx_word' id='word_1_104' title='bbox 1769 1329 1926 1367; x_wconf 89' lang='lat' dir='ltr'>usum</span> <span class='ocrx_word' id='word_1_105' title='bbox 1978 1313 2077 1368; x_wconf 92' lang='lat' dir='ltr'>soli</span> 
     </span>
     <span class='ocr_line' id='line_1_14' title="bbox 89 1399 2074 1472; baseline 0.002 -20"><span class='ocrx_word' id='word_1_106' title='bbox 89 1406 276 1471; x_wconf 75' lang='lat' dir='ltr'>poetae</span> <span class='ocrx_word' id='word_1_107' title='bbox 315 1399 695 1463; x_wconf 88' lang='lat' dir='ltr'>retinuerunt,</span> <span class='ocrx_word' id='word_1_108' title='bbox 739 1400 966 1471; x_wconf 89' lang='lat' dir='ltr'>populus</span> <span class='ocrx_word' id='word_1_109' title='bbox 1002 1406 1055 1454; x_wconf 92' lang='lat' dir='ltr'>et</span> <span class='ocrx_word' id='word_1_110' title='bbox 1083 1399 1284 1454; x_wconf 89' lang='lat' dir='ltr'>Comici</span> <span class='ocrx_word' id='word_1_111' title='bbox 1319 1415 1423 1453; x_wconf 92' lang='lat' dir='ltr'>non</span> <span class='ocrx_word' id='word_1_112' title='bbox 1466 1399 1623 1454; x_wconf 88' lang='lat' dir='ltr'>aliter</span> <span class='ocrx_word' id='word_1_113' title='bbox 1661 1417 1821 1472; x_wconf 91' lang='lat' dir='ltr'>quam</span> <span class='ocrx_word' id='word_1_114' title='bbox 1860 1403 2074 1456; x_wconf 82' lang='grc' dir='ltr'><strong><em>ἐπιλαν-</em></strong></span> 
     </span>
     <span class='ocr_line' id='line_1_15' title="bbox 22 1486 2146 1563; baseline 0 -20"><span class='ocrx_word' id='word_1_115' title='bbox 22 1501 34 1563; x_wconf 59' lang='grc' dir='ltr'><em>ῖ</em></span> <span class='ocrx_word' id='word_1_116' title='bbox 87 1487 325 1543; x_wconf 75' lang='grc' dir='ltr'><strong><em>θάνεσθαι</em></strong></span> <span class='ocrx_word' id='word_1_117' title='bbox 380 1486 643 1542; x_wconf 82' lang='lat' dir='ltr'>dicebant.</span> <span class='ocrx_word' id='word_1_118' title='bbox 725 1487 924 1543; x_wconf 89' lang='lat' dir='ltr'>Eadem</span> <span class='ocrx_word' id='word_1_119' title='bbox 981 1489 1118 1542; x_wconf 91' lang='lat' dir='ltr'>ratio</span> <span class='ocrx_word' id='word_1_120' title='bbox 1171 1487 1467 1542; x_wconf 86' lang='lat' dir='ltr'>multorum</span> <span class='ocrx_word' id='word_1_121' title='bbox 1513 1487 1800 1543; x_wconf 86' lang='lat' dir='ltr'>verborum</span> <span class='ocrx_word' id='word_1_122' title='bbox 1840 1496 1958 1554; x_wconf 89' lang='lat' dir='ltr'>est,</span> <span class='ocrx_word' id='word_1_123' title='bbox 2012 1497 2072 1544; x_wconf 91' lang='lat' dir='ltr'>ut</span> <span class='ocrx_word' id='word_1_124' title='bbox 2144 1528 2146 1530; x_wconf 85' lang='lat'><em>-</em></span> 
     </span>
     <span class='ocr_line' id='line_1_16' title="bbox 86 1574 2070 1648; baseline 0.002 -19"><span class='ocrx_word' id='word_1_125' title='bbox 86 1574 288 1630; x_wconf 74' lang='lat' dir='ltr'>formae</span> <span class='ocrx_word' id='word_1_126' title='bbox 325 1574 596 1647; x_wconf 85' lang='lat' dir='ltr'>simplices</span> <span class='ocrx_word' id='word_1_127' title='bbox 634 1575 776 1647; x_wconf 88' lang='lat' dir='ltr'>apud</span> <span class='ocrx_word' id='word_1_128' title='bbox 830 1575 968 1630; x_wconf 94' lang='lat' dir='ltr'>solos</span> <span class='ocrx_word' id='word_1_129' title='bbox 1023 1577 1355 1648; x_wconf 85' lang='lat' dir='ltr'>antiquiores</span> <span class='ocrx_word' id='word_1_130' title='bbox 1408 1577 1461 1630; x_wconf 90' lang='lat' dir='ltr'>in</span> <span class='ocrx_word' id='word_1_131' title='bbox 1504 1594 1604 1631; x_wconf 92' lang='lat' dir='ltr'>usu</span> <span class='ocrx_word' id='word_1_132' title='bbox 1647 1577 1756 1631; x_wconf 90' lang='lat' dir='ltr'>sint</span> <span class='ocrx_word' id='word_1_133' title='bbox 1794 1584 1847 1632; x_wconf 87' lang='lat' dir='ltr'>et</span> <span class='ocrx_word' id='word_1_134' title='bbox 1887 1579 2070 1633; x_wconf 92' lang='lat' dir='ltr'>minus</span> 
     </span>
     <span class='ocr_line' id='line_1_17' title="bbox 84 1647 2074 1735; baseline 0.001 -16"><span class='ocrx_word' id='word_1_135' title='bbox 84 1671 292 1719; x_wconf 78' lang='lat' dir='ltr'>veteres</span> <span class='ocrx_word' id='word_1_136' title='bbox 345 1664 656 1735; x_wconf 85' lang='lat' dir='ltr'>compositis</span> <span class='ocrx_word' id='word_1_137' title='bbox 714 1663 842 1717; x_wconf 91' lang='lat' dir='ltr'>solis</span> <span class='ocrx_word' id='word_1_138' title='bbox 907 1671 1147 1718; x_wconf 91' lang='lat' dir='ltr'>utantur.</span> <span class='ocrx_word' id='word_1_139' title='bbox 1232 1647 1475 1731; x_wconf 79' lang='grc' dir='ltr'><strong><em>”ὸλλυμι</em></strong></span> <span class='ocrx_word' id='word_1_140' title='bbox 1525 1665 1650 1719; x_wconf 91' lang='lat' dir='ltr'>olim</span> <span class='ocrx_word' id='word_1_141' title='bbox 1716 1664 1964 1721; x_wconf 83' lang='lat' dir='ltr'>dicebant</span> <span class='ocrx_word' id='word_1_142' title='bbox 2019 1673 2074 1721; x_wconf 90' lang='lat' dir='ltr'>et</span> 
     </span>
     <span class='ocr_line' id='line_1_18' title="bbox 84 1751 2072 1824; baseline 0.003 -18"><span class='ocrx_word' id='word_1_143' title='bbox 84 1751 283 1818; x_wconf 74' lang='grc' dir='ltr'><strong><em>ἅγνυμι</em></strong></span> <span class='ocrx_word' id='word_1_144' title='bbox 313 1758 369 1807; x_wconf 84' lang='lat' dir='ltr'>et</span> <span class='ocrx_word' id='word_1_145' title='bbox 399 1753 622 1817; x_wconf 82' lang='grc' dir='ltr'><strong><em>θνήσκω,</em></strong></span> <span class='ocrx_word' id='word_1_146' title='bbox 665 1753 869 1815; x_wconf 83' lang='grc' dir='ltr'><strong><em>κτείνω,</em></strong></span> <span class='ocrx_word' id='word_1_147' title='bbox 908 1754 1116 1821; x_wconf 75' lang='grc' dir='ltr'><strong><em>φθείρωε</em></strong></span> <span class='ocrx_word' id='word_1_148' title='bbox 1159 1760 1340 1824; x_wconf 86' lang='lat' dir='ltr'>postea</span> <span class='ocrx_word' id='word_1_149' title='bbox 1377 1754 1648 1821; x_wconf 83' lang='grc' dir='ltr'><strong><em>ἀπόλλυμι</em></strong></span> <span class='ocrx_word' id='word_1_150' title='bbox 1690 1761 1782 1808; x_wconf 83' lang='lat' dir='ltr'>aut</span> <span class='ocrx_word' id='word_1_151' title='bbox 1821 1754 2072 1821; x_wconf 78' lang='grc' dir='ltr'><strong><em>ἑξόλλυμι</em></strong></span> 
     </span>
     <span class='ocr_line' id='line_1_19' title="bbox 85 1839 2073 1915; baseline 0.002 -20"><span class='ocrx_word' id='word_1_152' title='bbox 85 1847 377 1912; x_wconf 85' lang='lat' dir='ltr'>coeperunt</span> <span class='ocrx_word' id='word_1_153' title='bbox 410 1839 619 1903; x_wconf 90' lang='lat' dir='ltr'>dicere,</span> <span class='ocrx_word' id='word_1_154' title='bbox 659 1847 712 1894; x_wconf 92' lang='lat' dir='ltr'>et</span> <span class='ocrx_word' id='word_1_155' title='bbox 751 1840 1055 1907; x_wconf 71' lang='grc' dir='ltr'><strong><em>καταγνυμι</em></strong></span> <span class='ocrx_word' id='word_1_156' title='bbox 1107 1842 1311 1915; x_wconf 89' lang='lat' dir='ltr'>(itaque</span> <span class='ocrx_word' id='word_1_157' title='bbox 1350 1849 1505 1895; x_wconf 88' lang='lat' dir='ltr'>vetus</span> <span class='ocrx_word' id='word_1_158' title='bbox 1547 1859 1736 1897; x_wconf 88' lang='lat' dir='ltr'>nomen</span> <span class='ocrx_word' id='word_1_159' title='bbox 1789 1851 1870 1898; x_wconf 89' lang='lat' dir='ltr'>est</span> <span class='ocrx_word' id='word_1_160' title='bbox 1911 1844 2073 1898; x_wconf 87' lang='lat' dir='ltr'>Laco-</span> 
     </span>
     <span class='ocr_line' id='line_1_20' title="bbox 87 1928 2073 2000; baseline 0.003 -18"><span class='ocrx_word' id='word_1_161' title='bbox 87 1930 270 1984; x_wconf 89' lang='lat' dir='ltr'>nicum</span> <span class='ocrx_word' id='word_1_162' title='bbox 323 1928 753 1996; x_wconf 81' lang='grc' dir='ltr'><strong><em>μουκηροβάκτας</em></strong></span> <span class='ocrx_word' id='word_1_163' title='bbox 800 1928 1330 2000; x_wconf 63' lang='grc' dir='ltr'><strong><em>πυοίῙναηρίὸυἰαηι,</em></strong></span> <span class='ocrx_word' id='word_1_164' title='bbox 1387 1931 1568 1984; x_wconf 90' lang='lat' dir='ltr'>minus</span> <span class='ocrx_word' id='word_1_165' title='bbox 1620 1938 1773 1985; x_wconf 86' lang='lat' dir='ltr'>vetus</span> <span class='ocrx_word' id='word_1_166' title='bbox 1833 1932 2073 1987; x_wconf 88' lang='lat' dir='ltr'>Atticum</span> 
     </span>
     <span class='ocr_line' id='line_1_21' title="bbox 85 2016 2075 2088; baseline 0.002 -17"><span class='ocrx_word' id='word_1_167' title='bbox 85 2016 532 2088; x_wconf 71' lang='grc' dir='ltr'><strong><em>καρυοκατάκτης)</em></strong></span> <span class='ocrx_word' id='word_1_168' title='bbox 572 2023 626 2071; x_wconf 85' lang='lat' dir='ltr'>et</span> <span class='ocrx_word' id='word_1_169' title='bbox 677 2018 1013 2080; x_wconf 73' lang='grc' dir='ltr'><strong><em>ἀποθνήσκω,</em></strong></span> <span class='ocrx_word' id='word_1_170' title='bbox 1069 2018 1390 2082; x_wconf 70' lang='grc' dir='ltr'><strong><em>ἀποκτείνω,</em></strong></span> <span class='ocrx_word' id='word_1_171' title='bbox 1442 2019 1732 2088; x_wconf 78' lang='grc' dir='ltr'><strong><em>διαφθείρω.</em></strong></span> <span class='ocrx_word' id='word_1_172' title='bbox 1828 2019 1934 2074; x_wconf 87' lang='lat' dir='ltr'>Soli</span> <span class='ocrx_word' id='word_1_173' title='bbox 1977 2020 2075 2076; x_wconf 84' lang='lat' dir='ltr'>Ve-</span> 
     </span>
     <span class='ocr_line' id='line_1_22' title="bbox 88 2104 2070 2177; baseline 0.003 -18"><span class='ocrx_word' id='word_1_174' title='bbox 88 2112 231 2160; x_wconf 87' lang='lat' dir='ltr'>teres</span> <span class='ocrx_word' id='word_1_175' title='bbox 262 2104 517 2159; x_wconf 83' lang='lat' dir='ltr'>dixerunt</span> <span class='ocrx_word' id='word_1_176' title='bbox 556 2107 735 2169; x_wconf 80' lang='grc' dir='ltr'><strong><em>δῦναι,</em></strong></span> <span class='ocrx_word' id='word_1_177' title='bbox 789 2113 969 2176; x_wconf 84' lang='lat' dir='ltr'>postea</span> <span class='ocrx_word' id='word_1_178' title='bbox 1021 2106 1309 2159; x_wconf 81' lang='grc' dir='ltr'><strong><em>καταδῦναι</em></strong></span> <span class='ocrx_word' id='word_1_179' title='bbox 1351 2113 1468 2160; x_wconf 86' lang='lat' dir='ltr'>erat</span> <span class='ocrx_word' id='word_1_180' title='bbox 1523 2107 1804 2160; x_wconf 85' lang='lat' dir='ltr'>usitatum.</span> <span class='ocrx_word' id='word_1_181' title='bbox 1884 2108 2070 2177; x_wconf 75' lang='grc' dir='ltr'><strong><em>Διδροὲ-</em></strong></span> 
     </span>
     <span class='ocr_line' id='line_1_23' title="bbox 85 2191 2075 2264; baseline 0.002 -17"><span class='ocrx_word' id='word_1_182' title='bbox 85 2214 191 2247; x_wconf 82' lang='grc' dir='ltr'>σκω</span> <span class='ocrx_word' id='word_1_183' title='bbox 245 2209 539 2264; x_wconf 86' lang='lat' dir='ltr'>numquam</span> <span class='ocrx_word' id='word_1_184' title='bbox 602 2194 654 2246; x_wconf 81' lang='lat' dir='ltr'>in</span> <span class='ocrx_word' id='word_1_185' title='bbox 698 2210 799 2247; x_wconf 89' lang='lat' dir='ltr'>usu</span> <span class='ocrx_word' id='word_1_186' title='bbox 848 2191 988 2255; x_wconf 81' lang='lat' dir='ltr'>suit,</span> <span class='ocrx_word' id='word_1_187' title='bbox 1051 2192 1142 2247; x_wconf 86' lang='lat' dir='ltr'>sed</span> <span class='ocrx_word' id='word_1_188' title='bbox 1197 2195 1410 2257; x_wconf 84' lang='grc' dir='ltr'><strong><em>δια-,</em></strong></span> <span class='ocrx_word' id='word_1_189' title='bbox 1451 2195 1640 2258; x_wconf 86' lang='grc' dir='ltr'><strong><em>ε’κ-,</em></strong></span> <span class='ocrx_word' id='word_1_190' title='bbox 1694 2195 2075 2263; x_wconf 67' lang='grc' dir='ltr'><strong><em>ἀποδιδράσκω,</em></strong></span> 
     </span>
    </p>
   </div>
   <div class='ocr_carea' id='block_1_5' title="bbox 0 2279 2074 2612">
    <p class='ocr_par' dir='ltr' id='par_1_5' title="bbox 0 2279 2074 2612">
     <span class='ocr_line' id='line_1_24' title="bbox 0 2279 2074 2355; baseline 0.001 -19"><span class='ocrx_word' id='word_1_191' title='bbox 0 2287 4 2299; x_wconf 84' lang='lat'><em>&#39;</em></span> <span class='ocrx_word' id='word_1_192' title='bbox 84 2280 251 2336; x_wconf 71' lang='lat' dir='ltr'>Multa</span> <span class='ocrx_word' id='word_1_193' title='bbox 291 2279 447 2351; x_wconf 85' lang='lat' dir='ltr'>longo</span> <span class='ocrx_word' id='word_1_194' title='bbox 490 2297 588 2335; x_wconf 88' lang='lat' dir='ltr'>usu</span> <span class='ocrx_word' id='word_1_195' title='bbox 631 2281 1009 2344; x_wconf 87' lang='lat' dir='ltr'>invaluerunt,</span> <span class='ocrx_word' id='word_1_196' title='bbox 1051 2298 1279 2352; x_wconf 92' lang='lat' dir='ltr'>quorum</span> <span class='ocrx_word' id='word_1_197' title='bbox 1326 2281 1473 2336; x_wconf 88' lang='lat' dir='ltr'>nulla</span> <span class='ocrx_word' id='word_1_198' title='bbox 1515 2283 1653 2336; x_wconf 85' lang='lat' dir='ltr'>ratio</span> <span class='ocrx_word' id='word_1_199' title='bbox 1689 2282 1838 2337; x_wconf 83' lang='lat' dir='ltr'>reddi</span> <span class='ocrx_word' id='word_1_200' title='bbox 1881 2290 2074 2355; x_wconf 86' lang='lat' dir='ltr'>potest.</span> 
     </span>
     <span class='ocr_line' id='line_1_25' title="bbox 0 2369 2074 2445; baseline 0.002 -21"><span class='ocrx_word' id='word_1_201' title='bbox 0 2377 3 2415; x_wconf 70' lang='grc' dir='ltr'><em>ὶ</em></span> <span class='ocrx_word' id='word_1_202' title='bbox 83 2371 393 2432; x_wconf 77' lang='grc' dir='ltr'><strong><em>Κατθνήσκω</em></strong></span> <span class='ocrx_word' id='word_1_203' title='bbox 434 2376 487 2424; x_wconf 84' lang='lat' dir='ltr'>et</span> <span class='ocrx_word' id='word_1_204' title='bbox 525 2371 880 2435; x_wconf 81' lang='grc' dir='ltr'><strong><em>κατθανοῦμαι</em></strong></span> <span class='ocrx_word' id='word_1_205' title='bbox 922 2377 972 2423; x_wconf 84' lang='lat' dir='ltr'>el</span> <span class='ocrx_word' id='word_1_206' title='bbox 1013 2369 1265 2425; x_wconf 76' lang='grc' dir='ltr'><strong><em>κάτθανον</em></strong></span> <span class='ocrx_word' id='word_1_207' title='bbox 1319 2371 1673 2441; x_wconf 83' lang='lat' dir='ltr'>Tragicorum</span> <span class='ocrx_word' id='word_1_208' title='bbox 1712 2378 1870 2437; x_wconf 87' lang='lat' dir='ltr'>sunt,</span> <span class='ocrx_word' id='word_1_209' title='bbox 1910 2390 2074 2445; x_wconf 88' lang='lat' dir='ltr'>popu-</span> 
     </span>
     <span class='ocr_line' id='line_1_26' title="bbox 0 2456 2072 2532; baseline 0.002 -20"><span class='ocrx_word' id='word_1_210' title='bbox 0 2471 3 2518; x_wconf 64' lang='grc' dir='ltr'>ζ</span> <span class='ocrx_word' id='word_1_211' title='bbox 83 2456 168 2513; x_wconf 81' lang='lat' dir='ltr'>lus</span> <span class='ocrx_word' id='word_1_212' title='bbox 216 2459 518 2521; x_wconf 82' lang='grc' dir='ltr'><strong><em>ἀποθνήσκω</em></strong></span> <span class='ocrx_word' id='word_1_213' title='bbox 579 2457 712 2511; x_wconf 83' lang='lat' dir='ltr'>dicit</span> <span class='ocrx_word' id='word_1_214' title='bbox 761 2464 814 2512; x_wconf 87' lang='lat' dir='ltr'>et</span> <span class='ocrx_word' id='word_1_215' title='bbox 861 2458 1216 2524; x_wconf 83' lang='grc' dir='ltr'><strong><em>ἀποθανοῦμαι</em></strong></span> <span class='ocrx_word' id='word_1_216' title='bbox 1279 2465 1332 2513; x_wconf 85' lang='lat' dir='ltr'>et</span> <span class='ocrx_word' id='word_1_217' title='bbox 1384 2459 1654 2513; x_wconf 85' lang='grc' dir='ltr'><strong><em>ἀπέθανον.</em></strong></span> <span class='ocrx_word' id='word_1_218' title='bbox 1750 2459 2072 2532; x_wconf 73' lang='lat' dir='ltr'>conspirant</span> 
     </span>
     <span class='ocr_line' id='line_1_27' title="bbox 5 2545 2072 2612; baseline 0.001 -11"><span class='ocrx_word' id='word_1_219' title='bbox 5 2602 11 2612; x_wconf 71' lang='grc'><strong><em>,</em></strong></span> <span class='ocrx_word' id='word_1_220' title='bbox 82 2561 268 2601; x_wconf 81' lang='lat' dir='ltr'>omnes</span> <span class='ocrx_word' id='word_1_221' title='bbox 317 2547 371 2600; x_wconf 92' lang='lat' dir='ltr'>in</span> <span class='ocrx_word' id='word_1_222' title='bbox 423 2546 657 2607; x_wconf 83' lang='grc' dir='ltr'><strong><em>τέθνηκα.</em></strong></span> <span class='ocrx_word' id='word_1_223' title='bbox 738 2545 896 2601; x_wconf 89' lang='lat' dir='ltr'>Gravi</span> <span class='ocrx_word' id='word_1_224' title='bbox 939 2562 1121 2600; x_wconf 87' lang='lat' dir='ltr'>errore</span> <span class='ocrx_word' id='word_1_225' title='bbox 1171 2547 1334 2601; x_wconf 90' lang='lat' dir='ltr'>semel</span> <span class='ocrx_word' id='word_1_226' title='bbox 1377 2546 1702 2602; x_wconf 80' lang='lat' dir='ltr'>Plutarchus</span> <span class='ocrx_word' id='word_1_227' title='bbox 1764 2548 1817 2601; x_wconf 91' lang='lat' dir='ltr'>in</span> <span class='ocrx_word' id='word_1_228' title='bbox 1867 2549 2072 2605; x_wconf 83' lang='lat' dir='ltr'>Pericle</span> 
     </span>
    </p>
   </div>
   <div class='ocr_carea' id='block_1_6' title="bbox 3 2634 2071 3584">
    <p class='ocr_par' dir='ltr' id='par_1_6' title="bbox 5 2634 2071 2865">
     <span class='ocr_line' id='line_1_28' title="bbox 6 2634 2071 2711; baseline 0.002 -22"><span class='ocrx_word' id='word_1_229' title='bbox 6 2680 9 2711; x_wconf 45' lang='lat'>2</span> <span class='ocrx_word' id='word_1_230' title='bbox 82 2650 200 2706; x_wconf 73' lang='lat' dir='ltr'>cup.</span> <span class='ocrx_word' id='word_1_231' title='bbox 241 2639 291 2688; x_wconf 91' lang='grc'>7.</span> <span class='ocrx_word' id='word_1_232' title='bbox 349 2634 566 2705; x_wconf 80' lang='lat' dir='ltr'>scripsit</span> <span class='ocrx_word' id='word_1_233' title='bbox 606 2636 957 2698; x_wconf 87' lang='grc' dir='ltr'><strong><em>ἀπετεθνήκει.</em></strong></span> <span class='ocrx_word' id='word_1_234' title='bbox 1039 2635 1127 2690; x_wconf 87' lang='lat' dir='ltr'>Sic</span> <span class='ocrx_word' id='word_1_235' title='bbox 1172 2642 1354 2706; x_wconf 64' lang='lat' dir='ltr'>poetae</span> <span class='ocrx_word' id='word_1_236' title='bbox 1405 2636 1726 2691; x_wconf 89' lang='grc' dir='ltr'><strong><em>κατακτείνω</em></strong></span> <span class='ocrx_word' id='word_1_237' title='bbox 1789 2636 1978 2692; x_wconf 81' lang='lat' dir='ltr'>dicunt</span> <span class='ocrx_word' id='word_1_238' title='bbox 2018 2645 2071 2694; x_wconf 84' lang='lat' dir='ltr'>et</span> 
     </span>
     <span class='ocr_line' id='line_1_29' title="bbox 5 2722 2070 2795; baseline 0.002 -19"><span class='ocrx_word' id='word_1_239' title='bbox 5 2727 32 2795; x_wconf 43' lang='lat' dir='ltr'>ig</span> <span class='ocrx_word' id='word_1_240' title='bbox 81 2723 395 2777; x_wconf 82' lang='grc' dir='ltr'><strong><em>κατέκτανον</em></strong></span> <span class='ocrx_word' id='word_1_241' title='bbox 435 2728 488 2776; x_wconf 86' lang='lat' dir='ltr'>et</span> <span class='ocrx_word' id='word_1_242' title='bbox 527 2722 823 2787; x_wconf 82' lang='grc' dir='ltr'><strong><em>κατέκταν,</em></strong></span> <span class='ocrx_word' id='word_1_243' title='bbox 862 2723 1089 2794; x_wconf 84' lang='lat' dir='ltr'>populus</span> <span class='ocrx_word' id='word_1_244' title='bbox 1132 2741 1236 2778; x_wconf 88' lang='lat' dir='ltr'>non</span> <span class='ocrx_word' id='word_1_245' title='bbox 1288 2723 1445 2778; x_wconf 86' lang='lat' dir='ltr'>aliter</span> <span class='ocrx_word' id='word_1_246' title='bbox 1485 2740 1646 2795; x_wconf 88' lang='lat' dir='ltr'>quam</span> <span class='ocrx_word' id='word_1_247' title='bbox 1688 2726 1971 2781; x_wconf 78' lang='grc' dir='ltr'><strong><em>ἀποκτείνω</em></strong></span> <span class='ocrx_word' id='word_1_248' title='bbox 2014 2734 2070 2783; x_wconf 88' lang='lat' dir='ltr'>et</span> 
     </span>
     <span class='ocr_line' id='line_1_30' title="bbox 7 2809 384 2865; baseline -0.003 -1"><span class='ocrx_word' id='word_1_249' title='bbox 7 2832 40 2847; x_wconf 43' lang='grc' dir='ltr'><strong><em>ν</em></strong></span> <span class='ocrx_word' id='word_1_250' title='bbox 81 2809 384 2865; x_wconf 75' lang='grc' dir='ltr'><strong><em>ἀπέκτεινα.</em></strong></span> 
     </span>
    </p>

    <p class='ocr_par' dir='ltr' id='par_1_7' title="bbox 3 2881 2068 3226">
     <span class='ocr_line' id='line_1_31' title="bbox 3 2881 2068 2977; baseline 0.002 -24"><span class='ocrx_word' id='word_1_251' title='bbox 3 2881 13 2977; x_wconf 24' lang='grc' dir='ltr'><em>Ἀ</em></span> <span class='ocrx_word' id='word_1_252' title='bbox 171 2898 365 2953; x_wconf 83' lang='lat' dir='ltr'>Futuri</span> <span class='ocrx_word' id='word_1_253' title='bbox 420 2900 735 2963; x_wconf 77' lang='grc' dir='ltr'><strong><em>ἐπιλήσομαι</em></strong></span> <span class='ocrx_word' id='word_1_254' title='bbox 789 2915 851 2952; x_wconf 84' lang='lat' dir='ltr'>ex</span> <span class='ocrx_word' id='word_1_255' title='bbox 912 2899 1106 2954; x_wconf 84' lang='lat' dir='ltr'>Atticis</span> <span class='ocrx_word' id='word_1_256' title='bbox 1146 2899 1388 2971; x_wconf 86' lang='lat' dir='ltr'>exempla</span> <span class='ocrx_word' id='word_1_257' title='bbox 1441 2901 1760 2973; x_wconf 88' lang='lat' dir='ltr'>conquirere</span> <span class='ocrx_word' id='word_1_258' title='bbox 1818 2901 2068 2974; x_wconf 86' lang='lat' dir='ltr'>putidum</span> 
     </span>
     <span class='ocr_line' id='line_1_32' title="bbox 24 2985 2063 3058; baseline 0.001 -15"><span class='ocrx_word' id='word_1_259' title='bbox 24 2990 30 3035; x_wconf 79' lang='grc' dir='ltr'>ἱ</span> <span class='ocrx_word' id='word_1_260' title='bbox 80 2995 194 3043; x_wconf 83' lang='lat' dir='ltr'>est:</span> <span class='ocrx_word' id='word_1_261' title='bbox 249 2986 572 3058; x_wconf 87' lang='lat' dir='ltr'>ubicumque</span> <span class='ocrx_word' id='word_1_262' title='bbox 626 2985 900 3041; x_wconf 78' lang='lat' dir='ltr'>obliviscar</span> <span class='ocrx_word' id='word_1_263' title='bbox 948 2989 1070 3058; x_wconf 86' lang='lat' dir='ltr'>quis</span> <span class='ocrx_word' id='word_1_264' title='bbox 1110 2987 1241 3043; x_wconf 87' lang='lat' dir='ltr'>dicit</span> <span class='ocrx_word' id='word_1_265' title='bbox 1297 2990 1610 3055; x_wconf 83' lang='grc' dir='ltr'><strong><em>ἐπιλήσομαι</em></strong></span> <span class='ocrx_word' id='word_1_266' title='bbox 1666 2989 1772 3046; x_wconf 86' lang='lat' dir='ltr'>dici</span> <span class='ocrx_word' id='word_1_267' title='bbox 1828 2991 2063 3054; x_wconf 89' lang='lat' dir='ltr'>videbis,</span> 
     </span>
     <span class='ocr_line' id='line_1_33' title="bbox 8 3073 2060 3149; baseline 0.002 -19"><span class='ocrx_word' id='word_1_268' title='bbox 8 3127 34 3145; x_wconf 67' lang='lat'><strong>„</strong></span> <span class='ocrx_word' id='word_1_269' title='bbox 80 3074 548 3149; x_wconf 85' lang='lat' dir='ltr'>(quemadmodum</span> <span class='ocrx_word' id='word_1_270' title='bbox 608 3073 763 3128; x_wconf 80' lang='lat' dir='ltr'>facile</span> <span class='ocrx_word' id='word_1_271' title='bbox 810 3077 1105 3147; x_wconf 82' lang='lat' dir='ltr'>comperies</span> <span class='ocrx_word' id='word_1_272' title='bbox 1149 3085 1403 3148; x_wconf 77' lang='lat' dir='ltr'>perpetuo</span> <span class='ocrx_word' id='word_1_273' title='bbox 1456 3078 1911 3134; x_wconf 66' lang='grc' dir='ltr'><strong><em>ἐπιλανθάνεσθαι</em></strong></span> <span class='ocrx_word' id='word_1_274' title='bbox 1954 3078 2060 3144; x_wconf 81' lang='lat' dir='ltr'>dici</span> 
     </span>
     <span class='ocr_line' id='line_1_34' title="bbox 79 3161 908 3226; baseline -0.004 -7"><span class='ocrx_word' id='word_1_275' title='bbox 79 3162 283 3226; x_wconf 73' lang='lat' dir='ltr'>solere,</span> <span class='ocrx_word' id='word_1_276' title='bbox 327 3172 386 3217; x_wconf 91' lang='lat' dir='ltr'>ut</span> <span class='ocrx_word' id='word_1_277' title='bbox 429 3165 480 3217; x_wconf 90' lang='lat' dir='ltr'>in</span> <span class='ocrx_word' id='word_1_278' title='bbox 525 3163 691 3217; x_wconf 84' lang='lat' dir='ltr'>veteri</span> <span class='ocrx_word' id='word_1_279' title='bbox 732 3161 908 3216; x_wconf 87' lang='lat' dir='ltr'>dicto:</span> 
     </span>
    </p>

    <p class='ocr_par' dir='ltr' id='par_1_8' title="bbox 381 3250 1667 3328">
     <span class='ocr_line' id='line_1_35' title="bbox 381 3250 1667 3328; baseline 0.002 -21"><span class='ocrx_word' id='word_1_280' title='bbox 381 3254 606 3307; x_wconf 87' lang='grc' dir='ltr'><strong><em>Μαλέαν</em></strong></span> <span class='ocrx_word' id='word_1_281' title='bbox 647 3251 698 3304; x_wconf 78' lang='grc' dir='ltr'>δὲ</span> <span class='ocrx_word' id='word_1_282' title='bbox 738 3250 994 3316; x_wconf 73' lang='grc' dir='ltr'><strong><em>κάμπτων</em></strong></span> <span class='ocrx_word' id='word_1_283' title='bbox 1035 3253 1278 3307; x_wconf 79' lang='grc' dir='ltr'><strong><em>ἐπιλαθοῦ</em></strong></span> <span class='ocrx_word' id='word_1_284' title='bbox 1319 3260 1417 3308; x_wconf 85' lang='grc' dir='ltr'>τῶν</span> <span class='ocrx_word' id='word_1_285' title='bbox 1457 3254 1667 3328; x_wconf 74' lang='grc' dir='ltr'><strong><em>οἴκαδε.)</em></strong></span> 
     </span>
    </p>

    <p class='ocr_par' dir='ltr' id='par_1_9' title="bbox 7 3339 2061 3584">
     <span class='ocr_line' id='line_1_36' title="bbox 7 3339 2061 3410; baseline 0.001 -17"><span class='ocrx_word' id='word_1_286' title='bbox 7 3359 10 3365; x_wconf 66' lang='grc'>’</span> <span class='ocrx_word' id='word_1_287' title='bbox 81 3339 171 3394; x_wconf 78' lang='lat' dir='ltr'>scd</span> <span class='ocrx_word' id='word_1_288' title='bbox 210 3339 470 3409; x_wconf 73' lang='lat' dir='ltr'>proferam</span> <span class='ocrx_word' id='word_1_289' title='bbox 526 3339 730 3402; x_wconf 87' lang='lat' dir='ltr'>locum,</span> <span class='ocrx_word' id='word_1_290' title='bbox 775 3340 825 3392; x_wconf 86' lang='lat' dir='ltr'>in</span> <span class='ocrx_word' id='word_1_291' title='bbox 870 3356 974 3410; x_wconf 84' lang='lat' dir='ltr'>quo</span> <span class='ocrx_word' id='word_1_292' title='bbox 1016 3339 1181 3404; x_wconf 80' lang='lat' dir='ltr'>latet,</span> <span class='ocrx_word' id='word_1_293' title='bbox 1223 3341 1476 3395; x_wconf 81' lang='lat' dir='ltr'>Dinarchi</span> <span class='ocrx_word' id='word_1_294' title='bbox 1529 3345 1672 3398; x_wconf 77' lang='grc' dir='ltr'><strong><em>κατα</em></strong></span> <span class='ocrx_word' id='word_1_295' title='bbox 1715 3343 2061 3410; x_wconf 77' lang='grc' dir='ltr'><strong><em>Δημοσθένους</em></strong></span> 
     </span>
     <span class='ocr_line' id='line_1_37' title="bbox 79 3427 2056 3501; baseline 0.003 -20"><span class='ocrx_word' id='word_1_296' title='bbox 79 3431 107 3496; x_wconf 84' lang='lat'><em>§</em></span> <span class='ocrx_word' id='word_1_297' title='bbox 152 3432 269 3482; x_wconf 80' lang='lat'>103.</span> <span class='ocrx_word' id='word_1_298' title='bbox 311 3430 522 3483; x_wconf 80' lang='grc' dir='ltr'><strong><em>ἐλεεινὸν</em></strong></span> <span class='ocrx_word' id='word_1_299' title='bbox 566 3427 793 3501; x_wconf 83' lang='grc' dir='ltr'><strong><em>(ἐλεινὸν)</em></strong></span> <span class='ocrx_word' id='word_1_300' title='bbox 853 3434 935 3482; x_wconf 82' lang='grc' dir='ltr'>νῦν</span> <span class='ocrx_word' id='word_1_301' title='bbox 976 3430 1192 3483; x_wconf 83' lang='grc' dir='ltr'><strong><em>σεαυτὸν</em></strong></span> <span class='ocrx_word' id='word_1_302' title='bbox 1247 3430 1659 3499; x_wconf 66' lang='grc' dir='ltr'><strong><em>κατασκευάζεις</em></strong></span> <span class='ocrx_word' id='word_1_303' title='bbox 1708 3432 1949 3498; x_wconf 73' lang='grc' dir='ltr'><strong><em>προδότης</em></strong></span> <span class='ocrx_word' id='word_1_304' title='bbox 1992 3432 2056 3487; x_wconf 72' lang='grc' dir='ltr'><strong><em>ὢν</em></strong></span> 
     </span>
     <span class='ocr_line' id='line_1_38' title="bbox 81 3515 2056 3584; baseline 0.002 -16"><span class='ocrx_word' id='word_1_305' title='bbox 81 3515 166 3568; x_wconf 77' lang='grc' dir='ltr'>καὶ</span> <span class='ocrx_word' id='word_1_306' title='bbox 207 3516 462 3581; x_wconf 78' lang='grc' dir='ltr'><strong><em>δωροδόκος</em></strong></span> <span class='ocrx_word' id='word_1_307' title='bbox 515 3520 578 3577; x_wconf 78' lang='grc' dir='ltr'>ὡς</span> <span class='ocrx_word' id='word_1_308' title='bbox 631 3517 1251 3582; x_wconf 76' lang='grc' dir='ltr'><strong><em>ἐπιμελησομένους</em></strong></span> <span class='ocrx_word' id='word_1_309' title='bbox 1313 3517 1519 3581; x_wconf 80' lang='grc' dir='ltr'><strong><em>τούτους</em></strong></span> <span class='ocrx_word' id='word_1_310' title='bbox 1555 3529 1647 3582; x_wconf 79' lang='grc' dir='ltr'><strong><em>τῆς</em></strong></span> <span class='ocrx_word' id='word_1_311' title='bbox 1687 3528 1777 3582; x_wconf 79' lang='grc' dir='ltr'><strong><em>σῆς</em></strong></span> <span class='ocrx_word' id='word_1_312' title='bbox 1819 3518 2056 3584; x_wconf 85' lang='grc' dir='ltr'><strong><em>πονηρίας</em></strong></span> 
     </span>
    </p>
   </div>
   <div class='ocr_carea' id='block_1_7' title="bbox 81 3603 2056 3729">
    <p class='ocr_par' dir='ltr' id='par_1_10' title="bbox 81 3603 2056 3729">
     <span class='ocr_line' id='line_1_39' title="bbox 81 3603 2056 3676; baseline 0.003 -20"><span class='ocrx_word' id='word_1_313' title='bbox 81 3604 165 3656; x_wconf 76' lang='grc' dir='ltr'>καὶ</span> <span class='ocrx_word' id='word_1_314' title='bbox 208 3605 260 3658; x_wconf 73' lang='grc' dir='ltr'>εὖ</span> <span class='ocrx_word' id='word_1_315' title='bbox 298 3604 462 3657; x_wconf 72' lang='grc' dir='ltr'><strong><em>δώσων</em></strong></span> <span class='ocrx_word' id='word_1_316' title='bbox 501 3604 641 3665; x_wconf 84' lang='grc' dir='ltr'><strong><em>δίκην</em></strong></span> <span class='ocrx_word' id='word_1_317' title='bbox 683 3605 805 3671; x_wconf 79' lang='grc' dir='ltr'><strong><em>ὑπὲρ</em></strong></span> <span class='ocrx_word' id='word_1_318' title='bbox 845 3603 906 3659; x_wconf 72' lang='grc' dir='ltr'><strong><em>ὧν</em></strong></span> <span class='ocrx_word' id='word_1_319' title='bbox 949 3605 1163 3671; x_wconf 78' lang='grc' dir='ltr'><strong><em>εἴληψαι</em></strong></span> <span class='ocrx_word' id='word_1_320' title='bbox 1208 3611 1491 3670; x_wconf 77' lang='grc' dir='ltr'><strong><em>πεποιηκώς</em></strong></span> <span class='ocrx_word' id='word_1_321' title='bbox 1517 3651 1527 3670; x_wconf 90' lang='grc'><strong><em>,</em></strong></span> <span class='ocrx_word' id='word_1_322' title='bbox 1572 3606 1691 3676; x_wconf 65' lang='lat' dir='ltr'>quis</span> <span class='ocrx_word' id='word_1_323' title='bbox 1734 3622 1834 3660; x_wconf 84' lang='lat' dir='ltr'>non</span> <span class='ocrx_word' id='word_1_324' title='bbox 1872 3607 2056 3662; x_wconf 78' lang='lat' dir='ltr'>statim</span> 
     </span>
     <span class='ocr_line' id='line_1_40' title="bbox 1717 3701 1753 3729; baseline -0.028 0"><span class='ocrx_word' id='word_1_325' title='bbox 1717 3701 1753 3729; x_wconf 79' lang='lat'>21</span> 
     </span>
    </p>
   </div>
  </div>
 </body>
</html>
