2436 4068
1324 185 1432 236 750

388 333 578 408 plenda
619 337 757 387 esset
795 344 896 381 non
941 326 1205 380 viderunt.
1285 326 1479 381 Editur
1512 330 1616 382 ἀπὸ
1650 334 1746 383 τῶν
1788 331 1809 356 ⁴
1855 334 2004 387 σίτων
2035 337 2077 387 οἱ
2115 336 2207 399 μὲν
2244 338 2351 391 3104-

386 424 675 488 πονούμενοι
715 449 790 459 --
828 414 1031 481 εύρωςοί
1080 415 1238 478 εἰσιν,
1278 417 1320 468 οἱ
1356 416 1407 468 δὲ
1448 414 1620 470 ἄπονοι
1676 420 1919 480 οέσθενεῑς.
2007 422 2177 475 Unum
2233 431 2349 477 tan-

385 520 503 565 tum
547 504 859 561 vocabulum
901 502 1205 556 intercidit:
1260 503 1482 557 emenda
1522 507 1626 559 οέπὸ
1661 512 1759 559 τῶν
1805 507 2011 581 (αὐτῶν)
2069 511 2253 574 σίτων,
2295 520 2349 566 et

386 599 527 654 clara
559 597 649 649 lux
684 593 797 646 loco
830 590 1121 661 affulgehit.
1201 590 1479 645 Praeterea
1510 609 1613 646 non
1655 594 1849 661 εύχροοι
1888 597 1977 649 sed
2011 594 2181 665 εὔχρω
2218 600 2348 653 scri.

384 685 614 740 bendum
638 724 652 746 ,
693 687 752 734 ut
789 677 932 734 εὖνοι.

460 771 624 826 Multo
660 769 873 840 gravior
907 783 1057 821 error
1095 765 1320 820 lectores
1359 766 1667 822 ludificatur
1702 771 1756 822 in
1801 773 1829 840 §
1869 775 1919 824 9.
1961 775 2051 826 οὐκ
2079 772 2143 826 ἂν
2172 775 2347 844 ῥᾳδίως
2407 837 2410 841 ,

383 882 460 921 τις
503 857 628 926 εὕροι
682 860 1026 923 Σπαρτιατῶν
1066 853 1182 908 οὔτε
1233 855 1586 922 ὑγιεινοτέρους
1625 857 1741 911 οὔτε
1791 867 1894 919 τοῖς
1945 859 2147 924 σώμασι
2198 883 2350 930 χρη-

383 946 810 1012 σιμωτέρους.
891 942 946 997 Si
1001 943 1082 996 vis
1138 943 1277 997 scire
1331 958 1435 1013 quo
1475 961 1635 998 sensu
1689 947 1809 1016 quis
1864 946 2040 1000 Attice
2094 951 2348 1016 χρήσιμος

382 1038 451 1105 τῷ
492 1035 694 1100 σώματι
735 1048 849 1088 esse
889 1030 1136 1095 dicatur,
1176 1030 1379 1102 inspice
1430 1031 1710 1086 Aeschinis
1761 1034 2132 1089 Timarcheam
2191 1039 2220 1107 ᾗ
2259 1041 2356 1093 61.
2391 1014 2436 1117 ἕξ·

2398 1101 2436 1125 'r'

386 1123 692 1180 Reddamus
725 1120 894 1190 igitur
923 1119 1258 1189 Xenophonti
1285 1140 1388 1180 τοις
1422 1141 1654 1184 σωμασιν
1693 1122 2204 1190 ἰσχυρότερους,
2245 1142 2350 1196 quo
2396 1134 2398 1178 ζ
2432 1148 2436 1161 ¹

382 1215 437 1267 in
481 1229 539 1266 ea
576 1227 636 1265 re
669 1225 853 1263 omnes
892 1215 1139 1262 utuntur.
1222 1208 1410 1261 Misere
1446 1216 1758 1279 cotruptum
1795 1217 1876 1263 est
1909 1218 1961 1264 et
2000 1211 2155 1282 plane
2189 1230 2351 1267 sensu
2394 1129 2436 1386 ἑξ

382 1317 612 1356 vacuum
653 1299 708 1352 in
752 1301 780 1404 ⁹§
815 1300 867 1349 8
909 1298 973 1356 ὦς
1013 1297 1217 1361 μήποτε
1251 1297 1395 1349 αὐτοι
1438 1295 1687 1356 ἐλαττους
1721 1303 1817 1351 τῶν
1855 1299 2024 1352 σιτίων
2056 1301 2345 1366 γίγνεσθαι.
2396 1356 2398 1358 ,
2433 1317 2436 1335 ³

379 1391 441 1446 In
479 1389 570 1442 VI.
611 1410 661 1441 ο.
715 1383 929 1451 αἰσχρόν
983 1386 1058 1441 ἐςι
1102 1386 1177 1450 μὴ
1228 1387 1317 1439 οὐκ
1358 1382 1530 1444 αλλας
1567 1385 1783 1450 πληγας
1840 1386 2170 1454 ἐμβάλλειν,
2225 1406 2346 1444 eon·
2402 1341 2436 1444 l

378 1476 605 1533 suetudo
645 1474 823 1528 Attica
873 1471 1237 1537 ε’πεμβοὶλλειν
1281 1471 1360 1526 vel
1401 1473 1822 1539 προσεμβαλλειν
1875 1476 2140 1546 requirit,
2192 1486 2246 1532 et
2288 1485 2347 1533 ut
2398 1416 2419 1525 Ξ

378 1564 596 1630 πληγάς
639 1564 937 1617 omittatur.
1020 1561 1310 1630 Utramque
1347 1562 1702 1632 suspicionem
1752 1561 1982 1617 stabiliet
2025 1563 2349 1620 Plutarchus
2397 1545 2436 1636 ³¹}

381 1655 554 1708 Ins-tit.
599 1651 789 1706 Lacon.
839 1666 888 1720 p.
921 1652 1046 1704 257.
1089 1648 1149 1702 D.
1209 1648 1612 1719 Xenophontem
1655 1649 1988 1704 describens:
2031 1654 2244 1720 αἰσχρὸν
2290 1650 2346 1714 ἦν
2391 1647 2436 1718 ⁴¹

379 1745 448 1811 τῷ
489 1741 645 1808 πατρὶ
687 1741 761 1805 μὴ
801 1737 1296 1804 προσεντείνειν
1335 1737 1634 1791 ακούσαντα
1675 1738 1834 1792 πάλιν
1874 1740 2123 1807 ἑτέρας.
2431 1746 2436 1782 t

453 1829 706 1884 Haerebis
745 1826 882 1880 VIII.
926 1830 976 1880 5.
1030 1825 1084 1878 in
1130 1824 1340 1879 verbis:
1395 1823 1491 1894 δ’σῳ
1527 1827 1630 1893 γαρ
1680 1827 1837 1894 μείζω
1890 1828 2102 1893 δύναμιν
2152 1828 2262 1897 ἔχει
2313 1831 2342 1891 ἦ
2425 1812 2436 1852 ⁴

375 1921 545 1988 ἀρχῆ,
585 1916 805 1983 τοσούτῳ
838 1918 1045 1979 μᾶλλον
1082 1915 1342 1978 ἡγήσαντο
1383 1916 1544 1975 αὐτὴν
1580 1913 1937 1978 καταπλήξειν
1971 1918 2086 1978 τοὺς
2122 1919 2342 1979 πολίτας
2409 1857 2436 1987 l

378 2013 465 2062 τοῦ
509 2005 816 2067 ὑπακούειν,
871 2019 993 2056 nam
1050 2001 1176 2071 quid
1229 2001 1390 2056 facies
1430 2001 1608 2055 verbis
1648 2008 1736 2056 τοῦ
1791 2005 2104 2059 ὑπακούεινῖ
2184 2006 2345 2060 Exci·
2386 2005 2424 2075 J?

376 2095 516 2150 disse
554 2092 999 2165 praepositionem
1040 2090 1284 2160 suspicor
1323 2097 1374 2143 et
1407 2092 1478 2150 εἰς
1519 2092 1576 2144 τὸ
1612 2092 1882 2146 ὑπακούειν
1923 2093 2303 2164 reponendum.
2391 1991 2436 2187 η

453 2181 794 2237 Manifestum
848 2177 1104 2232 mendum
1157 2185 1303 2232 certa
1344 2178 1712 2233 emendatione
1754 2180 1863 2233 tolli
1906 2189 2077 2252 potest
2114 2182 2249 2236 VIII.
2288 2186 2340 2238 4.

375 2272 539 2341 ἔφοροι
599 2268 803 2324 ἱκανοὶ
866 2267 960 2332 μέν
1007 2267 1102 2319 εἰσι
1163 2266 1368 2333 ζημιοῦν
1409 2263 1458 2320 ἓν
1495 2266 1557 2320 ἂν
1603 2268 1924 2334 βούλωνται,
1978 2270 2129 2337 κύριοι
2183 2271 2225 2323 δ’
2261 2272 2339 2326 ἐκ·

375 2359 620 2428 πράττειν
672 2362 1031 2423 παραχρῆμα,
1084 2355 1233 2421 κύριοι
1289 2355 1341 2407 δὲ
1389 2355 1476 2408 καὶ
1517 2353 1778 2422 ἄρχοντας
1818 2356 2023 2421 μεταξὺ
2064 2364 2340 2413 καταπαῦ-

375 2470 481 2503 σαι.
561 2448 882 2516 Corruptum
918 2449 999 2497 est
1031 2443 1223 2506 ἱκανοί,
1264 2459 1389 2496 vera
1429 2443 1695 2513 scriptura
1732 2451 1810 2497 est
1845 2445 2048 2511 κύριοι
2088 2446 2183 2511 μέν
2217 2448 2341 2514 εἷο-ι,
2415 2517 2419 2526 Ι

374 2557 510 2613 quae
554 2545 678 2592 noto
733 2537 1046 2608 compendio
1084 2523 1208 2591 Ιῖὖῖ
1243 2544 1458 2590 exarata
1503 2537 1708 2591 sutilem
1762 2539 2040 2592 librarium
2099 2540 2150 2592 in
2197 2538 2339 2593 frau-

374 2630 492 2683 dem
540 2626 771 2698 impulit.
852 2627 1199 2696 Perspicuum
1254 2631 1334 2679 est
1389 2625 1790 2697 Xenophontem
1845 2627 2050 2681 dicere:
2112 2628 2341 2699 Ephoris

373 2719 458 2772 ius
481 2725 562 2771 est
602 2715 823 2768 multam
844 2714 1042 2777 dicere,
1081 2723 1128 2767 et
1168 2731 1280 2767 eam
1320 2715 1494 2767 statim
1536 2715 1774 2785 eaeiyere,
1815 2725 1861 2768 el
1899 2717 2234 2788 mayislralus
2250 2734 2339 2788 po·
2395 2724 2423 2772 ’.

377 2813 554 2859 testate
594 2821 818 2867 exuere,
855 2804 907 2855 in
949 2803 1155 2856 vincula
1195 2803 1440 2856 conie'cere
1480 2811 1527 2855 et
1562 2806 1616 2856 in
1657 2804 1902 2857 iudicium
1942 2805 2005 2858 de
2047 2805 2211 2875 capite
2249 2805 2337 2859 ad·

374 2895 576 2948 ducere.
656 2891 798 2943 Num
840 2898 899 2943 tu
940 2899 1096 2961 putas
1145 2891 1314 2951 ἱκανός
1371 2892 1475 2956 εἰμι
1518 2908 1578 2944 eo
1627 2909 1786 2946 sensu
1835 2892 1941 2946 dici
1984 2910 2133 2964 posse
2173 2900 2267 2947 aut
2307 2910 2338 2947 a
2388 2875 2436 2972 ξ

373 2996 640 3053 quoquam
678 2977 879 3030 dictum
917 2995 1032 3032 esse
1072 2979 1369 3050 umquam?
1449 2981 1555 3033 Aut
1597 2978 1736 3042 ἔξεςί
1771 3001 1854 3045 μοι
1897 2987 1989 3034 aut
2028 2981 2189 3047 κύριός
2231 2983 2334 3046 εἰμι
2388 2973 2420 3040 l:

373 3071 426 3123 in
484 3067 580 3121 tali
636 3082 694 3119 re
752 3064 1055 3119 dicendum.
1135 3066 1268 3120 Vide
1326 3067 1486 3134 κύριος
1546 3069 1621 3121 sic
1680 3069 1909 3139 positum
1954 3069 2021 3121 II.
2065 3073 2095 3120 2
2138 3076 2190 3122 et
2234 3074 2336 3133 10,
2399 3128 2422 3131 ,,

372 3158 460 3212 IV.
491 3160 555 3219 6,
596 3152 737 3208 ΧΙΙΙ.
781 3155 902 3207 10.’
926 3140 1206 3209 Praeterea
1248 3155 1402 3209 facile
1440 3156 1704 3226 intelliges
1738 3155 2135 3226 Xenophontem
2175 3173 2333 3210 usum
2416 3225 2420 3230 Α

370 3261 485 3300 esse
537 3242 719 3297 eadem
777 3242 1144 3349 epanaphora,
1197 3261 1301 3314 qua
1351 3250 1457 3296 tam
1515 3260 1669 3313 saepe
1722 3242 1882 3307 solet,
1923 3244 2073 3310 κύριοι
2126 3244 2219 3309 μέν
2261 3277 2334 3285 -
2392 3229 2421 3254 ⁸

371 3334 520 3399 κύριοι
574 3330 626 3383 δέ
665 3361 739 3370 -
774 3329 924 3397 κύριοι
975 3331 1026 3384 δὲ
1086 3332 1209 3394 καί,
1270 3330 1433 3383 veluti
1469 3331 1558 3384 III.
1606 3338 1656 3387 1.
1709 3333 1988 3386 παύουσι
2049 3353 2164 3398 μεν
2226 3333 2329 3386 απὸ
2390 3333 2395 3369 ἔ

371 3421 748 3483 παιδαγωγῶν,
787 3418 1072 3472 παύουσι
1112 3419 1172 3472 δὲ
1212 3439 1315 3472 απο
1353 3417 1705 3482 διδασκαλων,
1751 3426 1802 3472 et
1836 3419 1898 3472 V.
1943 3425 1992 3474 4.
2035 3442 2087 3473 αι
2129 3420 2329 3488 σφαλ-

370 3523 544 3564 λουσι
585 3507 693 3572 μὲν
734 3506 989 3572 σώματα,
1031 3506 1397 3577 σφάλλουσι
1438 3508 1499 3560 δὲ
1543 3509 1794 3572 γνώμας,
1836 3515 1889 3562 et
1929 3510 2142 3579 passim.

446 3596 502 3649 In
543 3593 722 3649 eadem
768 3596 796 3663 ξ
835 3600 897 3649 4:
949 3598 1046 3662 οὐχ
1087 3594 1249 3662 ὥσπερ
1291 3598 1344 3649 αἱ
1387 3593 1548 3651 ἄλλαι
1592 3595 1766 3658 πόλεις
1808 3598 1916 3652 ἐῶσι
1958 3599 2072 3659 τοὺς
2118 3597 2362 3665 αἱρεθέν-’
