2436 4068
1012 195 1117 246 597

155 344 213 398 ln
260 347 287 413 ᾗ
335 347 419 396 15.
478 340 613 397 bene
668 337 937 411 supplevit
979 336 1246 392 Mehlerus
1295 338 1323 398 ἡ
1364 336 1414 388 ἐν
1455 334 1688 404 γεωργία
1733 336 1937 410 (ἀργία)
1980 339 2057 396 ἐς)

78 433 255 498 σαφὴς
290 435 472 497 ψυχῆς
522 430 805 495 κατήγορος
847 432 1032 487 κακῆς.

152 518 211 572 In
269 520 299 587 §
348 521 431 569 18.
492 513 616 568 ὅταν
657 515 680 567 ὁ
726 515 822 579 μὲν
874 513 1080 581 πρασση
1131 512 1220 580 ἐφ’
1268 507 1400 579 ᾧπερ
1456 507 1687 579 ὥρμηται
1752 512 2061 585 recipienda

75 605 248 659 fuerat
294 601 552 674 Stephani
592 599 895 655 emendatio
946 601 1034 666 ἐφ’
1070 597 1190 665 ὅπερ
1242 596 1507 665 ὥρμηται,
1570 597 1762 654 deinde
1818 617 2065 674 expunge
2148 664 2151 668 s

77 691 356 747 inficetum
419 690 967 760 interpretamentum
1023 684 1320 758 [βαδίζων].
1398 686 1578 740 Etiam
1632 686 1687 741 in
1736 687 1937 744 vicinia
1991 690 2062 747 le·

78 778 313 851 gendum
353 779 442 845 ἐφ’
478 773 511 829 δ’
521 797 599 830 πε
611 796 636 844 ρ
668 774 988 841 τεταγμένοι
1027 774 1128 827 εἰσί
1164 789 1263 844 pro
1298 774 1387 841 ἐφ’
1423 770 1572 842 ᾧπερ.

155 867 214 920 ln
261 868 290 935 §
332 869 423 918 21.
482 864 554 918 τοὶ
610 861 694 918 οὖν
751 862 1202 930 συντρίβοντα
1256 861 1374 922 τοὺς
1433 860 1627 926 οἴκους,
1681 865 1851 920 miror
1901 882 2061 921 usum

77 953 226 1009 verbi
264 952 582 1020 συντρίβειν,
623 952 1000 1015 comminuere,
1042 950 1096 1002 in
1140 948 1234 1002 tati
1258 965 1315 1002 re
1355 956 1410 1003 et
1450 950 1786 1018 ἐπιτρίβοντα
1824 955 2062 1025 requiro,

74 1044 315 1098 ‘Putasne
368 1041 688 1108 συντριβείης
745 1056 842 1110 pro
893 1037 1210 1106 ἐπιτριβείης
1270 1036 1379 1090 dici
1422 1053 1575 1109 posse
1625 1044 1720 1092 aut.
1760 1041 2063 1109 σύντριπτος

78 1146 175 1202 pro
214 1131 513 1197 ἐπίτριπτος
553 1135 647 1182 aut
690 1126 932 1181 similia?
1014 1125 1244 1179 Perdere
1284 1125 1428 1180 enim
1490 1132 1543 1180 et
1579 1128 1918 1198 pessumdare
1957 1131 2065 1186 ἐπι.

77 1219 272 1285 τρίβειν
313 1216 519 1270 dicitur
558 1215 626 1269 ab
668 1213 1088 1269 Atheniensibus
1126 1212 1397 1269 omnibus·

153 1305 213 1360 Iu
259 1308 288 1375 §
328 1308 416 1359 25.
480 1301 615 1364 ὅπως
670 1303 784 1370 ἔχοι
842 1299 874 1355 ὅ
914 1322 965 1356 τι
1005 1308 1142 1356 ποιοῖ
1193 1301 1369 1356 scribe
1426 1301 1608 1364 ποιοίη.
1690 1303 1867 1358 Poetis
1908 1308 2066 1362 relin-

74 1391 289 1466 quenda
330 1399 457 1446 sunt
499 1400 731 1458 ποιοῖμι,
771 1397 930 1452 ποιοῖς
972 1398 1026 1445 et
1068 1399 1204 1445 ποιοῖ
1239 1389 1546 1461 similiaque
1605 1394 1803 1448 omnia.
1884 1394 2067 1452 Caete-

0 1521 14 1535 .
80 1482 129 1536 ri
169 1497 356 1535 omues
393 1487 705 1534 constanter
743 1480 935 1541 ποιοίην
975 1485 1027 1533 et
1083 1479 1272 1541 ποιοίης
1327 1484 1379 1532 et
1418 1479 1580 1541 ποιοίη
1636 1478 1902 1539 dicebant.
1981 1485 2066 1541 Li-

0 1626 1 1635 ¹
79 1568 272 1624 brariis
320 1568 477 1623 aliter
531 1569 744 1633 visum,
803 1568 1125 1640 praesertim
1170 1567 1222 1621 in
1277 1565 1529 1630 Platone,
1586 1566 1679 1622 sed
1722 1568 1778 1623 in
1819 1587 1877 1626 re
1917 1582 2065 1633 certa

0 1710 1 1735 ἦ
78 1664 133 1713 et
168 1657 443 1730 explorata
485 1656 735 1711 librarios
775 1673 887 1711 non·
926 1672 1202 1710 curamus·

153 1746 214 1800 In
259 1748 288 1816 §
328 1749 415 1800 26.
478 1746 507 1809 ἢ
551 1747 638 1800 καὶ
678 1745 946 1800 ἀπεδίδοτο
998 1746 1041 1799 εἶ
1079 1746 1217 1799 πολὺ
1258 1744 1496 1812 ἀργύριον
1538 1746 1783 1811 εὑρίσκοι;
1837 1766 1903 1805 ne
1944 1754 2066 1824 quis

76 1841 255 1898 erret,
288 1834 503 1901 εὑρίσκοι
558 1851 662 1888 non
706 1833 770 1888 de
819 1840 974 1906 patre
1010 1832 1344 1887 Ischomachi
1387 1832 1590 1887 dicitur
1630 1833 1724 1888 sed
1765 1834 1829 1891 de
1864 1836 2067 1908 suntIO,

76 1938 236 1995 quem
291 1921 567 1976 vendebat.
648 1922 1094 1976 Constantissime
1135 1922 1280 1976 enim
1334 1922 1579 1989 εὑρίσκειν
1639 1926 1795 1989 τιμήν
1848 1933 1902 1981 et
1941 1930 2067 1999 εὑρί·

76 2032 214 2067 σκειν
253 2010 490 2078 ἀργύριον
532 2010 665 2065 πολύ
702 2017 754 2065 et
778 2009 1031 2063 similiter
1070 2009 1273 2064 dicitur
1296 2026 1401 2064 non
1425 2009 1672 2064 venditor
1708 2011 1801 2066 sed
1835 2014 1887 2068 id
1924 2018 2066 2088 quod
2115 2030 2183 2068 (14¹-
2225 2031 2231 2047 ι·
2265 2037 2271 2046 .

75 2099 366 2162 venditur,
428 2097 492 2153 de
546 2114 652 2170 qua
707 2115 766 2153 re
818 2097 951 2152 alias
1005 2104 1257 2152 accurate
1318 2097 1512 2152 dicam.
1594 2099 1912 2172 Exemplum
1956 2106 2067 2162 ido-

77 2202 235 2242 neum
291 2194 373 2241 est
430 2187 484 2240 in
542 2183 895 2241 Oeconomico
931 2185 996 2240 11.
1041 2190 1093 2241 3.
1150 2185 1304 2240 πόσον
1358 2186 1423 2241 ἂν
1472 2185 1560 2241 οἴει
1617 2188 1834 2254 εὑρεῖν
1881 2193 1951 2248 τα
1993 2198 2064 2251 σα

75 2278 329 2341 κτήματα
384 2276 695 2341 πωλούμενα
720 2318 735 2339 ,
794 2273 885 2328 ubi
925 2274 1042 2328 sine
1085 2273 1191 2329 ullo
1244 2275 1543 2329 sententiae
1585 2274 1911 2336 detrimento
1945 2300 2067 2356 par-

77 2365 322 2436 ticipium
385 2365 700 2430 πωλούμενα
759 2370 969 2435 poterat
1025 2362 1221 2418 omitti.
1306 2362 1439 2418 Vide
1494 2371 1546 2419 et
1593 2380 1731 2436 quae
1767 2370 1951 2426 statim
1989 2391 2067 2430 se-

76 2462 336 2524 quuntur.

150 2540 211 2595 In
253 2558 367 2613 cap.
406 2541 544 2596 xxl.
589 2546 640 2595 5.
695 2539 819 2595 ὅταν
873 2541 957 2611 δέη
1012 2544 1174 2610 περᾶν
1229 2541 1460 2608 ἧμεριόυς
1511 2545 1673 2604 πλοῦς
1714 2544 2059 2616 ἐλαύνοντας,

46 2630 285 2700 -corrige
325 2630 626 2697 ἡμερησίους
667 2633 863 2693 πλοῦς,
907 2645 1139 2701 namque
1176 2628 1276 2683 hoc
1317 2628 1488 2683 solum
1533 2628 1587 2683 id
1627 2631 2062 2711 significatquod

75 2718 340 2772 sententia
382 2717 484 2772 loci
529 2718 757 2789 requirit
795 2735 893 2788 per
931 2727 1059 2773 totos
1097 2718 1207 2772 dies
1245 2734 1359 2772 esse
1400 2717 1795 2789 remigandum.

150 2806 211 2860 ln
255 2809 285 2878 5
328 2810 381 2861 4.
439 2807 706 2861 πείθεσθαί
742 2826 802 2859 τε
839 2808 927 2860 οὐκ
968 2805 1244 2869 ἀξιοῦντας
1286 2805 1409 2878 [οὐδ’
1449 2806 1775 2883 ε’θέλοντας],
1818 2814 2063 2884 quicum-

77 2909 181 2968 que
228 2893 675 2949 animadverterit
732 2910 837 2966 quo
878 2910 1040 2949 sensu
1089 2893 1444 2949 Athenienses
1485 2901 1539 2949 et
1594 2895 1647 2949 in
1689 2898 1834 2969 quali
1874 2918 1934 2959 re
1970 2923 2061 2979 ρο.

75 2995 205 3038 nere
242 2984 333 3037 οὑκ
373 2981 548 3047 ἀξιοῦν
589 2983 700 3038 sint
754 2981 928 3048 soliti,
985 2981 1145 3038 verba
1199 2984 1287 3037 οὐκ
1328 2982 1595 3044 ἐθέλοντας
1635 3000 1699 3039 ex
1741 2987 2060 3064 interpr-eta.

71 3078 256 3126 mento
298 3079 420 3126 nata
461 3070 696 3125 inducet.

152 3158 212 3214 ln
269 3162 391 3231 515.
452 3159 811 3231 suspiciosum
871 3157 1006 3213 mihi
1066 3165 1147 3215 est
1200 3159 1603 3228 αἰσχυνομένους
1665 3184 1724 3217 τε
1781 3164 2058 3235 ἔχουσιν

76 3248 290 3317 αἰσχρόν
328 3269 379 3303 τι
416 3254 611 3312 ποιεῖν,
666 3247 919 3319 quoniam
963 3246 1317 3303 Athenienses
1358 3247 1512 3304 video
1552 3250 1607 3304 in
1654 3251 1749 3306 tali
1789 3270 1848 3309 re
1902 3259 2062 3317 verbo

74 3338 299 3406 χρῆσθαι
339 3353 440 3390 non
483 3336 626 3405 ἔχειν
671 3337 749 3390 uti
799 3335 986 3391 solere.
1067 3335 1326 3391 Dicebant
1375 3338 1697 3404 πειθομένους
1750 3344 1964 3414 παρέχω
2006 3358 2059 3405 et

77 3426 235 3485 αὑτὸς
276 3424 583 3490 πειθομένοις
634 3427 879 3492 χρῶμαι,
929 3424 1278 3497 quamobrem
1335 3427 1649 3495 παρέχουσιν
1703 3428 1837 3483 mihi
1879 3436 2060 3493 verius

12 3532 13 3540 ¹
79 3527 195 3567 esse
254 3510 484 3566 videtur.
576 3512 633 3566 ln
691 3520 931 3567 extrema
990 3516 1018 3583 §
1083 3521 1251 3569 πονεῖν
1312 3515 1619 3585 importune
1680 3515 1923 3575 additum
1978 3534 2060 3582 est

81 3601 135 3655 in
190 3598 396 3654 verbis:
457 3602 543 3655 καὶ
593 3602 947 3667 σύμπαντας,
1015 3601 1227 3674 [πονεῖν]
1293 3599 1415 3656 ὅταν
1469 3602 1659 3672 δεήσῃ,
1715 3606 1803 3660 οὐκ
1851 3609 2058 3678 ἀθύμως
