2436 4068
1067 196 1169 247 5:57

122 357 226 393 non
269 346 445 410 polest
493 340 594 392 uisi
634 338 966 409 suppleveris
1001 341 1099 393 τῶν
1144 341 1398 394 τοιοῦτό
1449 361 1511 394 τι
1553 340 1888 402 ποιησάντων.

193 428 253 481 ln
303 431 330 498 §
371 432 423 482 6.
473 429 516 481 εἰ
557 428 609 481 δὲ
643 429 708 481 σὺ
741 427 828 480 οἴει
870 459 942 468 -
983 429 1093 482 οὐδὲ
1135 430 1269 481 τοῦθ’
1318 427 1475 490 οὕτως
1516 428 1665 497 ἔχει,
1707 428 2015 482 coniunctio
2055 429 2097 481 εἰ

114 533 395 587 perperam
439 516 613 586 posita
653 522 757 569 est.
839 514 1087 584 Requirit
1129 532 1261 569 usus
1301 516 1519 571 Graecis
1555 517 1917 587 Romanisque
1957 532 2101 569 com-

116 605 300 657 munis
340 612 392 658 et
434 604 679 672 utrisque
716 608 899 655 certus
935 603 987 654 in
1031 602 1122 656 tali
1167 620 1225 657 re
1272 621 1596 673 pronomen:
1640 604 1775 675 quod
1813 611 1996 658 autem
2040 611 2102 656 tu
2142 668 2145 670 ,

117 699 274 762 putas
312 722 424 755 —,
479 692 660 760 itaque
708 689 1117 759 corrigendum:
1161 686 1183 743 ὃ
1225 691 1277 744 δὲ
1323 693 1386 746 σὺ
1434 693 1542 747 οἴει.
1620 691 1878 763 Exempla
1933 691 1987 744 in
2042 707 2103 744 re

116 788 240 833 nota
281 778 451 832 multa
490 793 756 849 apponere
797 776 931 830 nihil
979 778 1195 833 attinet.
1276 779 1546 834 Proferam
1592 797 1758 834 unum
1805 796 1833 834 e
1872 779 2102 840 vicinia,

116 877 174 921 ut
215 866 386 921 obiter
436 865 736 920 emendem.
818 865 1041 935 Legitur
1090 865 1176 919 VI.
1226 870 1315 920 12.
1367 865 1390 920 ὃ
1446 870 1488 922 δ’
1534 868 1797 935 ἐζήλωσας
1845 869 1986 933 ἡμᾶς
2026 898 2102 907 ·-—

113 957 223 1010 οὐδὲ
263 957 410 1010 ταῦθ’
458 952 614 1014 οὕτως
666 953 811 1021 ἔχει,
872 952 962 1006 sed
1012 954 1375 1007 necessarium
1420 964 1502 1009 est
1555 957 1664 1009 οὐδὲ
1718 957 1890 1009 τοῦθ’
1944 952 2102 1014 οὕτως

115 1046 249 1113 ἔχει.
330 1041 604 1110 Quomodo
657 1050 816 1095 natus
865 1043 935 1096 sit
979 1059 1131 1097 error
1178 1045 1484 1115 perspicere
1535 1043 1670 1096 mibi
1715 1043 1918 1099 videor.
1996 1042 2103 1096 Lit-

113 1141 231 1188 tera
271 1129 496 1185 initialis
529 1129 571 1184 Ο
609 1147 637 1183 a
685 1128 863 1183 scriba
901 1131 1172 1184 omittitur
1211 1148 1241 1185 a
1284 1131 1618 1188 rubricator-e
1672 1129 1994 1201 supplenda:
2050 1135 2106 1183 at

118 1223 207 1276 isti
249 1218 476 1274 subinde
515 1216 767 1288 supplent
816 1219 954 1273 οὐδὲν
993 1221 1114 1286 πρὸς
1153 1219 1310 1284 ἔπος,
1365 1227 1427 1274 ut
1466 1219 1676 1274 abunde
1716 1217 2106 1272 demonstravi-

117 1326 239 1365 mus
274 1310 327 1362 in
365 1305 577 1361 Stobaei
619 1305 924 1377 Appendice
974 1306 1303 1362 Florentina.
1382 1309 1571 1379 Itaque
1610 1324 1777 1379 quum
1823 1302 1845 1360 ὃ
1887 1304 2106 1359 deberet

117 1397 312 1452 addere
353 1395 648 1449 oscitanter
683 1395 725 1447 εἰ
778 1394 1001 1449 addidit.
1084 1395 1286 1451 Eodem
1338 1396 1496 1451 modo
1536 1404 1722 1450 natum
1767 1410 2004 1449 errorem
2050 1395 2104 1445 in

115 1485 351 1559 Lycurgi
393 1483 678 1537 Leocratea
702 1481 834 1536 mihi
877 1481 1292 1555 deprehendisse
1321 1484 1540 1548 videor,
1587 1485 1675 1538 ubi
1715 1484 1915 1555 legitur
1959 1484 2102 1552 §88.

114 1578 381 1641 Ὁρᾶτε,
438 1571 616 1637 ὁμοίως
673 1571 884 1638 ἐφίλουν
925 1574 1017 1634 τὴν
1061 1573 1290 1641 πατρίδος
1330 1573 1628 1641 Λεωκράτει
1682 1575 1723 1627 οἱ
1773 1570 1893 1626 τότε
1947 1570 2104 1635 βασι·

114 1663 390 1721 λεύοντεςς
426 1658 518 1714 sed
560 1674 685 1712 vera
738 1661 1008 1730 scriptura
1050 1668 1165 1715 est:
1201 1660 1344 1730 ’Ἃροὶ
1386 1682 1452 1726 γε
1494 1662 1672 1728 ὁμοίως
1713 1661 1924 1730 ἐφίλουν
1961 1659 2104 1714 κτέ.;

115 1749 316 1820 Nempe
353 1765 523 1820 quum
565 1747 592 1771 ¹*
630 1755 1115 1805 ΡΑΓΕΟΜΟΙΩΣ
1156 1749 1207 1803 in
1252 1750 1477 1821 antiquo
1517 1750 1654 1803 libro
1701 1755 1879 1811 esset,
1921 1763 2107 1819 super·

116 1839 263 1893 venit
316 1838 497 1892 nescio
550 1836 673 1906 quis
727 1836 819 1906 qui
862 1837 1116 1892 omissam
1177 1837 1474 1892 litterulam
1517 1837 1655 1893 male
1699 1836 1930 1908 explevit
1970 1842 2023 1889 et
2064 1843 2100 1888 Γ

115 1928 169 1980 in
211 1934 259 1980 T
301 1925 548 1980 mutavit.
627 1923 688 1977 In
748 1926 776 1994 §
823 1928 875 1979 9.
928 1926 986 1979 τὸ
1026 1926 1079 1980 δὲ
1129 1927 1322 1981 τούτων
1378 1927 1673 1991 συντέμνειν
1728 1923 1869 1996 quod
1923 1923 2102 1994 requi-

114 2014 295 2070 rebam
339 2014 530 2069 τούτων
582 2034 632 2067 τι
682 2014 979 2079 συντέμνειν
1021 2013 1280 2069 Stobaeus
1332 2014 1475 2068 ultro
1520 2014 1730 2069 obtulit.
1812 2014 1872 2068 ln
1937 2015 1966 2082 §
2016 2015 2101 2067 10.

112 2120 212 2175 pro
270 2103 457 2170 νομίζοι
499 2101 740 2157 Dindors.
794 2110 954 2157 καλοῖ
988 2103 1227 2173 recepit:
1269 2110 1418 2157 recte
1458 2101 1718 2167 sortasse,
1759 2103 1847 2159 sed
1903 2111 1964 2158 ut
2002 2123 2103 2158 κοι-

110 2193 221 2253 λοίη
260 2189 564 2245 scribatur:
606 2198 785 2252 καλοῖς
840 2198 894 2245 et
932 2197 1092 2244 καλοῖ
1125 2190 1318 2262 populo
1358 2191 1536 2245 Attico
1593 2208 1698 2245 non
1758 2193 1942 2246 minus
1982 2191 2102 2246 inu·

110 2281 270 2335 sitata
312 2286 440 2334 sunt
480 2295 643 2350 quam
686 2286 918 2345 καλοῖμι.
993 2278 1148 2333 Iones
1183 2279 1422 2346 καλέοιμι
1459 2278 1746 2346 dicebant,
1785 2280 1952 2335 Attici
1995 2296 2100 2334 non

111 2367 270 2423 aliter
309 2384 471 2439 quam
528 2368 757 2430 καλοίην.
838 2365 1184 2422 Confundunt
1241 2369 1422 2423 omnia
1477 2368 1720 2433 scribae,
1782 2369 2098 2441 praesertim

109 2457 165 2511 in
209 2455 458 2520 Platone,
499 2455 591 2510 sed
629 2457 800 2510 nostri
841 2454 1004 2510 officii
1043 2463 1126 2511 est
1165 2458 1296 2510 istos
1337 2457 1391 2510 in
1431 2456 1674 2511 ordinem
1718 2474 1927 2528 cogere.

186 2543 246 2599 In
306 2560 423 2615 cap.
469 2543 527 2598 V.
576 2550 623 2599 1.
678 2562 776 2617 pro
814 2546 932 2605 τοὺς
973 2547 1213 2612 κοσμίους
1253 2545 1514 2600 Stobaeus
1554 2547 1672 2607 τοὺς
1710 2547 1967 2612 ἀλκίμους·
2008 2544 2100 2601 ha·

109 2631 235 2695 bet,
280 2630 421 2704 quod
461 2648 648 2687 verum
687 2633 919 2687 videtur.
999 2633 1225 2688 Eosdem
1270 2651 1393 2688 mox
1429 2634 1681 2701 ἀνδρείους
1724 2633 1973 2707 appellat.
2033 2633 2098 2688 In

114 2724 144 2792 S
186 2725 236 2775 2.
292 2719 477 2774 malim
517 2721 723 2777 πάντων
763 2720 794 2776 δ’
821 2743 871 2778 τι
922 2723 1167 2790 χαλεπὸν
1200 2724 1250 2777 ἐν
1282 2725 1568 2792 ἀνθρωπίνῳ
1617 2723 1716 2792 βίῳ
1754 2740 1848 2795 pro
1889 2722 2099 2778 πάντων

109 2809 159 2863 εἷ
199 2829 290 2871 τι,
352 2825 490 2879 quae
531 2825 635 2864 non
694 2818 841 2865 recte
898 2811 1235 2883 copulantur.
1315 2811 1502 2866 Ποὶντοο
1552 2807 1583 2864 ‹3'
1615 2831 1664 2866 τι
1715 2811 1916 2866 iniuria
1969 2828 2099 2867 non·

109 2912 407 2969 numquam
449 2904 503 2952 et
544 2897 664 2952 aliis
704 2906 758 2954 et
811 2897 944 2953 mihi
999 2898 1064 2954 de
1118 2898 1311 2955 mendo
1360 2907 1674 2971 suspectum
1731 2907 1782 2954 et
1837 2899 1965 2954 alibi
2012 2917 2099 2955 oc·

110 2987 286 3040 currit
345 2992 399 3039 et
458 2986 597 3058 apud
656 2986 1083 3059 Xenophontem.
1175 2988 1285 3043 Sub
1340 2988 1499 3044 tinem
1562 2990 1592 3059 §
1649 2995 1838 3059 gratus
1892 2988 2098 3060 accipio

109 3088 139 3127 a
180 3073 424 3129 Weiskio
464 3076 710 3142 εὐθυμίας
755 3093 849 3148 pro
892 3077 1187 3141 ἐπιθυμίας.
1269 3077 1503 3148 Egregia
1552 3077 1683 3132 item
1737 3084 1816 3131 est
1870 3076 2026 3131 lectio
2064 3093 2092 3130 a

112 3159 336 3216 Stobaeo
376 3171 588 3217 servata
641 3166 669 3234 §
712 3169 765 3219 ὕ.
809 3170 991 3232 ψυχῆς
1034 3166 1132 3220 ὑπὸ
1172 3166 1354 3235 φόβων
1408 3164 2094 3233 παραπεπληγμένης

111 3265 208 3320 pro
264 3253 824 3318 καταπεπληγμένης,
879 3253 1131 3307 dementis
1185 3254 1327 3307 enim
1390 3254 1559 3308 animi
1600 3253 1731 3308 baec
1774 3259 2095 3323 argumenta

115 3353 234 3392 esse
272 3340 574 3394 rectissime
607 3339 759 3394 dicit.
837 3340 950 3396 Non
1007 3349 1089 3395 est
1144 3340 1379 3396 difficilis
1418 3343 1562 3414 optio
1616 3344 1666 3395 in
1725 3344 1753 3411 §
1799 3344 1852 3395 6.
1907 3347 2093 3396 utrum

114 3428 499 3489 παρακολουθῶν
558 3430 758 3494 λυμεὼν
796 3429 1040 3494 γίγνεται
1084 3446 1144 3484 ac
1195 3436 1646 3499 συμπαρομαρτῶν
1686 3430 1952 3494 λυμαντὴρ
2009 3430 2097 3494 yl-

116 3532 299 3575 γνεται
337 3515 409 3567 sit
455 3514 817 3588 Xenophontis
868 3534 1078 3572 luanus,
1159 3518 1307 3572 lianc
1365 3518 1645 3573 lectionem
1705 3517 1860 3571 [inice
1915 3533 2095 3572 veram

119 3598 378 3655 Stobaeus
417 3604 665 3659 servavit.
750 3607 807 3660 lu
866 3609 890 3675 §
935 3610 988 3662 8.
1036 3604 1114 3661 οἷοι
1155 3608 1325 3672 μέντοι
1366 3608 1437 3661 σοι
1494 3607 1630 3659 τότ’
1675 3602 1728 3666 ἦν
1777 3605 1846 3658 τοὶ
1892 3607 2098 3674 λυπηροὶ
