2436 4068
1314 215 1418 266 612

377 360 522 415 nullo
560 358 716 414 modo
740 357 954 412 serenda
994 365 1142 422 sunt,
1183 374 1508 430 quamquam
1533 356 1846 413 Editoribus
1886 356 2042 411 aliter
2078 357 2245 411 videri
2278 374 2358 411 so-

373 449 467 505 let.
551 448 716 501 Estne
763 452 948 516 turpe,
1001 452 1060 499 ut
1110 445 1209 499 hoc
1258 454 1413 511 utar,
1468 447 1701 500 retinere
1749 445 2037 513 περιάπτειν
2090 461 2186 515 pro
2224 466 2357 512 περι·

371 533 627 601 βλέπεινῖ
707 532 867 586 Aliud
902 540 1082 587 autem
1122 541 1203 587 est
1244 533 1456 588 Stobaei
1494 533 1752 587 lectiones
1788 549 1884 604 per
1924 533 2035 585 vim
2072 532 2135 586 ad
2179 531 2358 602 vulga-

371 632 480 677 tam
523 620 775 675 Codicum
814 627 1120 674 nostrorum
1169 621 1494 692 scripturam
1531 620 1971 685 accommodare,
2016 619 2161 673 aliud
2213 636 2358 672 mon·
2431 607 2436 642 ·.

372 718 573 763 strosas
610 707 909 762 scribarum
951 708 1397 763 hallucinationes
1435 710 1702 779 attingere
1737 726 1840 762 non
1878 707 2105 770 audere,
2147 714 2200 761 et
2229 706 2358 778 quid

371 798 515 853 aliud
561 805 640 851 est
691 796 1012 863 περιόπτεινῗ
1098 797 1261 852 Video
1319 804 1496 851 tamen
1551 797 1847 862 Διόπτομοοι
1896 813 1928 849 a
1978 793 2251 850 Dindorfio
2306 796 2358 848 in

372 885 628 957 Stephani
678 883 1015 938 Thesaurum
1067 893 1343 956 receptum
1399 893 1451 939 et
1503 902 1569 939 ex
1609 885 1836 956 Josepho
1875 884 2061 940 GeneS.
2099 900 2147 954 p.
2192 886 2263 936 50
2297 883 2358 936 A.

371 974 551 1028 afferri
573 972 823 1025 διώπτετό
861 992 964 1034 τιςε
1011 978 1067 1025 tu
1103 973 1293 1027 διῶπτό
1322 995 1400 1034 τις
1438 989 1662 1044 repone,
1707 980 1759 1027 et
1801 971 2089 1026 absurdam
2129 970 2357 1024 formam
2428 985 2436 1043 g

371 1062 706 1116 inducemus·
787 1059 1066 1114 Eiusmodi
1106 1068 1185 1115 εει
1223 1062 1493 1132 scriptura
1529 1061 1670 1132 apud
1726 1062 2023 1131 Longinum
2070 1074 2229 1129 quem
2271 1075 2357 1111 vo·
2429 1061 2436 1138 j

369 1157 496 1204 cant
530 1147 566 1203 l.
593 1147 626 1200 l.
663 1147 886 1213 ἔμμοιτοο
915 1147 1131 1216 ςρέψοιις
1171 1166 1268 1219 pro
1300 1148 1522 1213 ὄμματα
1554 1149 1949 1216 μετοοςρέψοοις,
1990 1154 2044 1201 et
2077 1145 2180 1199 alia
2217 1162 2358 1199 com-
2428 1146 2436 1211 {-

368 1240 523 1311 plura
568 1235 875 1290 istiusmodi
912 1238 1097 1307 aequis
1135 1237 1332 1290 animis
1370 1235 1500 1290 ferri
1543 1236 1806 1292 videmus,
1889 1236 1950 1290 In
1989 1232 2358 1304 Xenophontis
2426 1225 2436 1287 ἔ

368 1327 516 1388 loco,
559 1341 720 1396 quem
757 1331 994 1378 tractare
1028 1325 1333 1395 coepinmS‚
1374 1326 1563 1378 vitiose
1610 1325 1875 1396 scriptum
1914 1331 1966 1378 et
2004 1322 2264 1378 Stohaeus
2304 1330 2358 1376 ct
2426 1293 2436 1392 ¹}

369 1416 676 1471 Athenaeus
717 1411 949 1467 afferunt
990 1413 1254 1481 πάσχειν,
1294 1410 1428 1479 ἅπερ
1479 1414 1565 1467 καὶ
1608 1413 1680 1468 τοὶ
1720 1418 1818 1467 τῶν
1858 1413 1910 1466 ἐν
1949 1420 2014 1481 τῇ
2050 1418 2122 1479 γῇ
2158 1410 2356 1478 φυομέ-
2426 1394 2436 1483 ,ξ

371 1525 499 1567 νων,
543 1501 648 1555 nisi
691 1498 831 1571 quod
874 1501 924 1553 ἐν
963 1509 1035 1570 γῇ
1077 1501 1343 1569 φυομένων
1385 1499 1545 1554 habet
1586 1500 1908 1555 Athenaeus,
1988 1497 2198 1569 Ecquid
2238 1514 2355 1552 esse
2421 1490 2436 1577 ξ

370 1597 545 1664 potest
600 1590 838 1659 ineptius
897 1605 1056 1659 quam
1114 1587 1383 1654 συμπόσια
1441 1593 1538 1642 τῶν
1596 1589 1646 1641 ἐν
1699 1597 1763 1658 τῇ
1809 1596 1880 1657 γῇ
1939 1587 2237 1656 φυομένων,
2290 1592 2352 1639 ut
2427 1582 2436 1638 'r'

369 1679 511 1751 apud
554 1676 839 1732 stobaeum
890 1683 1007 1741 cst,
1049 1675 1129 1730 vel
1185 1676 1407 1742 σώματα
1448 1679 1546 1729 τῶν
1599 1677 1648 1728 ἐν
1689 1684 1761 1745 γῇ
1819 1675 2117 1744 φυομένων,
2170 1681 2232 1727 ut
2271 1680 2354 1728 est

369 1768 510 1840 apud
549 1764 926 1821 Athenaeum?
986 1762 1343 1835 Opponuntur
1383 1769 1565 1817 autem
1607 1764 1750 1817 inter
1789 1780 1845 1817 se
1883 1763 1955 1818 τοὶ
1989 1765 2214 1828 σώματα
2254 1767 2352 1816 τῶν

370 1857 501 1926 ζῴων
541 1862 594 1909 ει
634 1854 703 1907 τοὶ
746 1854 796 1906 ἐν
833 1861 897 1921 τῇ
952 1861 1024 1921 γῇ
1067 1851 1344 1920 φυόμενοι,
1390 1857 1450 1905 ut
1489 1850 1632 1923 apud
1674 1850 1949 1906 Platonem
1993 1851 2049 1904 in
2102 1850 2348 1923 Sympos.

369 1963 419 2018 p.
458 1947 580 1999 186.
626 1942 683 1995 Α,
766 1941 907 1994 Haec
962 1941 1132 2011 igitur
1182 1939 1385 1994 dudum
1442 1939 1723 1994 emendata
1784 1939 2043 1994 habemus
2093 1940 2232 1993 δοκεῖ
2279 1939 2351 1992 τοὶ
2418 1927 2431 1960 ¹⁸

368 2039 464 2089 τῶν
517 2032 702 2098 ἀνδρῶν
764 2030 1047 2095 σώμοοτοο
1108 2028 1329 2083 τωύτὰ
1388 2027 1653 2095 πάσχειν,
1712 2026 1846 2095 ἅπερ
1898 2027 1985 2082 καὶ
2030 2026 2114 2081 τοὶ
2171 2027 2222 2079 ἐν
2274 2032 2346 2095 γῇ

366 2119 607 2191 φυόμενοι
647 2125 862 2189 praeter
901 2134 1069 2171 unum
1110 2116 1463 2180 vocabulum,
1504 2116 1644 2187 quod
1680 2115 1856 2170 adhuc
1890 2114 2206 2169 mendosum
2248 2122 2346 2168 est.
2414 2108 2432 2174 *s

364 2210 496 2264 Nam
539 2224 637 2261 cur
679 2207 862 2273 ἀνδρῶν
904 2206 1128 2270 σώματα
1171 2204 1611 2259 commemorat?
1683 2203 1845 2271 Quasi
1895 2219 2022 2257 vero
2062 2201 2161 2255 hoc
2213 2202 2345 2256 viro·
2414 2186 2431 2202 ’

363 2316 484 2351 rum
525 2310 747 2366 corpora
806 2294 1155 2364 praecipuum
1220 2293 1605 2364 propriumque
1645 2291 1939 2354 haberent,
1999 2289 2249 2361 idemque
2289 2291 2344 2344 in

365 2401 589 2456 corpore
627 2381 874 2436 muliebri
916 2398 1014 2435 usu
1051 2382 1234 2435 venire
1269 2397 1371 2434 non
1410 2386 1608 2452 posset.
1691 2379 1954 2451 Imposuit
1987 2377 2224 2432 librariis
2259 2395 2345 2433 ve·
2406 2415 2410 2424 ·

363 2486 453 2533 tus
505 2475 880 2547 compendium
925 2459 1173 2538 Afffm,
1235 2474 1375 2546 quod
1422 2489 1750 2546 quamquam
1799 2463 1879 2526 εεί
1932 2470 2346 2545 pervulgatum,

363 2575 542 2622 tamen
585 2563 846 2635 plurimos
886 2565 1085 2635 passim
1133 2580 1343 2618 errores
1383 2562 1607 2635 peperit.
1687 2559 1875 2631 Itaque
1913 2560 1986 2613 τοὶ
2021 2560 2120 2612 τῶν
2165 2559 2344 2626 οένθρώ·

361 2676 471 2711 πων
527 2652 752 2718 σώματα
799 2653 1183 2716 Γεειίιυεηιυε,
1244 2668 1382 2723 quae
1421 2649 1569 2704 vides
1622 2665 1783 2720 quam
1843 2648 1975 2701 bene
2013 2653 2119 2707 τοῖς
2173 2648 2222 2700 ἐν
2273 2655 2344 2716 γῇ
2408 2675 2411 2677 >

362 2742 632 2814 φυομένοις
687 2747 1040 2811 opponantur.
1121 2740 1472 2794 Notissimum
1529 2745 1610 2792 est
1664 2742 1793 2809 quot
1846 2734 2042 2790 menda
2096 2751 2341 2806 compen·
2434 2799 2436 2802 Ι

362 2838 513 2892 dium
553 2820 746 2890 Affic
784 2833 1069 2903 pepererit.
1155 2832 1325 2886 Unum
1365 2830 1556 2885 addam
1597 2846 1661 2884 ex
1698 2830 2002 2883 Democrito
2043 2828 2183 2900 apud
2227 2828 2340 2882 Sto·

358 2926 552 2981 haeum
606 2920 788 2976 Floril.
831 2920 1013 2974 XLVI.
1057 2923 1146 2974 46.
1229 2920 1403 2981 Μηδέν
1455 2940 1505 2973 τι
1548 2922 1755 2984 μᾶλλον
1801 2919 1919 2978 τοὺς
1966 2917 2340 2985 ἀνθρώπους
2401 2935 2412 2994 ¹³3

359 3012 614 3069 οοίδέεσθοοι
673 3011 894 3072 ἑωυτοῦ,
958 3014 1016 3061 tu
1075 3007 1250 3061 scribe
1308 3009 1424 3068 τοὺς
1488 3006 1699 3067 ἄλλους.
1792 3004 2010 3059 Scribae
2065 3004 2166 3058 sibi
2223 3005 2340 3065 τοὺς

359 3094 507 3166 οὶῖους
555 3104 659 3157 visi
713 3109 839 3156 sunt
899 3100 1097 3156 videre.
1179 3102 1240 3156 In
1282 3102 1387 3165 iis,
1443 3118 1580 3171 quae
1620 3100 1803 3153 statim
1857 3102 2192 3168 sequuntur:
2249 3098 2336 3150 κοιὶ
2397 3099 2413 3174 J,

358 3197 466 3262 γὰρ
505 3193 714 3251 ἐκεῖνοι,
765 3188 889 3243 ὅταν
934 3190 1028 3254 μὲν
1077 3190 1098 3241 ὁ
1140 3190 1245 3249 θεὸς
1288 3189 1428 3244 αὐτοὶ
1472 3187 1615 3253 ἄγαν
1655 3185 1891 3258 [ἀθρόως]
1934 3183 2113 3253 ποτίζῃ
2159 3185 2212 3237 οὐ
2255 3184 2336 3238 δύ·
2386 3191 2407 3231 1'.

360 3301 512 3340 υοιτοιι
555 3279 836 3346 ὀρθοῦσθαι,
881 3275 1019 3330 male
1060 3275 1241 3329 sedula
1279 3292 1471 3328 manus
1511 3275 1695 3342 ἁθρόως
1738 3273 1948 3336 allevit,
1989 3278 2078 3325 aut
2136 3271 2200 3324 ad
2249 3288 2334 3326 ex·
2391 3281 2402 3350 J
2429 3257 2436 3356 ᾗ

358 3367 668 3445 plicandum
710 3365 839 3437 quid
879 3371 1020 3417 esset
1060 3362 1203 3427 ἄγοιν
1253 3362 1504 3429 ποτίζειν,
1561 3369 1655 3416 aut
1711 3379 1773 3415 ex
1830 3360 2024 3414 vicinis
2065 3359 2122 3421 ἢν
2164 3359 2336 3426 ἀθρόον
2386 3354 2436 3440 j,‘⁴

359 3464 418 3517 τὸ
459 3456 613 3512 ποτὸν
665 3454 995 3520 ἐγχεώμεθα.
1076 3451 1468 3504 Venustissime
1508 3449 1710 3504 dictum
1764 3455 1843 3503 est
1893 3446 2036 3511 ἄγαν
2076 3446 2335 3514 ποτίζειν,
2388 3445 2436 3517 ξι

275 3558 282 3563 ’
359 3561 527 3620 quum
577 3541 821 3596 homines
882 3539 985 3610 ipsi
1039 3538 1196 3592 πίνειν
1240 3538 1383 3603 etym
1425 3538 1703 3601 dicantur,
1760 3543 1814 3591 et
1853 3540 1877 3590 ὁ
1910 3536 2030 3590 alm
2067 3532 2220 3595 πότος
2270 3534 2333 3588 de
2392 3531 2429 3585 ’ἶ

356 3634 514 3690 nimio
549 3638 674 3701 polu
717 3628 975 3681 usitatum
1028 3627 1106 3681 sic
1159 3626 1350 3680 dicore.
1436 3625 1664 3680 Omnino
1715 3641 1880 3696 quum
1938 3622 2078 3688 ἄγαν
2133 3630 2183 3676 ct
2237 3643 2326 3688 με·
