2436 4068
1324 229 1426 279 180

398 373 469 427 At
510 389 680 444 neque
715 376 992 438 μετακλοῖν
1031 371 1292 424 Graecum
1328 389 1443 425 esse
1480 378 1681 442 potest,
1725 372 1807 445 (ut
1841 390 2011 443 neque
2045 375 2376 444 μεταγνυμι,

394 462 821 528 μεταρρήγνυμι,
876 460 1179 526 μετατρίβω
1236 476 1408 530 neque
1468 458 1762 530 quidquam
1815 459 2141 534 huiusmodi)
2201 480 2374 535 neque

394 548 802 615 οἱμετοέκλαςος,
859 545 1206 617 quamobrem
1255 547 1641 613 οὶμετοέπλαςον
1695 565 1883 602 censeo
1924 564 2038 602 esse
2077 552 2375 606 rescriben-

393 637 544 691 dum.
626 635 727 689 Sed
768 633 926 688 redeo
966 634 1032 688 ad
1075 634 1212 698 λέξιν
1260 638 1521 701 κωμικήν,
1570 636 1725 690 cuius
1775 635 1950 689 locum
2006 635 2374 709 redintegrare

391 725 698 796 coepimus:
754 728 1034 793 postquam
1102 724 1213 777 ἐπεὶ
1269 726 1313 778 οἱ
1373 722 1636 791 Βυζάντιοι
1702 726 1812 779 κτὲ.
1881 733 2223 794 persanatum
2294 737 2375 783 est

391 812 538 866 nullo
586 811 797 881 negotio
848 817 1058 864 caetera
1103 812 1180 864 sic
1231 812 1618 867 restituentur:
1674 812 1980 880 Σιδοὲρεοι
2037 815 2196 868 &solz
2252 822 2373 884 παρ’

392 899 721 969 Ἀριςοφοένει
754 900 805 952 ἐν
841 899 1158 967 Νεφέλαις·’
1190 899 1288 973 (vs.
1331 903 1436 953 247
1475 899 1612 973 sqq.)

695 988 862 1047 ποίους
904 988 1038 1048 θεοὺς
1080 990 1200 1053 ὀμεῖ
1235 987 1325 1051 σός
1369 992 1560 1054 πρῶτον
1600 988 1705 1054 γαρ
1747 989 1844 1042 θεοί

694 1078 814 1141 ἡμῖν
855 1075 1066 1142 νόμισμ’
1104 1079 1193 1130 οὐκ
1232 1074 1325 1132 ἔςι.
1361 1086 1417 1130 Β.
1459 1078 1528 1143 τῷ
1569 1077 1673 1144 γαρ
1711 1076 1914 1142 ὄμνυτ’ς,
1958 1077 1987 1139 ἢ

693 1163 1023 1230 σιδαρέοισιν,
1065 1162 1231 1230 ὥσπερ
1271 1165 1322 1217 ἐν
1362 1163 1651 1232 Βυζαντίῳ;

387 1251 500 1306 ἐπεὶ
542 1253 586 1305 οἱ
626 1251 888 1319 Βυζάντιοι
938 1253 1045 1306 κτὲ.
1126 1250 1355 1306 Omnino
1405 1252 1634 1306 eximiae
1679 1251 1938 1322 reliquiae
1984 1259 2076 1315 τῆς
2129 1263 2370 1320 Κωμικῆς

386 1339 590 1404 Λέξεως
631 1340 772 1412 apud
811 1340 1139 1413 Hesychium
1175 1341 1373 1411 passim
1415 1346 1650 1404 exstant,
1692 1339 1785 1394 sed
1830 1339 2135 1395 foedissime
2187 1342 2372 1414 depra-

385 1436 539 1483 vatae
561 1430 888 1500 resectisque
909 1435 1189 1499 poetarum
1219 1435 1272 1482 et
1299 1427 1601 1482 fabularum
1634 1427 1964 1492 nominibus,
1998 1437 2054 1484 ut
2086 1431 2138 1483 in
2174 1433 2371 1498 Ἀροῦ-

386 1538 447 1571 σι
484 1516 655 1585 τρία;
698 1516 782 1571 ἐπὶ
819 1517 944 1571 οἴνου
979 1517 1190 1582 ἐλέγετο
1222 1519 1330 1571 κτέ.
1374 1534 1439 1571 ex
1477 1516 1694 1571 Cratino
1733 1515 1875 1588 apud
1915 1516 2106 1572 Athen.
2146 1535 2195 1590 p.
2216 1523 2286 1574 29
2306 1521 2368 1574 D.

689 1603 792 1669 οἴμ’
832 1607 896 1665 ὡς
934 1606 1141 1666 ἁπαλὸς
1182 1606 1268 1659 καὶ
1310 1606 1521 1665 λευκός.
1565 1601 1645 1672 ἆρ’
1683 1606 1804 1659 οἴσει
1844 1605 1988 1672 τριά;

386 1699 441 1747 et
481 1710 530 1747 v.
573 1695 660 1746 'Ev
699 1692 808 1760 Κέῳ
845 1692 924 1753 τίς
965 1693 1157 1760 ἧμέρα;
1198 1711 1227 1748 e
1264 1694 1377 1748 loco
1416 1694 1646 1748 Cratetis
1686 1692 1827 1764 apud
1865 1692 2055 1747 Athen.
2100 1711 2148 1765 p.
2179 1701 2280 1749 117
2311 1697 2367 1749 B.

575 1782 698 1834 παῖ’
730 1781 944 1844 ἐκεῖνον,
983 1780 1124 1849 ἄγχ’
1165 1783 1375 1836 ἐκεῖνον.
1417 1783 1468 1835 ἐν
1499 1782 1607 1849 Κέῳ
1652 1782 1732 1842 τίς
1769 1781 1960 1847 ἧμέρα;

386 1868 478 1924 ubi
511 1868 684 1923 Codex
723 1869 916 1923 unicus
935 1870 1238 1924 Marcianus
1273 1872 1545 1935 ἐγκαιῶτις
1584 1869 1748 1935 ἡμέρα
1789 1867 2031 1933 exhibet,
2064 1870 2205 1940 quod
2242 1871 2367 1925 Por-

384 1973 548 2011 sonus
589 1957 911 2012 emendavit.
994 1957 1132 2012 Alibi
1170 1958 1492 2031 Hesychius:
1534 1957 1985 2012 Τακτονίτουε
2026 1958 2098 2011 τοὶ
2131 1965 2228 2013 ’τῶν
2262 1980 2366 2025 μα-

383 2046 564 2113 γείρων
603 2043 732 2113 ξηροὶ
772 2046 1059 2113 οὲρτύματα
1103 2048 1212 2101 κτὲ.
1294 2045 1505 2118 Optime
1542 2046 1778 2100 Pierson.
1817 2043 1883 2097 ad
1918 2045 2137 2101 Moerid.
2184 2064 2232 2118 p.
2259 2050 2366 2101 55⁶2.

382 2135 488 2188 τοὶκ
536 2137 626 2187 τοῦ
676 2132 839 2201 νίτρου
892 2135 1155 2198 correxit,
1198 2134 1338 2206 quod
1380 2134 1445 2188 ad
1493 2133 1755 2204 Anaxippi
1800 2132 1976 2187 locum
2023 2132 2365 2190 referendum

385 2220 527 2294 apud
564 2220 757 2275 Athen.
799 2239 848 2293 p.
883 2225 987 2276 169
1029 2223 1084 2275 Β.

690 2312 744 2363 οὐ
783 2311 857 2374 μη
898 2311 1131 2377 πρότερον
1170 2310 1347 2374 οἴσεις,
1388 2312 1565 2365 θεοῖσιν
1606 2311 1755 2377 ἐχθρὲ
1795 2310 1891 2372 σύ,

686 2398 743 2451 τὸ
783 2400 1058 2464 λεβήτιον·
1100 2401 1205 2452 τοξκ
1245 2403 1333 2452 τοῦ
1375 2399 1564 2466 νίτρου·
1609 2399 1769 2452 πάλιν
1810 2400 2027 2463 ὑςερεῖς;

383 2485 473 2540 ubi
513 2486 566 2539 in
599 2485 869 2540 Marciano
908 2485 1043 2540 libro
1077 2494 1185 2540 est:
1240 2489 1343 2541 κοέκ
1393 2491 1698 2555 τοῦλητρου,
1753 2485 1989 2540 confusis
2032 2493 2133 2539 AH
2168 2492 2221 2540 et
2260 2495 2366 2552 NI,

381 2581 443 2629 ut
477 2575 707 2646 saepius,
770 2574 1005 2646 Turpius
1043 2575 1208 2628 etiam
1258 2573 1669 2646 depravatassst
1718 2574 1982 2646 particula
2016 2581 2108 2636 τῆς
2139 2583 2364 2640 κωμικῆς

379 2661 566 2726 λέξεως
607 2680 655 2716 v.
698 2663 1336 2730 Ἐγκεκριωρωμένηε
1388 2663 1474 2717 δια
1494 2665 1714 2730 Κριώραν
1754 2665 1845 2726 την
1882 2665 2229 2730 Μεγακλέους
2265 2688 2362 2732 μη-

378 2750 504 2818 τέρα
543 2753 632 2804 τοῦ
665 2751 1100 2817 Ἀλκμαιωνίδου.
1143 2751 1217 2809 ἔςι
1266 2751 1318 2806 δὲ
1359 2751 1654 2817 ἐνειλημένη
1701 2752 1788 2806 καὶ
1830 2755 2231 2821 κεκορδυλημένη
2271 2756 2358 2809 καὶ
2399 2749 2428 2814 ΪΙὲ

381 2840 820 2905 ἐγκεκαλυμμένη
861 2842 948 2894 καὶ
991 2839 1333 2905 σεμνυνομένη
1363 2841 1432 2907 τῷ
1467 2841 1624 2904 γένει.
1683 2840 1866 2912 Inepte
1907 2843 2200 2912 permixtae
2237 2849 2363 2898 sunt

382 2928 520 2983 duae
557 2927 722 2990 λέξεις
763 2944 827 2981 ex
859 2927 1233 2999 Aristophanis
1268 2927 1510 2982 Nubibus
1555 2946 1627 2982 νε.
1675 2933 1743 2983 10

761 3017 812 3069 ἐν
853 3015 1007 3070 πέντε
1047 3017 1275 3084 σισύραις
1316 3017 1823 3083 ἐγκεκορδυλημένος.

384 3111 434 3159 et
479 3120 552 3158 vs.
594 3106 664 3157 48

764 3193 953 3257 σεμνὴν
972 3233 984 3255 ,
1024 3197 1299 3261 τρυφῶσαν
1318 3236 1332 3258 ,
1375 3193 1882 3261 ἐγκεκοισυρωμένην.

381 3277 524 3334 unde
569 3280 749 3333 omnia
801 3279 1101 3334 scribarum
1150 3282 1280 3334 vitia
1328 3289 1382 3336 et
1434 3281 1648 3336 fraudes
1697 3279 2001 3351 perpluunt.
2081 3280 2359 3336 Praeclare
2434 3335 2436 3346 2

382 3366 688 3421 Dindorfius
709 3366 884 3421 locum
924 3383 952 3420 e
988 3366 1125 3430 λέξει
1158 3377 1369 3438 Κωμικῇ
1405 3369 1743 3440 depromtum
1775 3367 1914 3438 apud
1938 3366 2265 3439 Hesychium
2310 3386 2356 3422 v.
2432 3383 2436 3406 ³

383 3455 883 3521 Καταπληγκμήσει
919 3453 1061 3528 (Cod.
1092 3472 1175 3526 ap.
1210 3455 1447 3530 Schow.)
1478 3455 1780 3511 emendavit
1808 3454 1874 3508 ad
1912 3454 2091 3525 Steph.
2118 3454 2272 3510 Thes,
2309 3474 2358 3510 v.
2428 3464 2436 3522 J?

384 3543 831 3608 Καταπλίσσομαι
870 3548 921 3595 et
944 3544 1210 3597 revocavit
1225 3545 1658 3609 Καταπλιγησειῑ
1701 3545 2179 3611 κατακρατηθήσει,
2215 3560 2356 3598 sunl-
2427 3510 2436 3699 l

387 3636 501 3686 tum
528 3647 590 3686 ex
612 3630 982 3704 Aristophanis
1004 3630 1165 3686 nobili
1184 3631 1295 3687 loco
1318 3632 1457 3704 apud
1480 3631 1736 3689 Galenum
1760 3631 1931 3688 Pracf.
1956 3631 2075 3688 Lex.
2110 3632 2356 3704 Ilippocr.
2429 3701 2432 3715 .

2420 3718 2436 3995 i·

2426 3907 2436 4068 1

2419 4012 2422 4058 i
