2436 4068
1037 211 1141 264 257

399 357 555 423 κάμοὶ
595 357 741 422 λέγει
782 359 878 422 μὲν
916 359 972 410 οὐ
1010 362 1229 426 σαφῶς,
1272 355 1419 422 λέγει
1458 357 1510 410 δέ
1550 374 1655 418 πως
1678 397 1692 420 ,

395 449 533 511 ἡμᾶς
573 446 669 510 μὲν
707 444 876 507 ἄλλην
916 450 1080 508 γαῖαν
1120 444 1363 513 εὑρίσκειν
1408 442 1558 508 τινά,

396 533 552 594 αὐτὸς
589 533 643 587 δὲ
691 538 852 586 σῶσαι
891 533 1040 594 τήνδε
1092 533 1433 598 βούλεται
1487 531 1681 600 χθόνα,

93 621 187 678 ubi
216 620 496 687 βούλεσθαι
534 627 682 675 certa
721 618 1092 695 emendatione
1132 621 1373 674 restituit
1414 622 1621 692 primus
1658 619 1943 685 Reiskius,
1984 618 2073 676 de-

91 708 216 764 inde
251 707 371 772 alii,
411 707 503 762 sed
538 723 694 761 nemo
728 723 845 762 eam
882 707 1114 778 recepit,
1154 708 1307 778 quasi
1337 708 1553 779 vulgata
1588 708 1747 763 lectio
1780 705 1889 762 ullo
1917 717 2072 780 pacto

90 798 293 852 servari
345 802 440 850 aut
486 796 733 850 excusari
781 801 975 866 posset.
1055 792 1197 849 Haec
1246 811 1458 866 quoque
1497 813 1592 868 per
1631 795 1846 851 voculas
1884 796 1980 861 μέν
2019 804 2074 852 et

91 885 144 940 δέ
184 885 262 939 sic
302 884 593 956 composita
632 890 794 946 sunt,
835 889 896 937 ut
928 882 1075 948 λέγει
1109 915 1185 925 --
1210 883 1491 948 βούλεσθαι
1532 884 1690 946 αὐτός
1736 901 1840 938 non
1890 885 2073 940 minus

88 973 198 1028 sint
238 973 381 1026 inter
418 988 474 1026 se
506 969 878 1041 coniungenda
915 987 1075 1042 quam
1126 971 1274 1036 λέγει
1311 973 1453 1036 ἡμᾶς
1501 972 1775 1039 εὑρίσκειν,
1832 972 1924 1027 sed
1964 989 2071 1027 non

89 1059 371 1134 capiebant
415 1058 835 1123 homuncioneS‚
889 1058 1019 1130 quid
1058 1067 1200 1114 esset
1248 1062 1389 1125 ἡμᾶς
1438 1060 1533 1125 μὲν
1579 1060 1860 1128 εὑρίσκειν,
1915 1063 2072 1122 αὐτὸς

88 1149 142 1206 δὲ
181 1149 492 1215 βούλεσθαι,
531 1148 785 1219 quoniam
824 1147 927 1218 ipsi
962 1147 1016 1200 in
1057 1146 1254 1202 talibus
1287 1154 1475 1202 contra
1512 1148 1766 1219 antiquae
1806 1146 2076 1202 Graecita-

91 1238 166 1292 tis
204 1243 406 1292 certam
450 1235 622 1307 legem
660 1237 818 1291 αὐτὸν
857 1236 909 1290 δὲ
956 1235 1237 1302 βούλεσθαι
1281 1234 1616 1307 negligenter
1655 1234 1935 1300 dicebant,
1989 1235 2075 1291 de·

92 1324 217 1381 inde
271 1325 464 1380 inscite
517 1332 751 1379 veterem
809 1340 966 1378 nsum
1022 1322 1418 1396 depravabant,
1471 1324 1628 1378 cuius
1675 1323 1755 1378 rei
1802 1323 2080 1397 complura

19 1429 38 1506 ἦ
92 1412 331 1486 exempla
379 1413 433 1467 in
474 1413 653 1484 priore
691 1418 842 1485 parte
881 1413 1292 1484 expromsimuS.
1372 1411 1727 1467 Peridoneum
1769 1411 2075 1485 exemplum

23 1510 34 1575 ξς
88 1499 243 1556 video
276 1499 469 1556 afferre
508 1499 807 1555 Dobraeum
842 1499 909 1554 ad
940 1500 993 1557 h.
1015 1499 1049 1555 l.
1091 1517 1156 1555 ex
1183 1499 1558 1555 Demosthenis
1588 1499 1823 1555 Midiana
1860 1518 1913 1573 p.
1936 1504 2076 1566 580,

2 1580 33 1682 sl
92 1593 143 1646 9.
196 1589 413 1658 νομίζεις
470 1591 611 1655 ἡμᾶς
661 1589 758 1655 μὲν
803 1587 1077 1652 ἀνέξεσθαί
1115 1609 1232 1654 σου,
1278 1590 1435 1650 αὐτὸς
1475 1589 1527 1643 δὲ
1578 1590 1898 1654 τυπτήσεινς
1959 1590 2078 1645 Alia

0 1688 27 1762 g.-
90 1677 351 1750 quaedam
394 1675 700 1731 Dindorfius
739 1677 988 1750 apposuit
1022 1677 1387 1749 Xenophontis
1424 1677 1628 1732 Hellen.
1666 1677 1732 1732 11.
1770 1696 1805 1732 1.
1847 1681 1941 1732 26.
1977 1680 2076 1733 αὖ·

0 1794 11 1912 ἒ

8 1771 27 1782 '
89 1765 191 1822 το)
245 1767 353 1833 γὰρ
399 1770 484 1819 νῦν
524 1773 838 1834 ςροιτηγεῑν,
893 1767 983 1820 οὐκ
1021 1766 1242 1828 ἐκεῖνον,
1297 1764 1388 1819 ubi
1431 1767 1603 1820 maior
1644 1782 1769 1837 pars
1816 1765 2074 1821 librorum

92 1858 278 1915 αὐτοὺς
317 1854 422 1920 γάρ
462 1853 691 1908 exhibet.
773 1852 917 1907 Idem
962 1854 1015 1906 in
1058 1854 1222 1908 simili
1261 1871 1319 1908 re
1359 1854 1703 1909 Demostheni
1743 1852 2077 1909 reddidimus

0 1958 9 2006 ι’,
91 1944 195 2015 ipsi
237 1961 285 2014 p.
328 1946 489 1997 1080.
532 1941 688 2002 αὐτὸς
731 1942 983 2009 κρίνεσθαι
1025 1941 1112 1995 καὶ
1155 1943 1248 2008 ἐμὲ
1287 1943 1462 2008 λέγειν
1502 1944 1553 1997 ἐν
1593 1944 1747 2008 ὑμῖν,
1789 1941 1880 1997 ubi
1920 1945 2078 1998 αὐτὸν

0 2047 11 2087 ·.
91 2033 375 2097 κρίνεσθαι,
411 2029 550 2102 quod
589 2028 642 2082 in
665 2028 914 2083 omnibus
949 2029 1099 2084 libris
1121 2030 1431 2101 est,quibus
1452 2030 1712 2085 debeatur
1732 2029 2080 2087 manifestum

92 2127 189 2174 est.
233 2118 431 2191 Nempe
467 2118 653 2172 iisdem
676 2160 691 2180 ‚
739 2118 831 2188 qui
855 2116 1105 2172 Herodoti
1143 2117 1317 2172 locum
1341 2118 1384 2174 1.
1411 2122 1501 2173 56.
1543 2120 1621 2174 sic
1653 2117 2079 2189 interpolarunt:

91 2206 312 2275 ἐλπίζων
336 2208 536 2272 ἡμίονον
569 2205 775 2271 οὐδαμὰ
796 2208 911 2260 ἄντ’
932 2206 1106 2274 ἀνδρὸς
1127 2207 1465 2272 βασιλεύσειν
1485 2209 1691 2271 Μήδων.
1713 2207 1815 2262 οὐδ’
1836 2204 1899 2261 ὦν
1921 2209 2079 2269 αὐτὸς

90 2295 202 2350 οὐδὲ
241 2297 285 2349 οἱ
315 2293 372 2358 ἐξ
402 2298 562 2350 αὐτοῦ
595 2294 891 2348 παύσεσθοιί
917 2315 1036 2349 κοτε
1069 2302 1161 2357 τῆς
1197 2296 1366 2363 ἀρχῆς
1409 2312 1504 2367 pro
1536 2296 1646 2350 οὐδὲ
1667 2296 1784 2355 τοὺς
1807 2294 1864 2359 ἐξ
1883 2298 2077 2351 adv-05:

32 2380 33 2388 ’
91 2399 195 2438 non
237 2382 346 2437 vidi
399 2382 553 2438 facile
608 2381 740 2436 alias
778 2389 889 2438 tam
947 2383 1182 2438 immane
1223 2384 1275 2437 in
1331 2383 1429 2438 hoc
1479 2400 1674 2456 genere
1721 2383 1934 2438 vitium.
2014 2386 2077 2440 In

90 2469 357 2544 plerisque
411 2471 463 2524 in
506 2470 830 2526 contrariam
877 2479 1083 2543 partem
1136 2471 1287 2527 video
1337 2473 1546 2544 peccari
1603 2479 1655 2527 et
1706 2473 2079 2528 accusativum

90 2561 419 2614 nominativo
473 2558 767 2624 substitui,
828 2567 889 2614 ut
930 2560 1071 2632 apud
1128 2560 1476 2616 Plutarchum
1532 2561 1586 2615 in
1641 2559 1831 2615 Crasso
1871 2561 2077 2618 XXIII:

89 2649 253 2713 ὀλίγοι
301 2650 647 2713 ἀπήγγειλαν
701 2649 1029 2703 ἀπολωλέναι
1078 2650 1195 2710 τοὺς
1245 2649 1439 2711 ἄλλους
1482 2651 1578 2704 ὑπὸ
1632 2655 1731 2704 τῶν
1783 2652 2078 2717 πολεμίων,

87 2738 275 2798 αὐτοὺς
315 2737 367 2790 δὲ
406 2736 558 2802 μόλις
598 2736 889 2804 ἐκφυγεῖν,
935 2754 1036 2791 non
1078 2744 1159 2792 est
1194 2737 1516 2792 Plutarchus
1557 2745 1666 2791 tam
1709 2737 1986 2809 negIIgens
2026 2749 2080 2795 et

88 2822 408 2882 Graecitatis
458 2825 713 2896 ignaruS‚
771 2831 831 2879 ut
871 2842 974 2880 non
1016 2827 1295 2898 scripserit
1334 2827 1479 2882 αὐτοὶ
1519 2827 1589 2881 δέ.
1670 2826 1911 2882 Grassati
1950 2837 2078 2883 sunt

89 2914 291 2986 pariter
333 2913 385 2965 in
427 2910 527 2966 hoc
567 2930 762 2984 genere
803 2915 854 2967 in
897 2913 1146 2968 omnibus
1186 2914 1576 2986 scriptoribus.
1620 2914 1870 2987 optimiS‚
1911 2919 2076 2988 pessi-

87 3001 207 3057 mis,
288 2999 440 3073 Apud
497 3001 905 3056 Demosthenem
960 3001 1025 3057 de
1080 3002 1139 3057 F.
1176 3002 1233 3059 L.
1294 3020 1344 3075 p.
1384 3006 1528 3067 384,
1571 3006 1658 3057 24.
1720 3003 1775 3057 in
1828 3004 2077 3060 omnihus

87 3087 369 3145 codicibus
403 3096 511 3144 esl:
553 3088 674 3152 ὅλην
710 3112 770 3145 τε
804 3093 895 3155 τὴν
935 3091 1085 3147 πόλιν
1119 3089 1246 3146 οὕτω
1281 3091 1368 3146 καὶ
1410 3095 1555 3160 σφοῖς
1585 3092 1879 3158 ὡμολόγουν
1916 3093 2077 3161 ὑπάρ-

88 3175 193 3242 ξειν
232 3179 411 3245 αὐτῷ,
458 3194 597 3232 unus
640 3186 850 3234 tantum
898 3178 989 3234 sed
1031 3178 1185 3252 longe
1225 3181 1461 3252 optimus
1497 3180 1584 3235 καὶ
1627 3186 1783 3250 σφεῖς
1824 3183 2074 3237 servavit.

90 3263 167 3321 Ne
207 3267 259 3320 in
303 3266 533 3338 Diogene
585 3266 794 3322 Laertio
833 3267 1050 3339 quidem
1105 3275 1221 3323 crat
1259 3267 1538 3324 serendum
1574 3267 1640 3323 11.
1685 3273 1773 3324 54.
1833 3269 1986 3335 ἔλεγε
2025 3269 2076 3324 δὲ

97 3354 417 3427 (Σωκράτης)
458 3357 575 3417 τοὺς
615 3357 710 3421 μὲν
749 3356 943 3417 ἄλλους
982 3358 1265 3424 ἀνθρώπους
1309 3359 1395 3425 ζῆν
1436 3354 1496 3411 ἵν’
1535 3357 1773 3420 ἐσθίοιεν,
1831 3359 1985 3412 αὑτὸν
2025 3358 2076 3411 δὲ

35 3461 42 3506 3
99 3442 274 3496 ἐσθίειν
313 3442 394 3496 ἵνα.
427 3443 557 3512 ζώῃ,
601 3461 694 3515 pro
734 3445 890 3507 αὐτὸς
939 3446 991 3500 δέ
1028 3452 1081 3500 et
1121 3444 1202 3500 ἵνα
1243 3445 1339 3514 ζῴη
1366 3451 1400 3500 ¹.
1483 3444 1629 3500 Idem
1672 3445 1860 3498 vitium
1906 3445 1957 3498 in
1996 3463 2078 3500 eo·

168 3639 202 3681 ¹?
256 3648 366 3689 Solet
419 3651 647 3694 scribarum
686 3654 798 3696 natio
845 3645 966 3708 ζῴης
1002 3662 1044 3697 et
1082 3646 1176 3707 ζῴη
1215 3657 1275 3697 sic
1311 3657 1535 3710 depravare
1584 3656 1625 3694 in
1668 3643 1787 3707 ζῶῃς
1824 3659 1866 3694 02
1902 3645 1995 3709 ζώῃ
2031 3661 2076 3697 ⁰2
