2436 4068
1315 249 1422 299 420

381 391 478 446 ba:
531 392 785 457 βασιλεὺς
825 393 875 445 δὲ
924 390 1030 461 [καὶ
1069 392 1110 442 οἱ
1153 391 1242 442 σὺν
1292 392 1455 463 αὐτῷ]
1501 392 1682 445 διώκων
1734 393 1995 446 εἰσπίπτει
2049 394 2119 453 εἰς
2160 394 2219 447 τὸ
2256 396 2353 450 Κύ·

381 499 503 545 ρειον
544 480 851 546 ςρατόπεδον
896 494 1020 531 cum
1066 481 1093 545 ξ
1131 481 1180 530 ⁶2.
1235 479 1491 542 βασιλεὺς
1543 480 1594 532 δὲ
1645 479 1731 532 καὶ
1777 482 1820 533 οἱ
1872 481 1963 534 σὺν
2003 481 2143 549 αὐτῷ
2183 480 2253 535 τά
2296 503 2356 536 τε

383 567 531 620 ἄλλα
572 568 748 620 πολλοὶ
788 564 1120 632 διαρπάζουσι
1154 565 1241 618 καὶ
1286 568 1377 628 τὴν
1420 566 1662 620 Φωκαΐδα
1698 567 1789 628 τὴν
1830 568 1988 635 Κύρου
2045 569 2358 623 παλλακίδα

385 657 478 716 τὴν
531 655 694 721 σοφὴν
744 654 830 707 καὶ
870 654 1034 715 καλὴν
1088 653 1375 718 λεγομένην
1413 650 1539 707 εἶναι
1588 654 1937 726 [λαμβάνει],
1989 663 2042 710 et
2090 655 2230 710 facili
2273 673 2360 710 ne-

382 743 528 810 gotio
570 743 853 812 utriusque
891 741 992 794 loci
1035 741 1281 812 putidum
1320 740 1746 795 additamentum
1790 742 2169 814 deprehendes.
2229 744 2359 797 Rec-

384 837 438 882 te
476 829 665 882 habet:
705 830 958 895 βασιλεὺς
1001 830 1183 883 διώκων
1221 829 1483 883 εἰσπίπτει
1507 872 1522 890 ,
1564 829 1656 883 Sed
1697 829 1841 883 nullo
1891 830 2045 885 modo
2079 830 2358 885 serendum

387 915 576 970 fuisset
627 918 882 982 βασιλεὺς
939 916 1206 985 διαρπάζει
1259 919 1317 971 τὸ
1370 917 1694 984 ςρατόπεδον.
1783 918 1971 990 Itaque
2022 919 2109 973 καὶ
2170 922 2213 973 οἱ
2269 920 2359 973 σὺν

380 1006 525 1072 αὐτῷ
571 1003 778 1058 addidit
835 1005 1032 1059 sciolus
1073 1022 1134 1059 ex
1184 1009 1213 1076 §
1252 1007 1321 1069 2,
1380 1021 1517 1075 quae
1557 1006 1828 1077 scriptura
1873 1007 2130 1078 pluralem
2173 1023 2361 1061 nume·

380 1107 504 1145 »rum
546 1093 870 1147 εἰσπίπτουσι
915 1094 1276 1148 necessarium
1329 1091 1686 1155 reddidisset,
1743 1100 1804 1147 ut
1854 1094 1963 1148 illic
2003 1100 2150 1148 recte
2189 1095 2360 1167 scrip-

381 1189 500 1234 tum
543 1188 624 1234 est
673 1182 929 1247 βασιλεὺς
970 1182 1021 1235 δὲ
1062 1180 1148 1235 καὶ
1195 1183 1237 1234 οἱ
1276 1181 1367 1234 σὺν
1402 1182 1541 1248 αὐτῷ
1583 1181 1960 1249 διαρπάζουσιν.
2038 1181 2236 1237 Eodem
2276 1199 2361 1236 ar·-

379 1276 640 1338 -gumento
691 1269 961 1335 λαμβάνει
1023 1268 1162 1323 mala
1224 1285 1386 1322 manu
1438 1268 1688 1339 arguitur
1739 1267 2000 1323 additum.
2090 1269 2360 1340 Zeugma,

382 1363 443 1410 ut
484 1374 638 1428 saepe
679 1357 839 1420 aliaS‚
880 1357 1166 1412 Graeculos
1206 1356 1416 1419 sesellit,
1461 1357 1552 1427 qui
1598 1356 1869 1422 λαμβάνει
1911 1356 1974 1410 de
2023 1373 2120 1411 suo
2160 1357 2361 1412 adiece-

384 1453 541 1508 runt,
598 1445 735 1516 quod
782 1462 953 1516 neque
994 1462 1087 1516 pro
1135 1447 1271 1511 αἱρεῖ
1304 1446 1424 1515 poni
1467 1446 1672 1516 potnit,
1713 1451 1764 1500 et
1807 1443 2053 1499 indecore
2103 1452 2156 1499 et
2199 1446 2363 1500 stulte

382 1533 431 1586 id
478 1535 586 1605 ipse
621 1534 732 1587 Rex
772 1533 959 1587 secisse
994 1539 1263 1587 narratur.

456 1621 514 1675 In
557 1621 692 1674 libro
727 1621 792 1674 11.
849 1638 963 1692 cap.
1008 1621 1046 1674 Ι.
1091 1624 1118 1691 §
1159 1626 1241 1674 11.
1284 1620 1561 1674 turbatum
1617 1627 1697 1673 est
1742 1621 1792 1673 in
1833 1621 2043 1676 verbis:
2103 1623 2358 1687 βασιλεὺς

381 1713 522 1764 νικᾶν
566 1712 773 1774 ἡγεῖται
821 1710 934 1763 ἐπεὶ
990 1714 1145 1775 Κῦρον
1202 1708 1471 1762 άπέκτονε.
1513 1710 1591 1768 τίς
1628 1709 1733 1775 γάρ
1780 1711 1920 1777 αὐτῷ
1976 1709 2080 1767 ε’ςὶν
2119 1707 2223 1771 (ἴς-ις
2264 1717 2357 1773 τῆς

382 1801 549 1865 άρχῆς
604 1800 979 1858 άντιποιεῖταις
1037 1795 1266 1850 Confusa
1305 1813 1423 1850 esse
1473 1796 1717 1866 suspicor
1773 1796 1846 1851 ἔτι
1887 1804 1940 1851 et
1980 1797 2091 1861 ἔςι,
2149 1804 2207 1851 ut
2247 1803 2358 1852 tam

380 1902 535 1956 saepe
578 1885 744 1949 aliaS‚
787 1883 978 1938 deinde
1016 1883 1120 1945 ὅςις
1157 1885 1449 1937 oscitanter
1497 1883 1774 1946 additum,
1818 1891 1878 1938 ut
1918 1901 2042 1939 vera
2090 1887 2359 1957 scriptura

381 1976 484 2027 sit:
524 1975 602 2034 τίς
637 1974 742 2040 γάρ
778 1975 917 2040 αὐτῷ
956 1972 1029 2026 ἔτι
1070 1979 1161 2035 τῆς
1202 1974 1369 2039 άρχῆς
1413 1973 1785 2034 άντιποιεῖται;
1830 1972 1954 2025 Post
1994 1990 2163 2044 pauca
2199 1979 2227 2047 §
2269 1979 2356 2028 15.

379 2061 684 2132 recipienda
738 2061 913 2114 fuerat
965 2060 1191 2114 Dobraei
1232 2058 1534 2113 emendatio
1593 2059 1681 2113 καὶ
1741 2060 1917 2124 λέγεις
1971 2064 2062 2130 ,οὐκ
2121 2061 2359 2129 άχάριτα

372 2166 474 2220 pro
524 2149 780 2217 άχάριςα.
862 2148 1085 2219 Saepius
1138 2147 1325 2201 Graeci
1385 2147 1747 2213 εἰρωνευόμενοι
1810 2147 2131 2203 dictitabant
2185 2150 2358 2203 subri-

373 2237 561 2290 dentes
609 2244 703 2290 aut
745 2236 1134 2289 subsannantes
1180 2236 1435 2302 χαρίεντα
1476 2235 1683 2299 λέγεις,
1724 2242 1777 2289 et
1835 2236 2124 2306 Xenophon
2172 2239 2352 2292 tritam

373 2325 695 2379 locutionem
738 2325 870 2378 scite
913 2324 965 2376 in
1004 2322 1140 2375 hanc
1179 2322 1403 2375 sormam
1444 2323 1710 2376 convertit
1749 2324 1925 2388 λέγεις
1960 2327 2048 2378 οὐκ
2085 2324 2354 2393 άχάριτα,

371 2412 821 2484 quemadmodum
878 2410 1238 2464 urbanissime
1286 2410 1420 2463 dixit
1462 2410 1575 2464 VII.
1618 2428 1685 2463 vi.
1729 2415 1818 2465 58.
1879 2413 1988 2465 οὐδὲ
2030 2413 2225 2474 τούτοις
2273 2415 2355 2467 δο-

372 2508 511 2555 κεῖτε
549 2502 816 2566 βελτίονες
857 2496 983 2552 εἶναι
1028 2516 1122 2568 pro
1162 2499 1445 2551 tritissima
1487 2498 1792 2561 locutione,
1835 2515 1970 2569 quae
2011 2516 2164 2570 saepe
2213 2502 2353 2572 apud

368 2590 528 2652 alioS‚
570 2590 881 2660 saepissime
922 2586 1060 2657 apud
1085 2586 1297 2657 Lysiam
1340 2588 1595 2640 recurrit:
1637 2587 1724 2640 καὶ
1762 2587 1957 2647 τούτοις
1988 2590 2180 2642 δοκεῖτε
2213 2590 2351 2657 χεί-

368 2698 507 2744 ρους
553 2675 697 2731 εἶναι.
778 2675 975 2730 Eodem
1020 2674 1175 2728 modo
1230 2674 1365 2727 dixit
1403 2675 1455 2727 in
1517 2674 1801 2728 Memorab.
1841 2675 1879 2728 I.
1923 2693 1955 2728 1.
2001 2679 2049 2728 2.
2092 2676 2179 2729 καὶ
2219 2697 2350 2741 μαν-

370 2773 485 2833 τικῇ
530 2767 789 2832 χρώμενος
824 2767 937 2818 οὐκ
978 2764 1246 2829 άφανὴς
1299 2760 1385 2825 ἦν,
1427 2779 1593 2833 quum
1635 2762 1867 2817 solerent
1903 2780 2085 2817 omnes
2130 2766 2348 2833 φανερὸς

371 2851 425 2915 ἦν
468 2854 520 2905 in
567 2852 658 2905 tali
694 2870 750 2907 re
786 2852 980 2906 dicere.

448 2942 706 3010 Perpetuo
747 2940 999 2994 Veterum
1044 2955 1146 2992 usu
1181 2940 1394 3006 εὔχαρις
1436 2946 1489 2992 et
1530 2939 1802 3007 εὖχάριςος
1827 2981 1838 3002 ,
1879 2938 2072 3007 ἄχαρις
2114 2947 2165 2994 et
2204 2940 2346 3008 άχά-

371 3049 502 3096 ρις-ος
543 3029 620 3081 sic
662 3028 1076 3097 distinguuntur
1117 3033 1178 3080 ut
1230 3028 1463 3080 animum
1499 3035 1709 3097 qratum
1745 3033 1796 3080 et
1852 3028 2118 3097 ingyratum
2157 3028 2348 3082 haben-

371 3127 444 3170 tes
481 3115 742 3182 εὐχάριςοι
786 3122 838 3169 et
875 3115 1118 3183 άχάριςοι
1160 3114 1435 3176 dicantur,
1477 3113 1569 3167 sed
1610 3123 1854 3167 venustus
1886 3121 1939 3167 et
1973 3115 2131 3169 scitus
2164 3123 2215 3169 et
2250 3118 2347 3171 ele·
2434 3181 2436 3188 ἲ

369 3187 500 3277 §ans
533 3203 746 3271 εὔχαρις
782 3210 834 3256 et
874 3205 1116 3270 ἐπίχαρις
1159 3203 1494 3266 nominetur,
1536 3208 1587 3255 et
1620 3201 1812 3268 άχαρις
1851 3203 1941 3272 qui
1975 3205 2256 3257 venustatis
2295 3212 2349 3259 et

371 3292 656 3365 eleqanliae
696 3291 765 3343 sit
805 3307 1005 3360 eoepers,
1086 3290 1253 3343 Nauci
1307 3307 1410 3343 non
1465 3296 1592 3342 sunt
1633 3289 1833 3343 formae
1869 3292 1924 3353 ὁ,
1980 3293 2007 3353 ἦ
2057 3291 2346 3359 άχάριτος,

369 3380 641 3448 εὐχάριτος
671 3384 723 3433 et
751 3379 1052 3444 ἐπιχάριτος
1081 3393 1110 3429 a
1141 3376 1416 3431 Graeculis
1451 3377 1698 3446 imperite
1732 3376 1904 3430 fictae.
1985 3378 2184 3434 Probae
2219 3388 2346 3435 sunt

367 3475 456 3523 τοῦ
510 3466 798 3536 άχάριτος,
837 3467 878 3519 οἱ
919 3464 1224 3532 εὐχάριτες,
1268 3465 1433 3518 etsie
1487 3465 1557 3518 τα
1610 3464 1877 3531 άχάριτα,
1930 3473 1981 3519 et
2020 3466 2194 3532 λέγειν
2253 3471 2341 3522 οὐκ
2407 3481 2429 3533 ’ξ

363 3555 601 3625 άχάριτα
644 3572 738 3627 pro
775 3553 1048 3621 χαρίεντα.

441 3644 676 3698 Venuste
727 3642 1080 3713 compositum
1134 3641 1307 3696 loenm
1362 3640 1647 3711 magistelli
1687 3640 1951 3695 elumbem
1995 3641 2340 3696 reddiderunt
