2436 4068
1191 225 1280 262 VIII

289 382 447 439 quam
472 365 675 421 festiva.
755 363 899 417 Nihil
938 342 1128 417 h‘orum
1161 360 1377 432 probavi
1418 377 1618 433 nupero
1660 361 1895 428 Editori,
1936 365 2028 434 qui
2062 364 2244 435 pueris

284 467 493 528 omnia,
537 472 597 520 ut
636 464 828 535 vulgO,
868 459 1227 517 continuanda
1273 460 1544 515 contendit
1585 468 1637 515 et
1679 468 1969 534 utrumque
2009 465 2243 518 versicu—

282 566 395 622 lum
456 583 519 620 ex
568 563 822 635 Euripide
872 567 1109 615 sumtum
1153 576 1282 614 esse.
1362 561 1507 615 Idem
1559 562 1806 630 ποιρέχεις
1859 579 1953 634 pro
2009 564 2242 634 παρέχῃς

283 667 579 722 substituit.
659 664 865 719 Oblitus
915 667 994 716 est
1038 658 1119 714 ἵνοι
1157 681 1242 726 μοι
1292 678 1385 733 pro
1429 660 1490 715 ἵν’
1531 664 1644 729 ἐμοί
1683 663 2026 718 substituere.
2107 663 2247 730 Quid

283 769 450 838 igitur
490 767 618 820 haec
655 763 815 819 verba
855 760 1195 832 significant?
1238 762 1356 817 iure
1390 765 1763 835 quaesiverim.
1845 763 2241 836 Res-pendetur:

284 869 463 941 »pueri
494 867 838 936 coyitaverunt
876 862 990 917 τίνοι
1029 865 1202 916 τοοῦτοο
1243 861 1544 930 πράγματα
1584 864 1881 931 fido-nouem.
1921 874 1978 919 ut
2016 869 2246 932 πρᾶγμα,

284 969 351 1023 sit
383 985 479 1037 pro
517 965 805 1018 Minotauro
844 970 1069 1016 monstro
1109 963 1358 1016 dictum.''
1439 963 1576 1030 Quid
1617 964 1790 1018 dicam
1832 964 1896 1018 de
1937 964 2062 1018 his?
2105 964 2248 1019 Fieri

283 1074 454 1140 potest
494 1073 554 1119 ut
595 1065 724 1119 haec
765 1065 948 1134 »pueri
988 1063 1377 1135 copitaverintP
1435 1063 1533 1117 Est
1575 1071 1719 1119 certe
1751 1064 1880 1120 haec
1932 1066 2246 1136 interpreta-

280 1170 357 1223 tio
396 1174 448 1221 et
482 1167 597 1238 ipsa
639 1170 928 1233 προῖγμοο
967 1204 981 1218 .
1019 1205 1030 1217 .
1070 1204 1083 1217 .
1122 1205 1134 1217 .
1173 1162 1270 1217 ὑπό
1316 1184 1366 1217 τι
1407 1161 1631 1228 ἄτοπον,
1687 1172 1740 1219 et
1777 1182 1883 1219 non
1930 1167 2043 1236 ipse
2085 1166 2251 1219 Mino-

282 1277 506 1332 tauruS‚
548 1267 639 1322 sed
680 1273 967 1320 monstrum
1005 1271 1204 1320 tamen.
1285 1263 1423 1331 Quid
1462 1272 1639 1319 autem
1678 1282 1869 1320 causae
1910 1273 2026 1330 est,
2065 1283 2249 1337 quam-

283 1371 459 1424 obrem
503 1377 554 1422 et
600 1365 1012 1420 Valckenaerius
1054 1372 1105 1419 et
1142 1364 1437 1419 Meinekius
1482 1366 1535 1418 in
1591 1365 1871 1420 Theocrito
1914 1366 2243 1422 emendando

283 1471 456 1525 oleum
492 1476 545 1523 et
581 1484 791 1539 operam
833 1465 1201 1538 perdiderint?
1282 1465 1514 1536 Uterque
1564 1472 1745 1520 tamen
1793 1484 1954 1539 quam
1990 1467 2250 1539 plurimos

285 1572 507 1627 aliorum
564 1569 708 1622 locos
761 1566 1036 1638 palmariis
1087 1565 1546 1620 emendationibus
1599 1568 1842 1634 sanavit,
1902 1585 2035 1639 quas
2095 1586 2251 1623 nemo

285 1687 540 1742 umquam
593 1667 756 1724 semel
814 1673 1054 1738 repertas
1109 1674 1160 1720 et
1206 1673 1446 1737 receptas
1498 1665 1612 1720 loco
1666 1668 1934 1733 movebit,
1995 1676 2056 1723 ut
2114 1669 2255 1742 apud

287 1771 601 1828 Strabonem
642 1771 737 1823 ὑπὸ
779 1767 1082 1834 Στασάνορι.
1162 1766 1360 1837 Nempe
1414 1766 1683 1821 Theocriti
1739 1768 1956 1823 Codices
2002 1786 2034 1823 a
2086 1770 2256 1841 stupi-

288 1873 369 1927 dis
417 1878 469 1926 et
521 1869 823 1925 temerariis
882 1866 1272 1921 correctoribus
1326 1866 1599 1921 Graeculis
1649 1869 1954 1940 interpolati
2011 1878 2136 1925 sunt
2189 1869 2255 1924 ad

288 1991 410 2029 eum
451 1971 696 2035 modum,
738 1986 898 2041 quem
925 1969 980 2022 in
1021 1967 1231 2022 Stobaei
1269 1967 1549 2022 Codicibus
1590 1968 2092 2026 demonstravimus,
2155 1972 2252 2026 De-

285 2075 408 2129 letis
440 2075 634 2144 passim
674 2070 921 2125 omnibus
959 2086 1111 2123 verae
1131 2068 1376 2122 lectionis
1418 2070 1658 2140 vestigiis
1693 2077 2002 2143 temereque
2031 2071 2255 2144 expletis
2311 2111 2315 2114 -

290 2172 554 2229 veteribus
605 2173 814 2227 lacunis
869 2169 1186 2225 emendandi
1246 2169 1392 2222 nulla
1442 2186 1561 2241 spes
1616 2177 1875 2242 superest.
1956 2171 2070 2226 Non
2131 2174 2252 2226 novi

289 2275 451 2330 huius
522 2275 598 2328 rei
658 2273 835 2344 aptius
901 2269 1202 2341 exemplum
1271 2286 1430 2340 quam
1491 2269 1669 2324 Babrii
1728 2271 2052 2328 versiculum
2124 2272 2253 2330 Fab.

290 2375 526 2431 LXXXI.
569 2379 634 2429 8:

516 2476 536 2528 ὃ
575 2475 648 2528 δ’·
688 2474 805 2542 οὐχὶ
846 2473 931 2528 τὸν
972 2477 1106 2539 μῦν,
1147 2470 1288 2551 εἶπεν
1318 2514 1330 2536 ,
1370 2470 1405 2525 ὦ
1445 2473 1794 2540 ποολοιμνοιίη,

516 2576 706 2630 δέδοικοο
734 2618 746 2639 ,
788 2577 862 2640 μή
902 2594 999 2640 μου
1038 2575 1128 2636 τὴν
1168 2574 1305 2642 δορὴν
1343 2575 1485 2643 κνίσῃ
1523 2577 1734 2644 φεύγων
1758 2617 1772 2640 ,

518 2678 672 2738 κοοκὴν
711 2677 762 2730 δὲ
802 2675 1025 2742 μελέτην
1066 2675 1148 2728 ἐπ’
1189 2674 1280 2739 ἐμὲ
1322 2681 1412 2736 τῆς
1456 2675 1563 2728 ὁδοῦ
1604 2676 1787 2742 τρίβει.

371 2777 514 2832 Scin’
557 2793 686 2846 quae
725 2777 794 2830 sit
834 2792 958 2830 vera
993 2774 1300 2846 scriptura?
1343 2791 1533 2846 nempe
1573 2775 1740 2833 haec:

812 2878 885 2942 μή
924 2896 1021 2942 μου
1062 2876 1151 2937 τὴν
1191 2875 1326 2942 δορὴν
1366 2873 1531 2943 Boium
1570 2877 1780 2945 φεύγων

520 2977 752 3045 χοοίτην
791 2978 840 3031 δ’
882 2976 1131 3042 ἔμελλε
1172 2977 1287 3038 τὴν
1329 2977 1483 3041 ἐμὴν
1523 2979 2028 3046 κοοτοιισχύνειν.

297 3098 455 3155 quam
496 3078 600 3132 nisi
633 3077 779 3131 nobis
815 3085 1076 3132 servasset
1116 3077 1306 3131 Suidas
1344 3077 1398 3130 in
1437 3096 1484 3131 v.
1525 3087 1900 3145 Ποιλοιμνοιῖος,
1936 3097 2068 3152 quas
2107 3082 2252 3135 miri-

297 3184 424 3238 ficas
473 3177 918 3234 correctiunculas
967 3186 1122 3251 putes
1166 3186 1563 3233 commenturos
1617 3179 1781 3234 fuisse
1825 3198 1948 3247 θος,
2007 3183 2100 3253 qui
2141 3188 2249 3237 tam

296 3281 459 3338 feraci
508 3277 721 3349 ingenio
775 3286 896 3332 sunt
949 3287 1009 3333 ut
1061 3296 1270 3350 semper
1324 3279 1525 3350 aliquid
1576 3282 1696 3333 novi
1754 3282 2007 3353 pariant?
2087 3283 2251 3337 Multa

295 3389 421 3438 sunt
465 3380 633 3452 igitur
678 3377 814 3448 apud
859 3380 1053 3434 multos
1093 3379 1422 3434 conclamata
1478 3386 1528 3433 et
1574 3379 1847 3451 deposita,
1907 3399 2041 3452 quae
2083 3384 2253 3437 satius

294 3491 374 3538 est
426 3499 527 3535 non
582 3484 815 3548 tangere.
894 3480 1021 3534 Boni
1077 3481 1258 3534 Critici
1307 3488 1387 3535 est
1439 3487 1615 3534 tacere
1663 3482 1840 3552 potius
1899 3499 2058 3552 quam
2117 3483 2248 3537 nihil

295 3583 467 3638 dicere
502 3597 670 3651 neque
710 3584 932 3634 κακοῖσιν
972 3584 1138 3637 Ξοῖσθοιι
1188 3582 1344 3637 κοικοέ.
1424 3583 1491 3635 Et
1543 3590 1784 3652 superest
1837 3582 2012 3638 hercle
2052 3585 2101 3638 in
2145 3603 2251 3656 quo
