2436 4068
1005 197 1111 248 585

71 345 272 412 γελτοὲ
329 349 423 397 aut
460 343 515 395 in
562 340 795 413 Lycurgi
845 341 1132 395 Leocratea
1177 342 1204 409 §
1245 343 1334 394 59.
1378 355 1476 411 pro
1509 339 1659 403 ἡνίκα
1701 342 1731 403 ἧ
1770 341 1867 406 μὲν
1909 337 2046 403 ἧττα

72 437 143 502 τῷ
182 434 324 500 δήμῳ
363 428 957 498 προσηγγέλλετο,
1001 430 1111 496 ὀρθὴ
1150 429 1194 482 δ’
1232 426 1288 491 ἦν
1321 431 1351 492 ἦ
1391 428 1542 489 πο’λις
1577 430 1870 483 restituere
1898 450 2049 497 προσ·

73 518 349 587 ἦγγελτοῖ
408 525 503 572 aut
565 517 708 589 apud
766 517 1096 571 Dinarchum
1146 518 1203 571 in
1245 515 1391 572 Orat.
1434 517 1474 571 1.
1517 520 1606 571 59.
1664 517 1872 583 ὀλίγαις
1926 518 2050 583 ἡμέ-

69 630 179 678 ραις
218 641 280 650 -
332 608 800 673 ἠλευθεροῦντο
845 607 1061 671 Θῆβαι,
1104 605 1446 673 διεπέπρακτο
1487 607 1516 668 ἧ
1558 604 1707 666 πόλις
1750 608 1779 669 ἦ
1821 606 2049 674 ἡμετέρα
2139 667 2141 669 ,

67 696 196 760 ἄξια
233 698 332 751 τῶν
372 693 628 763 προγόνων
650 735 665 758 ,
704 693 828 763 quis
860 701 941 747 est
978 693 1071 764 qui
1098 694 1414 764 praesertim
1456 692 1765 748 admonitus
1803 709 1907 748 non
1931 711 2048 749 sen·

70 786 172 839 tiat
209 784 540 851 ἧλευθέρωντο
583 782 762 847 Θῆβαι
796 779 1044 851 requiri?

145 874 206 928 In
245 890 362 945 cap.
384 872 499 926 Vll.
547 875 631 925 15.
707 869 818 924 Ναὶ
856 870 940 934 μοὶ
980 870 1124 932 Δία,
1166 867 1299 937 ἔφην
1338 869 1471 934 ἐγώ,
1512 866 1547 922 ὦ
1587 869 1774 934 γύναι,
1811 872 1900 925 καὶ
1941 872 2049 940 γὰρ

75 963 210 1036 [καὶ]
254 962 366 1027 ἐμοὶ
407 961 432 1014 ὅ
469 960 679 1025 πατήρ,
720 957 766 1011 si
807 958 863 1011 in
905 956 1155 1012 omnibus
1193 956 1348 1011 libris
1401 957 1712 1028 importuna
1748 958 1935 1014 vocula
1978 959 2048 1014 le-

13 1035 22 1054 ‘
69 1059 291 1123 geretur
327 1057 508 1104 tamen
561 1053 884 1118 expunctam
941 1046 1198 1117 oportuit.
1278 1045 1433 1099 Nunc
1485 1044 1637 1100 abest
1677 1061 1707 1099 a
1748 1045 1902 1102 libris
1939 1064 2051 1102 om·

17 1138 27 1157 ⁶
71 1140 230 1196 nibus
265 1146 317 1193 et
358 1138 628 1192 retinetur
659 1143 858 1189 tamen.
938 1134 1137 1196 Eodem
1173 1133 1329 1188 modo
1365 1134 1735 1204 importunum
1773 1134 1866 1190 καί
1898 1134 2051 1189 indu-

70 1228 301 1285 cendum
338 1233 420 1281 est
472 1223 615 1297 apud
654 1223 1069 1278 Demosthenem
1109 1224 1163 1276 in
1219 1220 1365 1277 Orat.
1405 1221 1514 1276 LII.
1562 1227 1650 1278 11.
1710 1223 1798 1276 καὶ
1834 1224 1943 1291 γὰρ
1985 1223 2051 1278 ἂν

70 1318 211 1391 [mi]
248 1314 524 1382 μαινοίμην
564 1313 607 1366 εἰ
648 1314 741 1377 μή.
820 1312 985 1366 Recte
1037 1287 1300 1382 scriptum
1341 1315 1424 1365 est
1478 1311 1531 1364 in
1571 1309 1805 1365 Midiana
1849 1313 1878 1382 §
1924 1314 2051 1368 208.

68 1407 157 1463 m>
193 1405 301 1472 γὰρ
342 1403 407 1458 ἂν
450 1401 762 1468 μαινοίμην,
807 1401 950 1454 etin
994 1398 1287 1455 Prooemiis
1331 1415 1443 1452 xnv.
1487 1405 1540 1453 et
1580 1398 1724 1470 apud
1761 1399 1894 1454 alios
1938 1417 2050 1456 sae-

70 1495 213 1568 pius,
304 1490 456 1560 Quod
509 1490 644 1544 dicit
700 1487 1015 1543 Aristoteles
1066 1489 1122 1541 in
1179 1486 1355 1542 Ethic.
1415 1486 1619 1542 Nicom.
1654 1487 1722 1542 II.
1766 1491 1817 1543 5.
1879 1490 1902 1543 ὃ
1954 1491 2050 1554 μὲν

71 1583 331 1650 ὑπομένων
369 1580 441 1635 τὰ
489 1577 630 1633 δεινοὶ
689 1577 822 1651 [καὶ]
880 1577 1076 1644 χαίρων
1115 1577 1145 1640 ἢ
1185 1577 1260 1641 μὴ
1313 1575 1633 1641 λυπούμενός
1673 1596 1741 1642 γε
1794 1577 2016 1647 ἀνδρεῖος
2038 1620 2052 1642 ,

71 1671 185 1727 8·δέ
221 1670 540 1734 λυπούμενος
595 1667 793 1729 δειλός,
850 1666 896 1719 si
952 1665 1044 1719 καί
1081 1665 1406 1736 expunxeris
1464 1670 1613 1718 recte
1673 1663 1880 1721 dictum
1929 1667 2050 1722 erit.

69 1758 269 1815 Eadem
311 1772 472 1829 opera
507 1754 703 1809 adiuva
740 1752 1153 1808 Demosthenem
1192 1753 1247 1806 in
1288 1751 1435 1809 Orat.
1477 1752 1533 1807 1..
1575 1759 1622 1807 1.
1661 1760 1769 1815 τοῖς
1808 1755 2053 1818 τοιούτοις

70 1849 168 1902 τῶν
220 1847 432 1911 azynum
471 1875 549 1885 -
594 1842 745 1916 [καὶ]
803 1842 922 1902 τοὺς
979 1841 1415 1907 διαγνωσομένους
1474 1843 1714 1910 προσήκει
1777 1838 2053 1914 προσέχειν

70 1938 158 1991 τὸν
191 1939 339 1998 νοῦν,
377 1934 473 2005 qui
520 1932 670 1987 locus
710 1936 977 2002 expuncta
1017 1929 1234 1986 demum
1275 1927 1465 2000 copula
1504 1946 1668 1985 sanus
1710 1931 1830 1986 erit.

146 2023 205 2078 In
251 2025 278 2093 §
324 2027 412 2078 17.
465 2018 863 2093 transponenda
919 2017 1108 2090 copula
1150 2023 1232 2073 est
1273 2024 1326 2072 et
1366 2018 1445 2072 sio
1486 2017 1800 2090 legendum:
1841 2018 1878 2075 ἃ
1915 2019 2053 2076 οἵτε

72 2113 167 2167 θεοὶ
213 2110 418 2180 ἔφυσαν
463 2131 522 2164 σε
575 2110 818 2164 δύνασθαι
873 2107 960 2162 καὶ
1010 2108 1033 2160 ὅ
1086 2105 1236 2172 νόμος
1275 2113 1590 2162 συνεπαινεῖ.
1669 2106 1866 2162 Editur
1916 2106 1955 2162 οἵ
1993 2130 2054 2163 τε

70 2203 114 2256 οἱ
153 2202 251 2255 θεοί
289 2215 473 2254 errore
512 2196 813 2252 manifesto.

145 2289 310 2344 Cuius
365 2303 524 2342 aures
578 2292 707 2340 sunt
763 2291 872 2340 tam
926 2301 1117 2356 parum
1174 2282 1480 2339 fastidiosae
1530 2291 1590 2338 ut
1646 2283 1787 2340 serre
1846 2286 2053 2357 possint

71 2377 184 2434 Vll.
223 2380 315 2433 22.
353 2378 449 2439 τὴν
485 2376 580 2442 μὲν
630 2381 723 2437 τῆς
761 2377 1007 2439 γυναικὸς
1057 2373 1140 2427 ἐπὶ
1180 2373 1252 2428 τὰ
1303 2371 1434 2426 ἔνδον
1486 2371 1617 2440 ἔργα
1667 2374 1756 2428 καὶ
1797 2375 2051 2440 ἐπιμελή·

69 2483 256 2534 ματα,
301 2465 393 2527 τὴν
435 2465 489 2518 δὲ
527 2467 619 2518 τοῦ
666 2463 840 2531 ἀνδρὸς
867 2462 975 2516 4ἐπ’)
1016 2463 1087 2516 τοὶ
1130 2460 1225 2525 ἔξω
1268 2461 1424 2533 [ἔργα
1481 2461 1568 2515 καὶ
1622 2462 2052 2536 ἐπιμελήματα].

71 2556 434 2612 Αιιιιοιιινοηιι
472 2552 653 2607 nescio
706 2553 828 2622 quis
881 2552 933 2604 in
985 2550 1228 2620 mai-gine
1269 2549 1352 2623 (ut
1405 2548 1645 2604 solebant
1685 2551 1733 2605 si
1780 2550 1909 2622 quid
1950 2552 2052 2608 ele-

68 2650 260 2716 ganter
297 2650 524 2697 etnove
563 2638 768 2705 dictum
820 2656 936 2694 esse
968 2637 1263 2710 videretur)
1319 2637 1448 2706 ἔργα
1501 2639 1588 2694 καὶ
1637 2640 2054 2708 ἐπιμελήματα,

0 2762 2 2797 ς
69 2729 262 2787 ἆοίιιᾱο
297 2729 499 2785 factum
538 2735 620 2783 est
661 2727 800 2800 quod
841 2727 1004 2782 vides,
2040 2743 2042 2745 ·

104 2837 107 2845 ·
148 2819 211 2875 lu
258 2834 377 2891 cap.
413 2814 551 2872 vm.
597 2821 685 2871 15.
741 2811 870 2871 εἶδον
910 2816 1066 2871 αὐτὸν
1105 2813 1420 2882 ἐξετάζοντα
1454 2816 1506 2869 ἐν
1551 2824 1616 2885 τῇ
1658 2826 1832 2887 σχολῇ
1869 2816 2050 2874 πάντα

70 2906 271 2967 ὁπόσοις
323 2905 428 2973 ἄρα
481 2906 562 2960 δεῖ
610 2905 662 2958 ἐν
713 2906 784 2972 τῷ
840 2903 1037 2972 πλοίῳ
1087 2904 1347 2971 χρῆσθαι,
1404 2903 1568 2976 quid,
1609 2921 1841 2975 quaem,
1902 2906 2048 2962 aliud

74 2992 231 3051 homo
266 3001 473 3067 poterat
512 2992 773 3060 ἐξετάζειν
805 2999 857 3046 et
893 2990 1021 3063 qnid
1061 2989 1274 3046 tandem
1311 3008 1372 3047 ea
1401 3008 1488 3047 res
1526 2990 1685 3047 habet
1726 2994 1863 3065 quod
1906 2996 2051 3066 quis-

73 3086 233 3155 q'uam
274 3082 540 3138 miretur?
621 3079 889 3136 Emenda:
932 3080 1132 3141 ὁπόσοις
1171 3078 1275 3147 ἄρα
1310 3081 1390 3135 δεῖ
1420 3082 1471 3135 ἐν
1511 3083 1581 3149 τῷ
1622 3085 1764 3150 πλῷ
1797 3086 2051 3151 χρῆσθαι,

75 3168 175 3227 boc
215 3172 389 3244 ipsum
442 3172 646 3243 requiri
708 3168 859 3223 dabis
899 3167 1031 3222 mihi
1087 3171 1131 3223 si
1187 3170 1483 3242 inspexeris
1536 3186 1672 3242 quae
1725 3179 2049 3241 sequnntur.

77 3258 334 3315 Dicebant
364 3266 543 3314 autem
585 3258 810 3322 Graeci,
854 3266 913 3312 ιιι
951 3265 1135 3312 notum
1171 3267 1287 3323 est,
1326 3260 1377 3314 ἕν
1409 3261 1480 3327 τῷ
1523 3260 1638 3326 πλῷ
1693 3266 1746 3313 et
1784 3261 1926 3313 κατὰ
1965 3261 2051 3315 τὸν

78 3351 238 3402 πλοῦν
269 3347 407 3400 inter
439 3347 788 3418 naviqandum
811 3389 825 3412 ,
865 3363 927 3400 ac
962 3345 1110 3400 vides
1141 3361 1300 3418 quani
1337 3346 1468 3402 hene
1502 3363 1645 3401 nunc
1686 3348 1737 3400 ἐν
1772 3356 1836 3415 τῇ
1877 3357 2048 3417 σχολῇ

79 3441 133 3489 et
172 3436 223 3488 ἐν
250 3437 320 3501 τῷ
345 3437 460 3502 πλῷ
496 3435 636 3490 inter
674 3453 730 3490 se
769 3441 1121 3506 opponantur.
1205 3434 1428 3507 Saepius
1459 3434 1569 3488 vidi
1604 3438 1765 3495 πλοῦς
1802 3445 1854 3489 ct
1887 3443 2049 3491 πλοῖα

0 3529 5 3566 ἰ
82 3523 224 3575 inter
261 3538 316 3575 se
358 3522 532 3593 inepte
570 3525 905 3595 permutari,
963 3524 1278 3595 praesertim
1334 3523 1422 3578 ubi
1467 3522 1687 3594 pluralis
1744 3530 1870 3578 πλοῖ
1906 3541 2052 3581 more

0 3639 5 3644 ·
84 3610 334 3665 Veterum
393 3610 565 3664 fuerat
619 3614 894 3683 scriptum.
977 3610 1435 3678 Quoniadinmluin
1491 3612 1631 3664 enini
1690 3612 1849 3674 ἔξοδον
1899 3623 2052 3669 ποιεῖ-
