2436 4068
1288 271 1358 321 90

645 417 718 481 μὴ
759 412 1134 480 δοκιμάσασθαι
1174 411 1333 478 μηδὲν
1373 413 1500 465 ἀλλ’
1540 414 1649 474 εἰκῆ
1689 413 1909 478 λαβεῖν.

343 504 598 559 vitiosum
635 510 717 558 est
761 500 1175 567 δοκιμάσασθαι,
1226 515 1352 553 nam
1396 499 1689 567 δοκιμάζειν
1738 499 1999 554 Graecum
2057 504 2170 564 est,
2224 515 2328 553 non

345 590 745 659 δοκιμάζεσθαιε
788 589 931 643 facili
972 587 1183 659 negotio
1216 587 1410 641 vitium
1446 588 1522 641 sic
1564 587 1716 642 tolles
1753 594 1811 641 ut
1846 585 2140 641 rescribas:

649 678 721 742 μὴ
759 675 1120 742 δοκιμάσαντα
1160 675 1316 740 μηδὲν
1355 677 1482 730 ἀλλ’
1520 677 1629 737 εἰκῆ
1668 674 1876 739 λαβεῖν.

363 803 365 806 -
425 766 562 820 Leve
596 765 790 817 vitium
827 781 933 817 non
979 763 1169 817 leviter
1207 762 1458 818 obscurat
1499 762 1659 816 verba
1697 759 1975 816 Menandri
2011 761 2152 833 apud
2195 760 2332 814 Plut.

346 854 415 907 de
449 857 681 925 fraterno
717 869 891 906 amore
930 869 978 923 p.
1005 855 1131 905 479.
1167 850 1222 905 C.

656 943 744 995 οὐκ
785 941 842 995 ἐκ
881 939 1049 994 πότων
1089 939 1176 994 καὶ
1220 946 1313 1002 τῆς
1354 940 1467 993 καθ’
1509 938 1702 1005 ἡμέραν
1741 943 1940 1007 τρυφῆς

656 1029 945 1096 ζητοῦμεν,
984 1024 1019 1097 ᾧ
1060 1027 1372 1092 πιςεύσομεν
1410 1025 1483 1080 τοὶ
1520 1030 1609 1079 τοῦ
1650 1025 1766 1092 βίου

658 1115 859 1183 πάτερ,
898 1113 956 1170 οὗ
995 1115 1230 1183 περιττὸν
1260 1113 1381 1168 οἴετ’
1424 1111 1742 1181 ἐξευρηκέναι

656 1206 855 1270 άγαθὸν
895 1201 1078 1264 ἕκαςος
1116 1201 1179 1256 ἂν
1219 1201 1319 1270 ἔχῃ
1353 1202 1512 1270 φίλου
1551 1199 1702 1254 σκιάν
1726 1242 1738 1253 .

354 1291 612 1345 restitue:
655 1291 850 1358 πάτερ;
885 1294 938 1346 οὐ
961 1291 1196 1359 περιττὸν
1218 1321 1293 1332 -
1312 1289 1471 1358 φίλου
1501 1287 1679 1351 σκιάν;
1719 1305 1886 1342 nonne
1914 1288 2213 1360 quaerimus
2234 1287 2346 1341 —?³

355 1398 522 1433 nonne
554 1380 770 1451 quisque
800 1387 949 1450 putat
983 1378 1098 1432 -ἲ

432 1468 600 1521 Periit
653 1467 968 1521 vocabulum
1020 1465 1383 1520 necessarium
1439 1466 1495 1519 in
1549 1463 1826 1520 Menandri
1880 1465 2146 1518 sententia
2200 1462 2340 1536 apud

362 1553 503 1608 Stoh.
541 1556 594 1608 in
629 1554 807 1609 Floril.
851 1555 964 1610 XX.
1007 1558 1096 1609 21.

1164 1644 1316 1709 ὀργῆς
1356 1641 1462 1708 γαρ
1491 1641 1742 1706 άλογίςου
1777 1647 1984 1709 κρατεῖν

662 1733 712 1785 ἐν
747 1737 865 1793 ταῖς
905 1736 1173 1798 ταραχαῖς
1209 1729 1420 1796 μάλιςα
1459 1730 1544 1783 τὸν
1583 1733 1868 1798 φρονοῦντα
1908 1731 2017 1783 δεῖ.

358 1817 451 1871 ubi
492 1818 848 1889 supplendum
885 1825 966 1873 est
999 1820 1086 1873 τὸν
1114 1815 1171 1873 εὖ
1210 1822 1511 1887 φρονοῦντα.
1592 1817 1860 1871 Differunt
1884 1817 2026 1870 enim
2061 1821 2262 1883 φρονεῖν
2291 1823 2344 1872 et

355 1902 411 1959 εὖ
447 1911 647 1974 φρονεῖν
680 1923 784 1960 non
819 1907 1002 1961 minus
1027 1921 1188 1977 quam
1218 1906 1394 1970 λέγειν
1426 1911 1479 1959 et
1507 1902 1564 1959 εὖ
1592 1905 1785 1969 λέγειν.
1866 1903 2004 1958 Illud
2037 1910 2118 1958 est
2145 1905 2344 1958 ratione

350 1994 648 2063 praeditum
681 2012 818 2058 esse,
862 1993 960 2047 hoc
997 2011 1176 2066 sapere
1198 2013 1215 2047 :
1255 1999 1455 2062 φρονεῖν
1491 1992 1659 2063 igitur
1688 1991 1946 2046 dicuntur
1983 1991 2178 2053 πάντες
2213 1994 2255 2046 οἱ
2292 1993 2342 2046 ἐν

360 2082 571 2150 ἡλικίᾳ,
622 2083 680 2136 τὸ
721 2080 776 2137 εὖ
816 2087 1015 2151 φρονεῖν
1059 2081 1403 2152 paucioribus
1437 2079 1647 2136 datum.
1726 2080 1862 2133 Hinc
1917 2078 2120 2133 factum
2161 2087 2242 2134 est
2282 2087 2343 2133 ut

359 2169 502 2222 inter
542 2185 598 2222 se
637 2177 1032 2240 opponerentur
1051 2169 1246 2238 βρέφος
1284 2165 1443 2233 εἶναι,
1483 2170 1683 2231 νήπιον,
1724 2167 1989 2234 παιδάριον
2028 2173 2081 2220 et
2114 2172 2344 2235 φρονεῖν,

361 2255 504 2309 unde
539 2258 566 2318 ἦ
598 2260 852 2324 φρονοῦσα
881 2257 1058 2318 ἡλικία
1087 2256 1410 2328 appellatur,
1452 2254 1906 2327 quemadmodum
1934 2254 2137 2307 dicitur
2169 2257 2342 2318 ἐπειδὴ

364 2343 575 2412 τάχιςα
611 2345 797 2411 ἤρχετο
838 2349 1036 2412 φρονεῖν
1075 2344 1215 2414 apud
1262 2344 1472 2398 Isaeum
1495 2344 1587 2399 IX.
1631 2343 1670 2417 §
1697 2347 1784 2397 20.
1828 2343 1963 2396 Hinc
1998 2341 2345 2397 manifestum

364 2431 571 2486 tenebis
607 2429 868 2484 emblema
908 2431 961 2483 in
1000 2431 1280 2485 Aeschinis
1315 2430 1634 2485 Timarchea
1669 2430 1706 2504 S
1739 2435 1840 2484 159
1874 2431 1990 2491 τοὺς
2031 2437 2123 2493 τῆς
2157 2431 2344 2498 φιλίας

366 2522 552 2586 λόγους
594 2520 663 2579 εἷς
696 2519 788 2580 τὴν
822 2522 1104 2586 φρονοῦσαν
1146 2519 1254 2591 [καὶ
1292 2519 1668 2592 πρεσβυτέραν]
1706 2519 1909 2582 ἡλικίαν
1943 2518 2346 2582 ἀναβάλλεται,

365 2608 506 2682 qnod
541 2605 804 2659 indicasse
845 2606 975 2659 satis
1015 2612 1112 2660 est.
1190 2607 1326 2661 Nota
1360 2615 1488 2662 sunt
1523 2607 1654 2662 haec
1696 2604 2100 2675 Aristophanis:

519 2696 608 2756 τὴν
647 2699 853 2759 γυναῖκ’
894 2695 1212 2761 αἰσχύνομαι
1262 2697 1273 2762 l
1322 2697 1391 2750 τώ
1431 2697 1481 2749 τ’
1517 2698 1571 2750 οὐ
1606 2699 1878 2764 φρονοῦντε
1916 2693 2101 2747 παιδίω
2126 2737 2137 2747 .

369 2784 564 2857 quibus
605 2782 794 2836 addam
838 2782 964 2853 quia
999 2783 1329 2836 iocosissima
1369 2789 1494 2836 sunt
1536 2783 1666 2837 haec
1707 2781 1937 2852 Ephippi
1972 2781 2163 2834 Athen.
2206 2780 2348 2838 vm.

372 2875 497 2928 558.
534 2871 591 2925 F.
744 2869 754 2873 ⁰
1355 2872 1607 2935 παππία,
1646 2871 1825 2936 βούλει
1867 2870 2068 2936 δραμών

676 2959 746 3017 εἰς
787 2959 878 3020 τὴν
912 2957 1109 3024 άγοροὶν
1148 2958 1512 3026 καταγοράσαι
1552 2979 1655 3024 μοι.
1720 2967 1775 3013 B.
1810 2956 1979 3026 φράζε
2020 2958 2074 3011 τί
2094 2975 2106 3019 ;

562 3054 627 3098 A.
683 3047 831 3111 ἰχθῦς
871 3050 1219 3114 φρονοῦντας,
1260 3043 1295 3099 ὦ
1336 3046 1539 3113 πάτερ.
1580 3048 1653 3112 μή
1694 3065 1778 3111 μοι
1818 3045 2010 3113 βρέφη.

371 3133 466 3188 ubi
502 3131 867 3202 recipiendum
910 3140 991 3187 est
1024 3132 1145 3203 κᾷτ’
1173 3132 1466 3201 άγοράσαι,
1512 3133 1651 3204 quod
1686 3132 1890 3186 dudum
1926 3132 2125 3203 reperit
2158 3132 2350 3188 Meine-

295 3241 302 3248 “
372 3223 512 3276 kius,
594 3221 778 3290 ltaque
804 3225 1004 3288 φρονεῖν
1039 3220 1297 3275 dicuntur
1321 3221 1517 3281 πάντες
1547 3223 1590 3275 οἱ
1621 3223 1671 3274 ἐν
1704 3220 1907 3290 ἡλικία,
1947 3219 2038 3274 sed
2070 3217 2125 3274 εὖ
2151 3226 2352 3289 φρονεῖν
2429 3211 2436 3221 ⁷

372 3323 777 3377 nonnumquam
827 3324 893 3360 ne
936 3324 1089 3362 senes
1140 3309 1374 3380 quidem.
1456 3309 1697 3363 Restitue
1743 3308 1914 3362 obiter
1952 3305 2008 3361 εὖ
2044 3313 2242 3375 φρονεῖν
2298 3311 2350 3362 in

371 3395 641 3466 Posidippi
676 3392 818 3448 dicto
854 3395 907 3447 in
946 3395 1183 3467 Append.
1227 3397 1460 3451 Florent.
1498 3396 1586 3450 IV.
1628 3414 1679 3467 p.
1705 3400 1830 3450 583.
1873 3395 2015 3466 Lips.

676 3485 763 3537 οὐκ
805 3481 946 3549 ἔργον
988 3484 1093 3539 ἐςὶν
1133 3482 1189 3539 εὖ
1227 3485 1403 3550 λέγειν
1444 3487 1569 3539 άλλ’
1610 3481 1665 3539 εὖ
1706 3490 1890 3546 ποιεῖν,

676 3570 857 3624 πολλοὶ
896 3571 1000 3638 γάρ
1043 3569 1097 3625 εὖ
1138 3572 1383 3637 λέγοντες
1424 3575 1513 3627 οὐκ
1553 3570 1729 3640 ἔχουσι
1767 3576 1907 3625 νοῦν.

369 3665 589 3731 apparet
621 3675 684 3714 ex
723 3658 930 3714 ultimis
970 3657 1145 3713 verbis
1182 3659 1548 3732 reponendum
1583 3675 1697 3716 esse
1730 3661 1855 3715 ἀλλ’
1897 3656 1952 3716 εὖ
1988 3664 2205 3730 φρονεῖν.
