2436 4068
1298 197 1402 248 544

367 360 489 399 rare
525 343 716 397 solitus
753 342 796 395 si
829 339 958 410 quid
995 338 1164 394 obiter
1200 339 1366 393 animi
1402 355 1562 394 causa
1598 343 1832 396 suaviter
1870 350 1922 397 et
1956 343 2188 399 iucunde
2222 361 2342 399 nar-

367 448 489 487 rare
523 437 709 502 potest.
789 426 1174 482 Dominabatur
1216 427 1320 480 illis
1363 429 1689 498 temporibus
1731 430 1783 482 in
1825 430 2157 485 eruditorum
2194 433 2346 486 libris

367 518 644 586 παράδοσις
685 515 773 569 illa
809 514 1087 575 ἀδέσποτος
1125 516 1211 569 καὶ
1253 516 1627 581 πεπλασμένη,
1669 533 1803 587 quae
1844 517 2123 572 historiam
2162 537 2344 574 rerum

369 616 642 677 gestarum
702 610 754 657 et
803 619 1122 671 magnorum
1181 603 1420 656 virorum
1469 607 1605 657 vitas
1666 605 1883 675 impune
1951 608 2343 678 corrumpebat.

369 693 716 764 Perspicuum
761 696 841 744 est
883 688 1195 744 Strabonem
1237 707 1333 744 sua
1373 708 1436 745 ex
1484 691 1666 745 eodem
1720 691 1863 747 sonte
1911 693 2152 748 hausisse
2208 695 2347 750 unde

368 782 682 851 Diogenem,
723 777 814 831 sed
853 777 917 831 de
951 795 1076 843 su0,
1118 786 1177 831 ut
1212 786 1518 832 narratores
1549 778 1746 842 solent,
1787 779 2044 835 adiecisse
2081 782 2346 847 nonnihil,

368 885 472 939 quo
525 866 832 921 auditorum
885 867 1052 919 animi
1105 867 1277 937 magis
1326 874 1804 921 commoverentur.
1886 867 2130 923 Socrates
2176 871 2346 925 Xeno-

369 955 621 1028 phontem
660 954 1027 1018 vulneratum,
1067 970 1130 1007 ex
1171 970 1306 1024 equo
1348 953 1651 1024 delapsum,
1705 955 1817 1008 suis
1871 956 1984 1026 ipse
2037 955 2279 1011 humeris
2319 974 2347 1012 e

370 1043 607 1115 periculo
656 1042 848 1097 extulit
894 1042 980 1096 καὶ
1033 1041 1215 1096 ἔσωσεν
1257 1042 1340 1096 ε’πὶ
1380 1043 1601 1103 πολλοὺς
1643 1043 1842 1103 ςαδίους
1883 1041 1973 1103 ἕως
2014 1044 2280 1099 ἐπαύσατο
2319 1049 2348 1109 ἦ

367 1132 543 1200 φυγή,
587 1147 812 1201 quorum
837 1147 1002 1201 quum
1024 1130 1220 1183 oculati
1251 1135 1414 1183 testes
1452 1129 1583 1182 nihil
1617 1131 1832 1184 omnino
1854 1131 2114 1195 viderint,
2147 1140 2198 1185 et
2233 1133 2347 1204 ipsa

368 1219 448 1272 rei
481 1225 670 1272 natura
701 1226 752 1272 et
785 1217 1115 1290 Thucydidis
1147 1218 1515 1271 testimonium
1548 1217 1635 1271 IV.
1669 1221 1739 1271 96
1775 1220 1978 1289 potiora
2012 1219 2162 1273 nobis
2191 1229 2350 1275 erunt

369 1322 528 1377 quam
580 1305 858 1359 Strabonis
906 1306 1199 1360 auctoritas
1250 1305 1420 1359 obiter
1474 1306 1576 1359 ista
1611 1307 1926 1377 attingentis
1962 1314 2043 1370 et,
2096 1309 2247 1361 utin
2288 1326 2348 1363 rc

369 1410 473 1447 non
513 1409 736 1463 magna,
775 1393 1222 1447 inconsideratius
1263 1394 1520 1447 incertam
1564 1393 1760 1447 samam
1798 1396 2085 1465 sequentiS.

446 1481 557 1535 lam
601 1480 727 1534 olim
765 1481 950 1535 Graeci
1001 1487 1052 1534 et
1094 1482 1332 1534 omnium
1391 1481 1622 1535 maxime
1673 1482 2021 1536 Athenienses
2059 1483 2113 1535 in
2155 1483 2351 1538 talibus

369 1576 521 1623 erant
542 1569 800 1633 λογοποιοί
819 1567 883 1621 ad
907 1584 1029 1622 eum
1053 1567 1266 1621 modum
1286 1609 1299 1632 ‚
1322 1584 1480 1638 quem
1503 1568 1901 1640 Theophrastus
1933 1586 2050 1640 cap.
2074 1570 2211 1623 VlII.
2240 1578 2351 1625 tam

370 1656 544 1728 lepide
596 1655 828 1710 traducit
883 1664 936 1710 et
985 1655 1305 1710 Plutarchus
1361 1657 1413 1708 in
1477 1655 1789 1710 dulcissimo
1853 1656 2028 1711 libello
2080 1657 2188 1726 περὶ
2232 1660 2351 1714 αδο-

368 1745 613 1813 λεσχίας.
696 1744 932 1815 Vestigia
986 1743 1148 1797 huius
1198 1744 1501 1813 ingeniosae
1551 1744 1783 1798 levitatis
1830 1744 2026 1816 ubique
2066 1746 2246 1812 obvia,
2287 1765 2351 1802 ex

373 1850 477 1904 qua
531 1833 682 1904 copia
729 1833 980 1902 quoniam
1036 1830 1100 1885 ad
1155 1832 1329 1902 ipsum
1384 1832 1785 1903 Xenophontem
1841 1849 1902 1886 ea
1952 1850 2036 1887 res
2089 1836 2350 1906 pertinet,

375 1938 543 1974 unum
588 1920 820 1975 delibare
872 1921 1038 1973 iuvat.
1117 1920 1335 1974 Constat
1382 1920 1749 1991 Xenophontis
1795 1921 1960 1975 filium
2014 1921 2256 1995 Gryllum
2298 1925 2350 1978 in

372 2008 572 2080 proelio
611 2008 931 2062 Mantinensi
969 2024 1108 2061 anno
1147 2010 1250 2062 562
1294 2007 1583 2062 fortissime
1633 2017 1961 2080 pugnantem
2018 2010 2348 2066 occubuisse.

373 2094 447 2150 Cf.
498 2097 725 2151 Pausan.
778 2097 917 2150 VIII.
973 2114 1042 2150 1x.
1099 2101 1182 2150 10.
1264 2097 1339 2151 Ea
1387 2097 1489 2150 viri
1542 2096 1710 2167 gloria
1761 2096 2180 2151 celebratissima
2232 2097 2349 2153 suit.

373 2183 658 2238 Certarunt
709 2186 762 2238 in
817 2184 984 2257 Grylli
1038 2184 1285 2238 laudibus
1337 2183 1648 2238 extollendis
1697 2184 1945 2255 capitalia
1999 2186 2241 2255 ingenia,
2295 2187 2350 2244 in

374 2272 486 2337 his,
530 2281 590 2327 ut
649 2272 790 2327 sama
828 2279 937 2337 est,
980 2273 1092 2344 ipse
1131 2273 1419 2335 IsocrateS‚
1459 2273 1516 2326 τὸ
1554 2272 1605 2326 δέ
1645 2293 1694 2326 τι
1731 2273 1816 2326 καὶ
1865 2272 2021 2339 πατρὶ
2073 2273 2351 2341 χαριζόμε-
2434 2317 2436 2330 2

376 2381 474 2426 νοι,
517 2377 674 2432 quem
727 2377 945 2415 necesse
990 2367 1070 2414 est
1124 2360 1522 2430 octogenarium
1579 2367 1695 2414 tum
1749 2359 1914 2414 fuisse
1955 2361 1997 2413 si
2041 2361 2169 2431 quid
2209 2360 2351 2415 Stra·
2434 2352 2436 2390 ⁷

373 2449 501 2503 boni
541 2466 603 2503 ac
644 2449 865 2518 Diogeni
912 2447 1207 2502 credimus:
1260 2454 1314 2501 at
1358 2449 1493 2501 ratio
1546 2449 1745 2501 evincit
1795 2449 2070 2517 sexaginta
2123 2465 2216 2502 sex
2259 2457 2353 2505 aut

375 2543 576 2609 septem
619 2554 785 2592 annos
824 2543 941 2591 tum
994 2535 1156 2590 fuisse
1204 2543 1407 2589 natum.
1488 2536 1547 2590 In
1604 2535 1971 2607 Euphranoris
2025 2536 2351 2592 nobilissima
2432 2571 2436 2574 -

375 2625 585 2693 tabula,
626 2642 728 2697 qua
757 2641 991 2697 pugnam
1029 2630 1330 2694 equestrem
1366 2623 1432 2678 ad
1466 2624 1786 2678 Mantineam
1824 2624 2161 2695 depinxerat,
2199 2632 2353 2680 erant
2424 2691 2425 2694 Ἴ

375 2715 756 2781 γνωριμώτατοι
815 2713 1038 2781 Γρύλλος
1093 2734 1152 2766 τε
1212 2714 1234 2765 ὁ
1296 2717 1609 2780 Ξενοφῶντος
1648 2743 1723 2753 -
1761 2713 1849 2766 καὶ
1902 2714 2349 2778 Ἐπαμεινώνδας,

377 2802 604 2856 Pausan.
636 2802 676 2856 Ι.
713 2819 787 2856 111.
821 2805 870 2855 4.
953 2800 1135 2854 Nobile
1175 2799 1341 2872 Grylli
1378 2817 1538 2871 prope
1577 2800 1898 2854 Mantineam
1946 2810 2352 2858 monumentum
2424 2862 2428 2868 ,

378 2889 578 2944 stabat:
619 2891 751 2953 ςήλη
782 2910 841 2942 τε
875 2888 962 2943 καὶ
1003 2890 1125 2954 ἀνὴρ
1167 2889 1357 2948 ἱππεὺς
1399 2889 1800 2956 ἐπειργασμένος
1854 2889 1956 2946 ε’ςὶν
1998 2888 2080 2943 ἐπὶ
2117 2899 2180 2958 τῇ
2222 2893 2354 2963 ςήλῃ
2428 2940 2430 2942 ,

375 2978 600 3045 Γρύλλος
639 2978 660 3029 ὁ
702 2982 1015 3046 Ξενοφῶντος
1059 2977 1283 3029 Pausan.
1326 2975 1460 3029 VIII.
1503 2992 1571 3029 1x.
1609 2981 1659 3030 5.
1702 2982 1754 3030 et
1794 2976 1930 3029 VlII.
1968 2993 2036 3030 xi.
2081 2981 2131 3030 6.
2210 2978 2351 3032 Men-
2421 2992 2423 2994 ·

376 3065 478 3119 dax
520 3071 699 3119 autem
745 3072 1077 3135 posterorum
1131 3065 1399 3128 λογοποιία
1435 3063 1630 3118 famam
1673 3065 1879 3135 peperit
1918 3063 1983 3116 ab
2022 3065 2135 3134 ipso
2171 3065 2352 3138 Gryllo
2430 3054 2431 3057 ¹

376 3151 798 3225 Epaminondam
854 3152 1009 3206 letale
1064 3151 1257 3205 vulnus
1309 3154 1596 3222 accepisse.
1676 3153 2036 3222 Arripuerunt
2083 3151 2220 3207 hanc
2274 3153 2350 3208 fa·-

375 3258 515 3295 mam
572 3239 764 3312 cupide
815 3240 1167 3294 Athenienses
1214 3247 1266 3293 et
1319 3240 1582 3305 Thebani,
1638 3241 1723 3294 καὶ
1768 3241 2032 3303 Ἀθήνησιν
2078 3241 2129 3294 ἐν
2181 3239 2347 3296 ἵππων

374 3328 530 3399 μάχῃ
574 3328 740 3402 (recte
775 3328 970 3381 ἱππέων
1003 3328 1234 3381 correxit
1281 3327 1520 3381 Dindorl'.
1565 3326 1629 3380 ad
1670 3327 1869 3380 Hellen.
1895 3327 2006 3381 VII.
2043 3345 2090 3381 v.
2138 3329 2224 3402 15)
2264 3332 2348 3385 τὸν

374 3417 789 3482 Ἐπαμεινώνδαν
841 3415 1143 3482 γέγραπται
1202 3415 1422 3483 φονεύων
1466 3414 1690 3482 Γρύλλος
1730 3418 1754 3467 0‘
1794 3422 2138 3484 Ξενοφῶντος,
2182 3424 2242 3470 ut
2278 3417 2347 3470 lo-

376 3507 561 3576 quitur
607 3505 850 3560 oculatus
904 3505 1054 3558 testis
1102 3503 1391 3558 Pausanias
1444 3503 1532 3556 IX.
1573 3520 1653 3556 xV.
1694 3507 1753 3565 5,
1797 3521 1953 3574 quem
1989 3505 2169 3559 confer
2209 3505 2343 3559 VIII.

371 3610 440 3648 xi.
485 3599 514 3649 5
558 3600 608 3649 ct
651 3597 701 3648 6.
783 3593 1000 3648 Veriora
1046 3593 1402 3648 Mantinenses
1436 3598 1487 3646 et
1525 3590 1924 3647 Lacedaemonii
1970 3593 2344 3665 perhibebant,
