2436 4068
1305 278 1404 327 124

430 424 518 479 Bis
557 424 699 479 idem
743 424 934 477 vitium
974 421 1194 491 irrepsit
1249 419 1300 470 in
1345 420 1581 473 iocosum
1627 419 1928 490 Apollodoii
1974 422 2336 526 fragmentum

355 513 408 564 in
450 512 594 567 Stoh.
636 511 816 567 Floril.
859 509 1037 563 CXVI.
1083 512 1170 562 55.

652 598 801 653 ἀλλα
841 597 990 663 μέγα
1029 597 1165 649 τοῦθ’
1204 596 1247 648 οἱ
1289 595 1510 663 πατέρες
1551 596 1954 661 ἠλλαττωμεθα.

655 688 802 751 ὑμεῖς
842 685 936 749 μὲν
977 683 1277 747 ὧνειδίσατ’,
1318 683 1406 737 ἐάν
1446 704 1496 736 τι
1537 684 1611 748 μὴ
1653 690 1768 751 ποιῇ

652 776 676 826 0‘
716 773 888 837 πατὴρ
927 771 1220 838 προθύμως·
1260 773 1314 825 οὐ
1355 770 1580 835 γέγονας
1621 770 1776 830 αὐτὸς
1819 770 1955 834 νέος;

651 862 720 928 τῷ
761 860 814 914 δὲ
853 858 1012 925 πατρὶ
1056 861 1175 926 πρὸς
1215 859 1300 912 τὸν
1342 859 1476 920 υἱὸν,
1519 856 1583 911 ἂν
1623 860 1925 927 ἀγνωμονῇ,

654 950 743 1002 οὐκ
783 945 885 1004 ἔςιν
926 949 1120 1001 εἰπεῖν·
1161 948 1216 1000 οὐ
1257 945 1483 1010 γέγονας
1524 946 1680 1006 αὐτὸς
1720 945 1909 1012 γέρων;

351 1041 497 1089 recte
535 1050 610 1089 vs,
657 1039 708 1089 5.
748 1034 1047 1090 Meinekius
1085 1034 1347 1101 προθύμως
1389 1033 1623 1086 correxit
1665 1049 1758 1102 pro
1794 1032 1932 1100 πρόθ’
1974 1035 2129 1099 ὑμῶν.
2201 1035 2339 1102 Quid

352 1139 440 1176 me
475 1121 710 1176 offendat
746 1123 802 1176 in
843 1122 1069 1176 caeteris
1109 1122 1308 1192 optime
1348 1118 1625 1174 Menandri
1673 1118 1821 1173 locus
1869 1128 2211 1192 comparatus
2253 1139 2339 1193 pa·

351 1208 598 1273 tesaciet‚
641 1211 735 1281 qui
775 1209 916 1282 apud
957 1208 1291 1263 Athenaeum
1326 1207 1526 1278 legitur
1565 1223 1615 1278 p.
1662 1209 1785 1260 166.
1827 1207 1888 1261 A.

654 1298 820 1352 καίτοι
861 1297 965 1357 νέος
1005 1298 1100 1362 μὲν
1141 1294 1391 1361 ἐγενόμην
1430 1294 1604 1359 κάγώ,
1643 1293 1828 1359 γύναι,

654 1386 781 1439 ἀλλ’
820 1387 910 1440 οὐκ
947 1383 1170 1449 ἐλούμην
1210 1381 1459 1443 πεντάκις
1494 1387 1588 1444 τῆς
1629 1381 1851 1449 ἡμέρας,

353 1472 569 1544 requiro
603 1472 747 1527 enim
787 1475 841 1527 οὐ
882 1471 1108 1537 γέγονας
1148 1471 1338 1531 καύτὸς
1381 1469 1514 1531 νέος;
1565 1475 1619 1523 et
1653 1471 1708 1524 οὐ
1749 1469 1975 1535 γέγονας
2022 1473 2211 1534 καύτὸς
2251 1474 2339 1538 γέ·

353 1578 474 1628 ρων;
514 1566 576 1614 ut
615 1559 691 1613 ibi
729 1561 875 1624 κάγὼ
910 1559 1014 1620 νέος
1045 1558 1314 1624 ἐγενόμην.

427 1645 596 1702 Labes
628 1646 891 1720 quaedam
922 1647 1097 1701 inficit
1133 1645 1434 1719 Apollodori
1474 1645 1838 1716 fragmentum
1875 1645 1926 1700 in
1971 1645 2114 1702 Stob.
2157 1647 2336 1703 Floril.

353 1734 457 1790 GV.
494 1739 582 1790 49.

731 1826 820 1879 οὐκ
859 1820 949 1878 οἷδ’
987 1821 1085 1893 ὅτῳ
1124 1823 1369 1885 πέποιθας
1408 1823 1658 1892 ἀργυρίῳ,
1697 1821 1890 1892 πάτερ,

734 1909 758 1966 ὃ
799 1913 967 1981 καιρὸς
1007 1914 1033 1966 o‘
1070 1914 1243 1980 τυχὼν
1283 1918 1388 1973 τοῖς
1428 1911 1524 1977 μὲν
1562 1913 1618 1966 οὗ
1658 1910 1983 1977 κεκτημένοις

732 1998 915 2065 ἔδωκε,
952 2005 1062 2054 τῶν»
1089 1998 1412 2066 κεκτημένων
1452 2000 1496 2054 δ’
1534 2000 1805 2070 ἀφείλετο.

355 2104 587 2160 namque
622 2088 875 2143 vitiosum
916 2095 996 2144 est
1032 2087 1128 2157 ὅτῳ
1164 2093 1218 2142 et
1253 2103 1416 2142 sensu
1451 2104 1701 2142 vacuum.
1780 2087 2009 2141 Miratur
2046 2086 2189 2142 filius
2222 2106 2342 2161 quo-

353 2175 503 2230 modo
542 2181 695 2248 pater
747 2177 986 2230 nummis
1038 2175 1307 2231 confidere
1354 2175 1550 2246 possit:
1602 2177 1691 2229 οὐκ
1734 2171 1829 2229 οἷδ’
1881 2171 2048 2236 ὅπως
2094 2175 2341 2239 πέποιθας

351 2264 602 2333 ἀργυρίῳ,
642 2262 827 2332 πάτερ.
884 2263 1035 2330 Quod
1063 2263 1276 2317 Comico
1310 2276 1603 2333 pronomen
1637 2261 1933 2316 exemimus
1967 2262 2174 2317 duobus
2215 2263 2342 2319 Ora-

357 2351 563 2406 toribus
601 2351 911 2407 reddemus:
951 2350 1144 2424 Lysiae
1179 2350 1268 2404 lV.
1312 2349 1352 2424 §
1391 2354 1440 2405 7.
1480 2349 1671 2412 ἀδήλου
1707 2348 1845 2409 ὄντος
1894 2351 1937 2404 εἰ
1982 2350 2127 2418 παρὰ
2179 2352 2342 2420 τούτῳ

351 2440 626 2507 εὑρήσομεν
659 2439 868 2508 όςρακον
904 2440 933 2503 ἢ
960 2437 1120 2499 οὕτως
1149 2438 1306 2493 αὐτὸν
1335 2440 1744 2503 ἀποκτενοῦμεν,
1777 2437 2005 2492 restitue
2042 2437 2252 2506 όςρακόν
2291 2461 2341 2494 τι

352 2525 448 2595 ὅτῳ
491 2532 545 2581 et
583 2526 836 2581 Aeschini
889 2527 943 2582 in
993 2525 1227 2598 ctesiph.
1282 2524 1321 2599 S
1360 2528 1493 2579 222.
1543 2524 1868 2593 ἐξηλέγχθης
1918 2526 2005 2579 ὑπ’
2058 2526 2182 2592 ἐμοῦ
2233 2526 2342 2592 ἑξή-

353 2635 510 2668 κοντα
538 2613 625 2670 καὶ
650 2614 805 2670 πέντε
834 2619 952 2669 νεῶν
972 2618 1406 2683 ταχυναυτουσῶν
1427 2611 1760 2681 τριηράρχους
1791 2613 2134 2683 ὑφῃρημένος,
2164 2621 2340 2670 πλεῖον

352 2708 446 2764 τῆς
487 2702 684 2764 πόλεως
724 2703 992 2773 ἀφανίζων
1032 2703 1266 2757 ναυτικὸν
1308 2702 1338 2765 ἢ
1384 2700 1468 2756 ὅτε
1508 2702 1760 2762 Ἀθηναῖοι
1799 2702 1890 2764 την
1931 2701 1982 2755 ἐν
2021 2701 2182 2771 Νάξῳ
2221 2723 2340 2758 ναυ-

353 2789 564 2857 μαχίαν
602 2791 1038 2858 Λακεδαιμονίους
1078 2790 1165 2844 καὶ
1209 2788 1406 2845 Πόλλιν
1451 2790 1715 2853 ἐνίκησαν,
1756 2789 1813 2842 in
1853 2805 1958 2860 quo
1992 2788 2106 2844 loco
2145 2791 2341 2861 permi-

354 2891 446 2931 ror
484 2882 595 2931 tam
628 2871 974 2934 manifestum
1017 2877 1273 2933 mendum
1315 2870 1523 2933 tamdiu
1557 2878 1724 2933 latere
1761 2878 2013 2948 potuisse.
2073 2877 2342 2948 Arguitur

354 2964 739 3021 Demosthenes
765 2967 1030 3021 'maiorem
1071 2965 1295 3021 classem
1330 2965 1628 3038 perdidisse·
1661 2981 1823 3037 quam
1855 2982 1957 3036 qua
1990 2963 2342 3021 Athenienses

355 3051 623 3122 insignem
666 3044 811 3108 illam
849 3055 1129 3109 victoriam
1172 3053 1239 3108 ad
1277 3053 1485 3108 Naxum
1524 3059 1903 3125 reportassent.
1963 3051 2203 3107 Emenda
2244 3053 2339 3123 igi-

357 3139 508 3203 tur&
549 3137 645 3208 ὅτῳ
685 3143 957 3203 Ἀθηναῖοι.
1038 3142 1242 3197 Verene
1287 3141 1418 3196 haec
1459 3158 1526 3196 an
1572 3141 1904 3195 accusatorie
1955 3138 2207 3193 dicantur
2245 3138 2339 3194 du-

355 3226 517 3281 bitari
557 3228 748 3298 possit:
790 3228 935 3284 dicta
975 3228 1154 3283 sic'ah
1197 3229 1458 3285 Aeschine
1497 3245 1612 3283 esse
1665 3228 1719 3282 id
1771 3245 1896 3283 vero
1948 3227 2171 3282 dubium
2225 3244 2340 3282 esse

357 3330 461 3367 non
499 3315 691 3386 possit,
733 3318 986 3386 quoniam
1022 3317 1050 3379 ἢ
1087 3316 1172 3371 ὅτε
1213 3317 1347 3372 nihil
1382 3333 1603 3389 prorsus
1641 3316 1925 3387 significat.
2006 3316 2079 3369 De
2114 3331 2340 3369 numero

358 3403 578 3457 navium
627 3402 757 3458 haec
804 3403 1067 3457 Diodorus
1104 3405 1215 3458 XV.
1263 3409 1350 3459 54.
1402 3401 1518 3472 εἶχε
1566 3406 1617 3458 δὲ
1666 3405 1875 3471 τριήρεις
1924 3407 1947 3456 0‘
1994 3403 2088 3468 μὲν
2142 3401 2338 3463 Πόλλις

358 3490 603 3554 ἑξήκοντα
635 3491 721 3545 καὶ
757 3491 939 3555 πέντε,
981 3495 1004 3543 ὁ
1037 3491 1088 3544 δὲ
1123 3492 1360 3559 Χαβρίας
1400 3493 1709 3557 ὀγδοήκοντα
1743 3491 1829 3545 καὶ
1864 3498 2023 3559 τρεῖς,
2065 3489 2156 3544 ubi
2195 3489 2338 3544 haud

359 3578 467 3631 scio
506 3593 573 3631 an
613 3578 858 3642 ἑξήκοντα
898 3586 950 3633 et
989 3580 1296 3643 ὁγδοήκοντα
1339 3580 1514 3634 locum
1553 3584 1763 3633 mutare
1811 3578 2064 3643 debeant,
2106 3584 2168 3631 ut
2207 3577 2337 3631 Cha-

356 3665 499 3725 brias
535 3664 746 3726 dicatur
785 3669 1031 3726 triremes
1060 3666 1308 3725 hahuisse
1344 3666 1589 3732 ἑξήκοντα
1622 3665 1708 3723 καὶ
1739 3673 1872 3737 τρεῖς
1909 3674 1960 3724 et
1995 3666 2334 3726 verissimum,
