2436 4068
1009 239 1108 289 197

71 402 200 442 num
240 386 310 438 sit
344 381 435 437 sed
473 399 503 436 a
550 380 728 436 sciolis
778 379 959 435 addita
1010 381 1328 435 lacunarum
1378 379 1747 453 supplementa
1797 399 1891 440 nos
1942 391 2046 441 tor-

67 479 294 547 queant,
334 469 512 542 qualia
553 468 722 524 multa
753 469 806 521 in
849 467 1073 523 Stobaeo
1106 468 1439 524 ostendimus
1479 469 1667 525 inesse.
1726 472 1888 527 Recte
1930 491 2046 545 pro·

68 561 257 617 cedent
292 559 473 613 omnia
506 557 550 610 si
590 556 858 626 legemus:

441 646 622 711 βούλει
662 644 911 708 λέγεσθαι
951 645 1026 709 μὴ
1067 645 1222 698 θανὼν
1262 644 1585 707 τεθνηκέναι;

67 751 256 807 nempe
296 733 452 806 plane
490 731 632 786 idem
669 736 751 785 est
784 729 925 798 λόγῳ
961 732 1127 785 θανεῖν
1170 738 1223 786 et
1268 733 1517 796 λέγεσθαι
1551 735 1864 796 τεθνηκέναι.

141 823 203 878 ln
243 821 441 875 vicinia
483 836 559 872 VS.
597 821 762 873 1062.

367 910 431 968 ὥς
470 904 527 962 εὖ
567 907 671 961 τόδ’
711 903 866 967 εἶπας
906 907 1044 967 πλὴν
1082 904 1152 959 ἕν.
1195 907 1237 959 εἰ
1275 906 1446 975 χέρσῳ
1486 909 1669 978 ταφοὶς

367 998 523 1050 θεῖναι
564 995 799 1049 κελεύσει
840 998 922 1058 σ’,
959 994 1097 1048 οὐδὲν
1139 995 1168 1055 ἧ
1209 1000 1402 1061 σκῆψις
1442 995 1605 1063 φέρει.

65 1101 169 1142 non
213 1089 409 1155 exputo
456 1082 587 1154 quid
634 1082 734 1138 sibi
784 1085 848 1143 ὡς
897 1081 1024 1136 velit
1069 1082 1125 1135 in
1177 1082 1357 1154 priore
1396 1083 1608 1136 senario
1649 1090 1702 1139 et
1749 1086 2048 1145 insiticium

64 1188 180 1230 esse
233 1169 426 1235 credo,
480 1187 648 1243 quum
688 1186 815 1224 vera
863 1169 1022 1224 lectio
1057 1170 1156 1223 sit:
1216 1167 1274 1225 εὖ
1321 1190 1395 1224 τοι
1443 1169 1549 1225 τόδ’
1595 1167 1748 1232 εἶπας
1798 1177 1908 1228 κτὲ.
1989 1176 2047 1230 In

63 1259 233 1317 altero
268 1259 479 1314 senario
521 1256 777 1313 mendum
819 1258 963 1312 inest
1004 1257 1146 1328 quod
1197 1274 1266 1312 ne
1314 1256 1529 1312 literula
1573 1259 1790 1330 quidem
1841 1268 2052 1318 mutata

29 1341 274 1410 fsanaho.
357 1347 637 1417 Scriptura
690 1353 846 1401 vetus
895 1353 1556 1401 ΚΕΛΕΤΣΕΙΣΟΤΔΕΝ
1599 1347 1746 1401 intus
1788 1347 1925 1404 hanc
1980 1350 2050 1406 le-

30 1436 293 1492 -ctionem
332 1433 579 1489 servabat
616 1434 887 1498 κελεύσει,
927 1436 969 1495 ’ς
1007 1433 1145 1489 οὐδὲν
1177 1437 1205 1498 ἡ
1243 1439 1435 1502 σκῆψις
1475 1433 1656 1503 φέρει,
1700 1452 1822 1491 nam
1866 1437 1945 1492 sio
1978 1437 2050 1492 lo-

64 1523 368 1597 quebantur
422 1538 519 1593 pro
566 1522 705 1575 οὐδὲν
764 1524 905 1587 ἡμᾶς
960 1523 1169 1591 ὠφελεῖ.
1248 1521 1310 1575 In
1367 1538 1445 1576 VS.
1489 1526 1651 1578 1074.
1709 1525 1888 1586 πόνους
1942 1526 2048 1594 γὰρ

61 1613 296 1680 δαίμονες
357 1610 615 1664 παύσουσί
660 1629 760 1674 μου
802 1609 962 1665 credo
1013 1626 1267 1682 praesens
1312 1609 1517 1681 requiri
1572 1612 1810 1667 παύουσι.
1906 1613 2050 1670 Satis

55 1717 150 1759 me
188 1700 273 1756 Dii
314 1705 705 1753 exercuerunt:
745 1698 854 1752 iam
903 1698 1029 1753 dam
1081 1697 1215 1752 mihi
1259 1697 1502 1752 laborum
1559 1697 1757 1762 finem,
1798 1717 1905 1754 non
1960 1701 2050 1756 da·
2139 1768 2141 1771 Α

65 1788 206 1845 bunt.
286 1786 376 1842 Vs,
415 1789 578 1840 1104.
630 1801 727 1857 pro
779 1787 822 1840 εἰ
864 1787 907 1841 δ’
945 1784 1076 1850 ἦσθα
1114 1785 1305 1854 μετρία
1346 1785 1480 1840 solet
1518 1786 1806 1858 Euripides
1845 1788 2047 1856 μέτριος
2136 1774 2143 1800 '⁶'

62 1876 260 1933 dicere.
339 1873 553 1947 Optime
593 1871 933 1928 confirmabit
981 1873 1269 1945 Euripides
1323 1874 1472 1945 ipse,
1525 1891 1682 1945 quem
1728 1875 2051 1933 Plutarchus
2119 1911 2121 1914 -

62 1966 116 2021 ὃν
150 1971 257 2025 τοῖς
296 1964 532 2028 ὑγιεινοῖς
573 1961 1030 2029 παραγγέλμασιν
1062 1978 1182 2034 pag.
1226 1965 1350 2017 152.
1392 1963 1449 2016 B.
1504 1962 1712 2018 inducit
1755 1962 1838 2017 his
1874 1965 2050 2020 verbis

36 2053 186 2122 ’πρὸς
224 2053 317 2114 τὴν
357 2050 666 2119 Ἀφροδίτην
705 2049 1105 2115 διαλεγόμενον·

40 2151 43 2162 ’
289 2139 417 2201 Em
456 2158 574 2204 μοι,
614 2138 891 2205 μέτριον
931 2138 984 2191 δέ
1023 2158 1129 2198 πως
1164 2135 1300 2201 εἴης,
1339 2138 1460 2203 μηδ’
1494 2140 1816 2199 οέπολείποις.

40 2229 154 2301 qui
190 2228 391 2295 μέτριος
431 2227 484 2281 δέ
524 2247 668 2290 πως,
713 2232 771 2280 ιιι
806 2225 1023 2297 opinor,
1057 2223 1283 2280 dixerat.

40 2350 44 2356 -
139 2315 199 2371 ln
240 2333 343 2371 vss
389 2318 531 2370 1164
570 2331 684 2387 sqq.

365 2491 576 2559 ἔθαψα,
616 2494 863 2556 Πρωτεῦ,
902 2493 951 2543 σ’
994 2487 1125 2544 ἕνεκ’
1165 2490 1295 2555 ἐμῆς
1334 2493 1671 2559 προσρησεως.

365 2578 447 2632 ἀει
489 2579 544 2633 δέ
583 2581 632 2632 σ’
673 2576 813 2641 ἐξιων
853 2599 912 2633 τε
953 2579 1148 2633 κεῖσιὼν
1188 2577 1371 2643 δόμους

366 2666 719 2731 Θεοκλύμενος
760 2674 886 2726 παις
927 2662 1011 2719 ὅδε
1052 2665 1401 2733 προσεννέπει,
1441 2685 1640 2734 πατερ,

15 2749 118 2842 ’fet
154 2751 221 2808 ob
259 2752 392 2808 alias
431 2770 623 2809 causas
656 2760 710 2808 et
748 2752 814 2807 ob
856 2751 1180 2825 praecedens
1221 2753 1395 2821 ἔθαψα
1437 2754 1728 2824 genuinam
1764 2753 2046 2813 lectionem

41 2839 296 2900 &rbitror
347 2841 513 2897 fuisse
551 2841 905 2910 προσεννέπω,
947 2857 1051 2895 non
1101 2841 1445 2909 προσεννέπει.
1527 2841 1787 2913 Apertum
1830 2850 1910 2899 est
1955 2862 2048 2900 un·

40 2925 130 2986 ”dc
166 2937 283 2984 orta
323 2930 395 2984 sit
446 2928 788 3002 corruptela,
829 2927 1014 3000 quales
1056 2928 1189 2984 mibi
1242 2929 1458 3000 saepius
1499 2929 1641 3001 apud
1687 2930 1819 2986 alios
1871 2931 2047 2987 obser-

21 2998 216 3092 seveiae
255 3024 402 3074 sunt.
482 3017 594 3072 Iam
654 3016 779 3071 alibi
831 3015 1114 3072 emendavi
1169 3032 1384 3072 versum
1442 3016 1816 3089 Aristophanis
1874 3021 1927 3075 in
1982 3021 2046 3075 Α-

29 3099 250 3161 'lebam
285 3109 410 3162 406.

54 3231 66 3234 -
438 3195 715 3260 Εὐριπίδη,
756 3194 1072 3261 Εὐριπίδιον,

444 3281 780 3342 Δικαιόπολις
819 3288 979 3336 καλεῖ
1013 3302 1071 3336 σε
1112 3281 1389 3342 Χολλείδης
1429 3282 1562 3346 ἐγώ,

68 3362 157 3421 nbi
197 3382 263 3421 ne
300 3369 402 3432 ἐγώ
454 3369 669 3440 quidem
711 3368 955 3424 additum
1016 3368 1221 3424 scribas
1266 3368 1528 3433 retinuit,
1571 3384 1676 3439 quo
1735 3370 1913 3423 minus
1973 3370 2046 3424 in-

67 3452 391 3526 terpolarent
430 3457 694 3512 sinceram
738 3458 1063 3528 scripturam
1106 3457 1278 3512 hanc:

451 3546 787 3607 Δικαιόπολις
825 3551 968 3600 καλῶ
1010 3548 1057 3599 σ’
1094 3546 1116 3599 ὁ
1159 3545 1436 3605 Χολλείδης
1479 3545 1596 3609 ἐγώ.

71 3624 201 3694 Quis
244 3627 372 3683 ferat
417 3632 554 3701 quod
613 3633 750 3706 apud
814 3632 1183 3706 Thucydidem
1225 3632 1424 3703 legitur
1459 3631 1497 3686 1.
1546 3633 1664 3683 128.
1748 3631 2048 3695 Παυσανίας
