2436 4068
1051 190 1155 240 405

184 335 366 405 ltaque
420 333 469 384 in
516 337 664 384 tanta
703 332 958 402 peccandi
995 331 1296 404 frequentia
1344 332 1749 403 constantiaque
1800 331 1898 387 boc
1941 340 2084 388 tenc-

109 424 314 486 bimuS,
355 437 459 492 quo
506 420 576 473 sit
627 427 807 473 certus
860 437 1011 474 error
1051 422 1105 474 in
1147 420 1300 474 libris
1337 420 1575 475 crebrior
1623 438 1685 475 eo
1742 438 1857 475 esse
1910 423 2080 475 mani-

105 512 373 566 festiorem
420 525 586 578 eoque
633 509 893 562 minorem
948 508 1106 562 fidem
1149 508 1314 562 libros
1357 509 1480 562 Mss.
1523 526 1763 574 merere,
1805 526 1977 580 neque
2016 509 2081 562 ob

103 599 360 653 librorum
417 612 736 649 consensum
787 597 965 666 pravis
1019 595 1339 650 lectionibus
1391 613 1506 651 esse
1560 597 1925 668 parcendum,
1986 597 2077 651 sed

103 687 295 740 vitium
349 683 648 738 sexcenties
700 682 826 736 alibi
866 683 1212 737 commissum
1257 691 1310 736 et.
1362 692 1664 739 correctum
1719 686 2080 756 quotiescum·

105 790 207 846 qne
245 777 492 827 recurrat
531 769 714 823 eodem
754 771 869 824 iure
907 770 1104 841 ubique
1147 770 1258 823 tolli
1299 778 1558 842 oportere.
1641 773 1696 827 Si
1739 773 1942 844 patebit
1982 774 2079 845 igi·

101 869 192 917 tur
231 867 284 915 et
320 857 584 914 constabit
619 874 723 910 non
760 874 876 912 esse
910 858 1056 912 aliud
1097 857 1251 912 facile
1295 859 1473 912 mendi
1516 877 1685 930 genus
1719 861 2082 932 frequentiuS,

102 965 261 1022 quam
300 954 359 1001 ut
399 946 568 1000 suturi
613 945 783 1000 forma
826 947 878 999 in
934 947 1193 999 aoristum
1236 955 1616 1017 corrumpatur
1665 956 1715 1002 et
1767 956 1951 1003 contra
1998 967 2081 1003 ra-

100 1037 313 1091 rissime
354 1035 474 1097 fiat,
529 1041 590 1088 ut
628 1035 843 1088 aoristis
896 1033 1077 1088 futura
1130 1034 1566 1099 substituantur,
1628 1053 1903 1107 quumque
1955 1055 2080 1092 eum

99 1141 336 1179 errorem
398 1123 592 1194 passim
654 1122 796 1194 apud
854 1139 1038 1177 omnes
1094 1130 1240 1177 certa
1297 1123 1618 1176 auctoritate
1676 1131 1729 1178 et
1773 1125 1889 1179 iure
1934 1132 2081 1179 certo

101 1211 370 1268 sublatum
426 1211 530 1263 iam
579 1227 695 1264 esse
731 1217 968 1276 constet,
1015 1210 1147 1264 nihil
1196 1210 1529 1264 morabimur
1579 1211 1708 1266 istos
1760 1219 1924 1267 testes
1976 1230 2081 1284 quo

101 1302 282 1356 minus
320 1297 375 1352 id
419 1296 557 1369 quod
599 1315 786 1352 verum
827 1316 945 1353 esse
980 1306 1315 1370 compertum
1355 1299 1426 1352 sit
1476 1298 1674 1370 ubique
1713 1300 1765 1353 in
1807 1301 2079 1372 integrum

100 1390 464 1444 restituamus,
555 1387 766 1442 Dixisse
820 1386 1020 1461 Cyrum
1082 1388 1259 1459 ipsum
1318 1390 1372 1442 οὐ
1440 1387 1649 1455 πρόσθεν
1721 1389 2079 1455 παύσομαι

103 1493 258 1531 nemo
296 1481 453 1546 negat
485 1481 578 1528 aut
618 1474 842 1545 ambigit
882 1482 972 1529 aut
1019 1474 1344 1546 obloquitur.
1424 1476 1568 1546 Ergo
1608 1475 1944 1547 Xenophonti
1982 1478 2082 1532 hoc
2125 1546 2127 1549 f

102 1566 179 1619 sic
219 1562 555 1618 referendum
600 1568 682 1616 est
725 1569 785 1616 ut
832 1562 1008 1618 dicat:
1063 1564 1328 1632 ὑπέσχετο
1365 1567 1541 1624 αὐτοῖς
1580 1565 1636 1618 οὐ
1674 1564 1883 1631 πρόσθεν
1917 1567 2080 1621 παύ-

102 1654 338 1707 σεσθαι.
419 1650 521 1718 Qui
556 1650 638 1705 vel
674 1651 728 1704 in
767 1668 875 1706 uno
914 1650 1027 1706 loco
1066 1651 1229 1722 probe
1273 1653 1500 1706 senserit
1536 1668 1695 1722 quam
1738 1654 1808 1707 sit
1844 1652 1942 1707 hoc
1991 1670 2082 1708 ne-

101 1740 396 1796 cessarium
452 1738 635 1793 eadem
677 1738 943 1793 medicina
984 1739 1245 1811 quidquid
1286 1746 1368 1794 est
1422 1739 1621 1811 ubique
1665 1757 1886 1812 aegrum
1930 1758 2081 1796 sana-

105 1829 198 1883 bit.
276 1827 390 1882 Non
431 1826 661 1880 multum
703 1827 748 1879 is
779 1826 1047 1881 dubitabit
1088 1829 1140 1881 in
1179 1828 1347 1883 Anah.
1384 1828 1449 1882 11.
1490 1846 1564 1882 111.
1607 1831 1695 1883 20.
1750 1829 2081 1884 rescribere:

104 1918 189 1971 καὶ
230 1916 343 1983 περὶ
382 1917 478 1981 μὲν
517 1914 709 1969 τούτων
749 1915 1015 1984 ὑπέσχετό
1053 1937 1137 1981 μοι
1190 1917 1674 1982 βουλεύσεσθαι
1731 1934 1827 1989 pro
1864 1918 2079 1984 βουλεύ·

102 2006 320 2060 σασθαιε
380 2004 472 2075 qui
520 2003 663 2057 enim
702 2005 937 2075 spatium
989 2004 1090 2058 sibi
1142 2003 1208 2058 ad
1260 2004 1663 2059 deliberandum
1706 2006 1908 2070 sumit,
1958 2023 2081 2060 enm

101 2110 260 2165 saepe
306 2091 492 2146 audies
530 2092 883 2157 βουλεύσομαι
939 2091 1207 2147 dicentem
1240 2099 1335 2146 aut
1381 2092 1675 2160 σκέψομαι,
1717 2093 1858 2165 quod
1896 2100 1977 2148 est
2027 2095 2078 2147 in

104 2181 365 2237 indirecta
403 2181 643 2234 oratione
670 2179 1033 2236 retinendum.
1113 2180 1235 2235 Noti
1265 2187 1394 2235 sunt
1430 2197 1618 2235 versus
1658 2180 1966 2236 Menandri:

403 2271 446 2324 οἱ
486 2268 584 2328 τὰς
625 2270 782 2337 ὀφρῦς
822 2268 1047 2336 αἴροντες
1086 2271 1151 2329 ὡς
1190 2269 1497 2336 ἀβέλτεροι,

405 2357 492 2411 καὶ
537 2356 967 2425 »σκέψομαι”
1006 2356 1269 2422 λέγοντες.
1306 2356 1560 2424 ἄνθρωπος
1600 2358 1705 2426 γαρ
1745 2359 1809 2413 ὢν

402 2444 583 2513 σκέψει
625 2446 687 2499 σὺ
729 2444 844 2512 περί
879 2462 1002 2507 του;
1041 2446 1270 2514 δυςυχής
1294 2487 1306 2509 ,
1345 2443 1469 2500 ὅταν
1507 2445 1667 2516 τύχῃ.

99 2551 236 2609 quos
261 2533 539 2589 commode
560 2532 804 2587 adhibuit
838 2532 1180 2588 Casaubonus
1215 2534 1281 2588 ad
1305 2534 1657 2606 Theophrasti
1691 2533 1867 2602 εἴρωνα
1902 2552 2015 2609 cap.
2040 2537 2078 2593 Ι.

101 2624 135 2694 fi
165 2627 216 2678 5.
269 2622 354 2677 καὶ
396 2622 469 2697 τα
512 2622 608 2688 μὲν
648 2623 1017 2691 σκέψεσθαι
1085 2623 1343 2692 φάσκειν,
1391 2623 1462 2677 τα
1505 2623 1557 2677 δὲ
1593 2623 1683 2677 οὐκ
1720 2623 1921 2678 εἰδέναι.
2003 2625 2078 2679 De

100 2709 280 2766 eodem
319 2716 348 2784 §
380 2713 430 2764 2.
474 2710 686 2765 scribit:
728 2710 815 2765 καὶ
854 2711 1012 2777 μηδὲν
1052 2709 1114 2765 ὧν
1154 2710 1374 2778 πράττει
1426 2711 1746 2776 ὁμολογῆσαι
1784 2712 1933 2766 ἄλλα
1974 2716 2074 2782 φῆ·

98 2819 186 2855 σαι
230 2799 741 2865 βουλεύσεσθαι,
799 2798 890 2854 ubi
942 2800 1064 2871 quis
1106 2801 1246 2853 serio
1300 2798 1588 2854 contendat
1638 2799 1853 2854 aoristis
1899 2799 2074 2856 locum

102 2887 320 2943 concedi
376 2887 564 2959 posse?
647 2886 908 2942 Similiter
962 2889 1013 2942 in
1060 2887 1228 2942 Anah.
1264 2888 1352 2942 Vl.
1396 2906 1443 2943 v.
1491 2893 1576 2943 17.
1634 2888 1750 2942 sine
1796 2905 1944 2943 mora
1996 2906 2075 2945 re-

100 2974 402 3048 ponendum
437 2978 537 3031 053⁹
571 2978 718 3042 ὑμεῖς
747 2977 988 3045 ἐλπίζετε
1022 2978 1209 3038 αὐτοὺς
1241 2975 1548 3040 δέξεσθαι
1591 2977 1730 3043 ὑμᾶς
1767 2993 1861 3048 pro
1894 2977 2074 3050 inepto

101 3061 373 3128 δέξασθαι,
428 3063 568 3136 quod
612 3072 692 3119 est
748 3065 995 3138 impetum
1050 3066 1369 3120 sustinuisse.
1450 3066 1652 3120 Iterum
1710 3067 2073 3121 necessarium

103 3149 343 3207 futurum
398 3152 762 3225 reponendum
805 3160 884 3208 est
928 3154 971 3208 Ι.
1014 3171 1102 3208 vn.
1146 3159 1196 3211 5.
1252 3153 1317 3208 ἂν
1357 3156 1400 3210 δ’
1436 3151 1492 3210 εὖ
1532 3153 1751 3219 γένηταί
1787 3174 1837 3208 τι
1879 3156 1931 3209 οὐ
1972 3176 2072 3220 με·

101 3241 461 3305 μνῆσεσθαί
513 3243 570 3296 σέ
608 3247 772 3311 φασιν
813 3258 910 3313 pro
940 3244 1266 3309 μεμνῆσθαι,
1312 3260 1416 3297 non
1458 3243 1601 3297 enim
1650 3259 1930 3295 memorem
1967 3261 2075 3297 csse

103 3328 300 3400 Cyrum
348 3329 611 3401 negabant
650 3329 738 3384 sed
784 3337 901 3402 post
953 3331 1235 3386 victoriam
1287 3334 1403 3403 sore
1463 3331 1848 3403 promissorum
1889 3331 2071 3385 imme-

103 3433 299 3469 morem
350 3415 684 3473 dictitabant.
763 3418 980 3489 Expellc
1035 3419 1173 3475 idem
1224 3435 1447 3491 prorsus
1498 3419 1690 3472 vitium
1744 3434 1805 3471 cx
1850 3417 1961 3470 VH.
2006 3436 2073 3473 vu.

109 3507 197 3556 58.
252 3504 454 3570 πατέρα
504 3527 571 3571 με
632 3508 870 3562 ἐκαλεῖτε
937 3507 1023 3562 καὶ
1083 3508 1164 3563 ἀεὶ
1225 3510 1287 3570 ὡς
1351 3507 1618 3575 εὐεργέτου
1685 3510 2071 3571 μεμνῆσθαι

107 3591 436 3658 ὑπισχνεῖσθε
463 3636 475 3657 ,
518 3595 623 3650 imo
661 3612 783 3650 vcro
833 3597 1220 3662 μεμνήσεσθαι,
1265 3614 1386 3651 nam
1428 3595 1548 3651 tatis
1582 3594 1751 3648 oratio
1791 3610 1906 3649 esse
1944 3594 2078 3651 solet
