2436 4068
1325 230 1427 278 146

395 390 482 428 ma
513 379 667 438 sunt,
709 371 798 427 sed
831 378 889 425 ut
924 378 1050 424 sunt
1083 371 1171 424 isti
1203 371 1531 438 ἀπειρόκαλοι
1566 377 1619 425 61
1657 388 1756 425 non
1788 374 2000 443 penitus
2035 375 2367 446 perspiciunt

401 461 780 516 vocabulorum
807 466 1085 522 naturam,
1127 459 1182 510 in
1205 475 1365 511 novos
1387 475 1595 513 errores
1624 476 1680 512 se
1702 459 1979 529 implicant
2009 461 2248 516 (licentes
2285 483 2372 516 πε-

399 552 620 618 ρίκειμαι
650 547 860 608 ἅλυσιν,
903 547 1193 614 περίκειμαι
1221 548 1557 612 ὑποδήματα,
1592 553 1651 600 ut
1679 547 2060 619 Lexicographi
2090 549 2371 605 docebunt.

397 637 510 691 Non
561 634 857 689 sentiebant
911 641 1172 705 quantum
1227 635 1508 688 interesset
1557 640 1741 688 utrum
1785 633 1990 689 diceres
2042 639 2372 704 περικείμενοι

398 728 704 788 τελαμῶνας
753 723 863 788 περὶ
918 730 1048 777 τοῖσι
1101 722 1292 790 αὐχέσι
1345 721 1614 796 (Herodot.
1660 722 1699 775 I.
1747 721 1873 795 171)
1931 740 1996 776 an
2054 727 2144 788 τὴν
2187 724 2372 780 ἅλυσιν

399 811 596 872 ταύτην
636 811 927 877 περίκειμαι
966 830 1030 863 z:
1069 810 1174 879 ἔχω
1217 810 1581 878 περικειμένην.
1665 810 2047 881 Aristophanes
2087 820 2139 867 et
2179 830 2372 884 aequa-

397 899 503 959 les,
561 899 651 968 qui
719 897 966 952 dicebant
1024 899 1203 953 κύαθον
1257 900 1592 966 προστίθεμαι
1643 898 1697 951 111
1755 898 1990 968 perfecto
2053 916 2157 953 non
2217 900 2374 954 aliter

400 1003 559 1056 quam
599 986 779 1040 κύαθον
815 987 1120 1053 πρόσκειμαι
1159 994 1404 1058 poterant
1439 986 1646 1050 dicere,
1686 992 1745 1039 ut
1781 986 2086 1053 πρόσκειμαι
2123 986 2289 1056 κυάθῳ
2313 1004 2376 1042 60

399 1074 510 1128 sere
550 1091 710 1128 sensu
744 1073 1041 1137 diceretur,
1081 1092 1185 1146 quo
1229 1074 1410 1128 Cicero
1453 1090 1581 1127 usus
1614 1080 1695 1127 est
1737 1092 1929 1145 »quum
1970 1074 2249 1129 Lentulum
2287 1094 2372 1146 96-

397 1181 580 1216 nerum
621 1181 794 1226 suum,
836 1163 1054 1234 exiquae
1091 1172 1318 1216 staturae
1355 1162 1641 1224 hominem,
1687 1161 1835 1233 101190
1875 1162 2050 1233 9ἰαάί0
2089 1164 2374 1217 accinctum

395 1251 634 1304 vidisset:
675 1251 823 1322 quiS,
875 1251 1071 1322 inquit,
1125 1267 1382 1320 generum
1433 1266 1613 1304 meum
1662 1249 1726 1303 ad
1778 1249 2014 1320 gladium
2057 1251 2372 1322 alligavit?''

398 1338 540 1410 apud
580 1338 806 1392 Macrob.
849 1338 1063 1392 Saturn.
1105 1338 1169 1392 ΙΙ.
1210 1343 1260 1392 5.

435 1427 554 1480 ,ΕΧ
594 1427 676 1480 1113
715 1434 901 1498 parata
947 1426 1211 1480 medicina
1263 1433 1343 1480 est
1394 1426 1624 1496 Eunapii
1676 1425 1789 1478 loco
1829 1442 1948 1496 pag.
1992 1429 2062 1480 56
2109 1427 2276 1494 βαρὺς
2317 1424 2373 1488 ἦν

400 1514 488 1577 ἤδη
530 1516 681 1578 ςολήν
721 1536 779 1568 τε
821 1514 1102 1581 οὶβροτέραν
1143 1516 1171 1578 ἢ
1213 1515 1355 1568 κατὰ
1395 1514 1680 1583 φιλόσοφον
1721 1515 2084 1581 περιχεάμενος
2124 1514 2210 1568 καὶ
2252 1516 2373 1581 πρὸς

398 1603 496 1662 τας
550 1601 800 1665 ἐντεύξεις
853 1603 914 1656 ὢν
966 1604 1350 1670 χαλεπώτερος.
1431 1601 1598 1668 Quid,
1653 1617 1873 1672 quaese,
1914 1609 1994 1656 est
2045 1604 2197 1664 ςολὴν
2238 1623 2373 1669 περι·

392 1690 638 1758 χεῖσθαιῗ
719 1691 1053 1760 Quamquam
1107 1693 1318 1762 ineptus
1359 1691 1586 1760 scriptor
1619 1690 1896 1760 Eunapius
1943 1697 2054 1765 est,
2105 1697 2156 1744 et
2200 1707 2368 1762 quum

396 1787 582 1833 ornate
624 1785 675 1832 et
715 1779 979 1849 exquisite
1028 1778 1142 1833 vult
1192 1778 1424 1832 scribere
1465 1777 1691 1832 ridicule
1726 1795 1782 1831 se
1820 1777 1947 1833 dare
1987 1779 2146 1841 solet,
2187 1786 2367 1833 tamen

391 1867 491 1921 hoc
530 1867 660 1921 vitio
699 1865 1049 1920 absolvendus
1094 1865 1308 1920 videtur
1348 1866 1831 1938 corrigendumque
1884 1869 2035 1930 ςολὴν
2085 1868 2370 1935 περικείμε-

393 1976 484 2016 νος,

469 2045 682 2106 Restat,
720 2050 778 2095 ut
821 2044 873 2096 in
910 2043 1079 2114 poetis
1103 2042 1411 2098 Comoediae
1447 2042 1709 2114 Antiquae
1742 2041 1882 2096 locos
1916 2042 2195 2097 nonnullos
2231 2043 2369 2098 male
2430 2041 2436 2058 ⁴

392 2131 600 2185 habitos
640 2131 872 2184 breviter
911 2132 1190 2201 attingam.

465 2220 523 2272 In
578 2219 778 2273 Cratini
827 2218 1014 2288 fragm.
1071 2219 1211 2290 apud
1264 2218 1502 2290 Apollon.
1559 2219 1718 2291 Dysc.
1776 2218 1888 2284 περὶ
1941 2219 2266 2283 οὶντωνυμίας
2316 2235 2365 2290 p.

394 2310 481 2360 25.
525 2307 581 2359 B.
629 2306 788 2359 Bekk.
832 2305 896 2361 de
935 2304 970 2360 ὦ
1010 2305 1150 2367 οὗτος
1192 2315 1467 2377 agentem,
1509 2314 1752 2374 Κρατῖνος
1792 2307 1842 2359 ἐν
1877 2307 2194 2373 Δραπέτισιν

769 2415 924 2455 ουτως
961 2396 1218 2456 καθεύδεις
1258 2398 1345 2450 οὐκ
1385 2397 1863 2462 αναςησεισβοτωνς

395 2480 736 2536 scribendum
774 2499 889 2537 esse
921 2501 1136 2538 censeo:

768 2568 939 2633 οὗτος,
980 2572 1275 2634 καθεύδεις;
1314 2574 1403 2626 οὐκ
1444 2573 1723 2636 αναςήσεις
1766 2573 1914 2637 βοῶν.

472 2658 772 2729 Stephanus
811 2660 1029 2731 Byzant.
1083 2677 1128 2712 ν.
1170 2662 1368 2727 Ἰβηρία
1407 2692 1482 2699 —-
1519 2661 1605 2713 καὶ
1652 2662 1807 2720 αὐτὸς
1853 2660 2056 2725 Ἴβηρος
2101 2659 2367 2724 τραγοπώ·
2432 2689 2436 2731 3

397 2767 501 2811 γιον
540 2748 588 2799 ἐν
622 2749 927 2808 Μαλθακοῖς
967 2748 1161 2814 εἴρηται
1204 2750 1464 2815 Κρατίνου.
1545 2749 1790 2802 Comicus
1824 2747 2020 2801 dixisse
2058 2746 2292 2801 videtur:
2428 2734 2436 2814 ξ

846 2837 1146 2903 αὐτοΐβηρος
1185 2837 1569 2904 τραγοπώγων,
2239 2853 2244 2860 ·
2427 2815 2436 2898 i

397 2928 453 2976 ut
497 2923 808 2990 aovoeope'aeq
845 2931 897 2976 et
935 2925 1150 2979 similia.
2422 2899 2436 2999 1

471 3010 529 3063 111
561 3012 778 3072 How-lum
810 3009 1110 3080 fragmento
1144 3013 1215 3066 VI
1248 3013 1388 3084 apud
1421 3013 1742 3066 Meinekium
1785 3012 1927 3066 solus
1962 3012 2206 3066 senarius
2247 3010 2367 3064 Cra·
2430 3003 2436 3014 ²

397 3098 499 3152 tini
535 3114 647 3151 esse
688 3098 927 3162 videtur,
969 3117 1126 3170 quem
1168 3101 1240 3154 ita
1279 3101 1779 3171 dixissesuspicor:

502 3176 508 3183 ’
774 3185 894 3254 ὕδωρ
935 3190 986 3242 δὲ
1024 3190 1174 3243 πίνων
1215 3190 1350 3244 οὐδὲν
1390 3190 1453 3244 ἂν
1493 3190 1654 3249 τέκοις
1695 3188 1882 3257 σοφόν,
2432 3259 2433 3262 ¹

395 3291 506 3328 non.
529 3273 692 3337 τέκοι,
735 3274 872 3344 quod
909 3276 981 3328 1111
1018 3277 1268 3341 debetur,
1308 3279 1400 3348 qui
1435 3270 1775 3331 decantatum
1813 3274 2138 3330 versiculum
2169 3274 2368 3328 Comici

394 3361 451 3415 in
492 3358 650 3414 31111111
691 3361 1023 3431 epigramma
1058 3366 1258 3435 recepit
1296 3372 1348 3420 et
1386 3365 1612 3420 subiecit
1658 3382 1753 3418 suo
1792 3363 2121 3418 hexametro:
2421 3351 2424 3378 ³

770 3446 893 3509 οἶνός
935 3470 1008 3503 τοι
1049 3455 1283 3519 χαρίεντι
1324 3454 1470 3507 πέλει
1511 3454 1685 3518 ταχὺς
1723 3450 1877 3512 ἵππος
1918 3451 2094 3517 οέοιδῷ,

393 3538 484 3607 qui
524 3555 694 3609 neque
727 3537 1036 3592 Comoediae
1076 3543 1352 3605 convenit,
1395 3559 1565 3612 neque
1611 3541 1826 3594 Cratino
1876 3538 2070 3608 dignus
2109 3544 2210 3594 est.
2289 3538 2364 3591 De

387 3634 556 3681 semet
595 3627 709 3699 ipso
745 3624 875 3682 haec
914 3625 1107 3683 dixisse
1148 3646 1392 3686 scurram
1434 3635 1563 3686 satis
1599 3634 1836 3690 constat,
1882 3625 1975 3681 sed
2017 3627 2063 3680 si
2103 3627 2225 3697 quis
2262 3642 2362 3697 pu-
