2436 4068
986 215 1091 265 215

36 364 135 419 tici
175 360 562 417 testimouium.
643 359 891 416 Editores
930 374 1036 413 non
1076 356 1340 423 audiunt,
1380 359 1477 431 qui
1527 363 1813 414 annotant:
1858 360 2023 415 »Pho-

36 452 150 507 tius
208 447 422 504 exbibet
474 446 701 503 sormam
754 447 990 502 Atticam
1037 447 1148 515 ἤδη.
1205 445 1296 500 sed
1354 445 1561 502 Codices
1608 464 1782 500 omnes
1830 449 2020 517 ᾔδειν.”

39 538 202 606 Quasi
245 552 369 590 vero
420 535 625 607 aliquid
678 537 732 589 in
771 534 967 589 talibus
1020 540 1160 588 esset
1200 534 1257 587 in
1295 533 1457 589 Godd.
1498 533 1781 606 praesidii,
1824 536 1918 606 qui
1956 552 2022 590 ne

39 625 255 680 sibimet
295 624 398 695 ipsi
446 623 664 694 quidem
705 627 953 677 constant
1003 620 1098 675 sed
1151 636 1307 692 saepe
1346 623 1514 692 ᾔδειν,
1554 621 1890 693 saepiuscule
1930 623 2021 691 ἤδη

37 721 253 771 servant
307 721 361 767 et
416 712 622 767 exarati
688 716 816 764 sunt
874 707 1063 762 multis
1130 708 1396 773 saeculiS‚
1451 714 1736 780 postquam
1812 716 2025 765 vetusta

38 801 251 857 Scholia
290 801 346 854 in
388 799 663 853 Platonem
714 797 916 867 scripta
955 801 1117 858 sunt,
1158 811 1295 866 quae
1330 795 1474 867 apud
1511 796 1762 852 Photium
1803 814 2022 853 servan-

35 896 144 946 tur.
224 889 508 943 Praeterea
546 901 676 940 casu
710 882 915 938 sactum
967 888 1080 947 est,
1120 889 1180 937 ut
1222 883 1394 954 ipsius
1433 883 1675 939 Panaetii
1715 886 2024 940 testimonio

36 982 243 1033 constet
282 976 410 1031 olim
454 976 510 1028 in
550 972 788 1027 Platonis
821 970 1106 1026 (lodicibus
1140 970 1236 1024 has
1273 968 1473 1024 formas
1513 971 1589 1025 ita
1628 973 1859 1044 scriptas
1894 973 2024 1028 suis-

34 1081 110 1120 se.
201 1062 509 1118 Heraclides
561 1059 703 1132 apud
750 1057 999 1114 Eustath.
1054 1057 1122 1113 ad
1177 1056 1364 1131 Odyss.
1416 1066 1477 1111 Φ.
1535 1074 1588 1128 p.
1629 1063 1775 1125 815,
1818 1065 1909 1116 54.
1950 1083 2025 1116 =

42 1154 221 1215 1946,
262 1154 351 1206 25.
410 1149 611 1225 (indice
652 1146 1039 1202 Valckenaerio
1090 1145 1157 1201 ad
1206 1145 1363 1202 Hom.
1404 1144 1558 1200 Iliad.
1615 1145 1816 1202 librum
1856 1149 2021 1204 XXII.

34 1257 93 1314 p.
129 1240 244 1312 56.)
306 1240 383 1293 ita
434 1237 654 1293 scribit:
710 1234 939 1290 Ἀττικοὶ
995 1236 1112 1296 τοὺς
1161 1233 1415 1295 τοιούτους
1463 1234 1920 1301 ὑπερσυντελικοὺς
1972 1238 2024 1290 ἐν

34 1331 109 1397 τῷ
156 1350 184 1390 η
233 1327 371 1395 μόνῳ
421 1330 727 1394 περατοῦσιν
781 1325 889 1393 ἤδη
938 1323 1183 1387 λέγοντες
1239 1322 1328 1375 καὶ
1379 1323 1694 1385 ε’νενοῆκη
1751 1323 1838 1377 καὶ
1889 1325 2023 1378 ἐπε-

34 1419 298 1480 ποιῆκη,
338 1417 425 1469 καὶ
466 1412 595 1469 οὕτω
634 1413 766 1481 Φησὶ
805 1412 1085 1472 Παναίτιος
1120 1409 1262 1477 ἔχειν
1302 1410 1402 1470 τας
1430 1409 1651 1478 γραφὰς
1688 1411 1836 1477 παρα
1875 1411 2026 1466 Πλα-

33 1525 171 1561 τωνι.
251 1503 459 1575 Spretis
513 1502 682 1572 igitur
739 1498 902 1555 Codd.
960 1498 1160 1570 ubique
1214 1496 1337 1551 illae
1395 1495 1600 1551 formae
1656 1498 2025 1555 restituendae

34 1598 164 1648 sunt
196 1600 304 1652 τοῖς
351 1593 444 1654 τὴν
484 1588 725 1643 παλαιὰν
762 1587 978 1642 Ἀτθίδα
1018 1586 1273 1654 ζηλοῦσιν.
1354 1584 1572 1639 Primus
1624 1586 1865 1640 omnium
1923 1586 2022 1642 hoc

35 1678 152 1736 fleri
192 1679 352 1734 iussit
402 1678 464 1733 R.
506 1677 787 1732 Dawesius
835 1676 891 1729 in
942 1673 1160 1729 Miscell.
1203 1673 1333 1727 Crit.
1374 1690 1425 1744 p.
1460 1675 1602 1735 232,
1645 1675 1802 1727 cuius
1842 1680 2022 1731 aucto-

34 1767 252 1823 ritatem
292 1769 487 1821 merito
526 1781 712 1819 omnes
760 1769 1081 1834 sequuntur.
1162 1760 1471 1815 Iunioribus
1511 1762 1774 1815 suaserim
1826 1768 1882 1817 ut
1922 1763 2020 1818 Da-

33 1856 289 1911 wesianis
338 1852 539 1908 addant
594 1852 835 1907 Piersoni
883 1850 1283 1905 annotationem
1337 1848 1405 1902 ad
1456 1847 1741 1903 Moeridem
1801 1867 1851 1921 p.
1897 1855 2020 1906 175.

33 1950 90 2000 et
130 1941 502 1997 Valckenaerii
541 1940 607 1995 ad
649 1937 997 2011 Hippolytum
1051 1955 1127 1992 vs.
1170 1940 1302 1993 405.
1355 1942 1410 1990 et.
1444 1953 1582 2007 quae
1619 1936 1858 2008 undique
1910 1939 2020 1993 col·

0 2030 164 2103 'legit
213 2029 441 2084 Kiddius
480 2027 547 2083 ad
595 2027 826 2082 Dawesii
876 2025 1071 2080 locum.
1154 2023 1493 2095 Quamquam
1546 2029 1726 2079 autem
1766 2025 1830 2079 de
1863 2043 1925 2081 ea
1966 2043 2023 2082 re

30 2118 239 2192 liquido
273 2124 485 2173 constat
526 2123 706 2170 tamen
751 2113 904 2185 video
949 2113 1197 2168 Editores
1236 2118 1290 2166 et
1329 2111 1556 2166 Criticos
1604 2128 1777 2183 neque
1820 2130 1882 2168 ea
1922 2116 2023 2169 sci·

34 2208 181 2264 entia
242 2206 351 2270 uti,
405 2205 616 2276 quoties
654 2219 789 2275 opus
835 2207 952 2264 est,
1009 2207 1062 2255 et
1116 2201 1172 2254 in
1224 2199 1355 2254 alios
1401 2198 1661 2271 quosdam
1711 2217 1920 2256 errores
1966 2219 2024 2257 se

35 2294 352 2367 implicare,
406 2309 636 2364 quorum
687 2292 733 2345 is
772 2290 1128 2362 gravissimus
1177 2294 1294 2352 est,
1355 2294 1416 2341 ut
1466 2289 1606 2342 serio
1657 2287 1879 2343 credant
1927 2307 2024 2362 pro

35 2385 128 2455 ἤδη
169 2382 276 2436 dici
317 2397 468 2454 posse
495 2386 548 2436 et
582 2381 700 2448 ᾔδην
741 2384 794 2433 et
829 2395 924 2450 pro
964 2378 1067 2446 ᾔδει
1113 2376 1266 2450 (ᾔδειν
1305 2380 1431 2430 ante
1468 2375 1725 2449 vocalem)
1769 2378 1858 2445 ἤδη
1898 2394 2028 2449 quo·

0 2461 140 2544 sque
192 2477 336 2525 recte
394 2469 519 2524 dici.
611 2467 970 2522 vitiosissima
1024 2464 1155 2519 haec
1209 2469 1336 2518 sunt
1386 2469 1439 2518 et
1499 2480 1721 2535 prorsus
1779 2464 2024 2522 barbara.

30 2556 208 2615 Habet
249 2561 277 2621 ἦ
318 2557 531 2612 παλαιοὶ
565 2555 741 2617 Ἀτθίς
798 2553 896 2608 has
952 2551 1152 2607 formas
1200 2551 1339 2606 solas
1385 2553 1511 2620 ἤδη,
1563 2549 1779 2620 ξυνῄδη,
1830 2552 2021 2622 ἐξῄδη,

0 2647 273 2731 ζήκατῄδη,
314 2653 368 2700 et
406 2646 659 2712 ἐκεχήνη,
701 2644 998 2703 ἀπωλώλη,
1042 2638 1263 2703 ἠκηκόη,
1298 2639 1581 2706 ἐγρηγόρη,
1623 2640 1906 2704 ἐπεπόνθη,
1951 2643 2025 2710 ἐρ-

0 2737 210 2807 necyn,
252 2736 468 2798 ἐλελήθη
493 2775 506 2796 ,
548 2734 791 2801 ὠφελήκη
834 2738 884 2785 et
931 2731 1009 2784 sic
1048 2727 1312 2800 quidquid
1365 2726 1508 2798 apud
1553 2727 1710 2798 paulo
1750 2730 2025 2800 sequiores

0 2824 145 2895 *goxit
181 2824 234 2877 in
270 2844 363 2877 ·ειν
404 2820 545 2894 apud
587 2828 793 2875 veteres
847 2819 902 2872 in
942 2838 994 2879 -η
1043 2815 1251 2879 exibat,
1293 2815 1563 2870 constanti
1603 2817 1847 2871 omnium
1888 2834 2022 2883 usu,

0 2910 129 2982 med
168 2927 258 2966 cas
300 2910 499 2964 formas
534 2908 720 2964 eadem
759 2905 1060 2962 constantia
1100 2902 1307 2958 scribae
1348 2912 1400 2957 et
1444 2902 1595 2957 scioli
1640 2902 1707 2958 ad
1751 2921 1904 2959 suam
1946 2905 2026 2960 lo-

0 3015 13 3053 ι·.
75 2998 233 3055 uendi
293 2996 739 3053 consuetudinem
795 2995 1103 3066 restingunt,
1160 2990 1509 3063 quamobrem
1558 2991 1692 3045 nihil
1742 2991 2027 3050 Codicibus

0 3107 35 3156 ι,
72 3086 184 3143 redi
227 3094 397 3159 potest
445 3093 539 3140 aut
580 3083 772 3145 (lebet,
835 3099 1004 3155 quum
1046 3083 1116 3135 sit
1163 3078 1450 3134 manifesta
1493 3078 1688 3150 ubique
1740 3080 2023 3153 interpola-

0 3174 132 3231 Mio.
212 3174 270 3229 ln
324 3175 540 3229 Platone
597 3173 875 3244 antiquam
927 3169 1153 3224 sormam
1211 3183 1615 3238 nonnumquam
1671 3169 2024 3223 vetustissimi

0 3257 160 3319 *litu-i
201 3269 414 3317 servant
458 3263 753 3325 intactam,
810 3266 866 3314 at
908 3258 1068 3312 iidem
1112 3255 1335 3312 eandem
1390 3255 1701 3326 saepissime
1741 3273 1864 3309 cum
1907 3273 2023 3311 cae·

0 3357 3 3400 Ι
39 3351 172 3406 teris
210 3350 460 3404 omnibus
499 3350 805 3404 obscurant.
888 3347 945 3401 ln
982 3345 1199 3399 Platone
1249 3342 1634 3398 Stallbaumius
1672 3342 1897 3396 subinde
1937 3361 2023 3413 ge·

0 3461 2 3478 ¹
41 3438 208 3494 nuina
251 3439 495 3509 reponit,
553 3444 612 3491 ut
652 3437 707 3490 in
765 3434 1047 3508 Symposio
1092 3437 1214 3487 198.
1256 3431 1312 3487 C.
1370 3430 1653 3493 ἐπεπόνθη,
1696 3437 1749 3484 et
1791 3430 1841 3482 in
1892 3431 2024 3502 Apo-

0 3524 3 3574 Ι
40 3521 180 3595 logia
222 3529 310 3580 22.
357 3526 412 3579 l).
469 3526 678 3592 ἐμαυτῷ
718 3524 824 3589 γὰρ
872 3520 1054 3589 ξυνῄδη
1096 3527 1149 3574 et
1196 3537 1317 3574 mox
1367 3521 1455 3588 ᾔδη
1499 3524 1552 3572 et
1592 3517 1710 3571 aliis
1752 3516 1912 3570 locis:
1968 3526 2024 3572 at

43 3610 184 3667 idem
230 3614 279 3666 iu
325 3612 603 3684 Symposio
644 3629 691 3683 p.
734 3615 855 3666 123.
900 3609 960 3663 E.
1018 3609 1263 3679 rcliqnit:
1305 3608 1347 3662 εἷ
1383 3608 1455 3673 μὴ
1494 3605 1719 3675 ξυνῄδειν
1761 3605 2022 3674 Σωκράτει
