2436 4068
1082 236 1149 284 57

0 345 3 452 l
116 388 171 435 ta
211 380 277 434 ab
316 381 430 451 ipso
473 377 758 432 Plutarcho
799 379 1001 450 scripta
1041 379 1150 432 sint
1192 379 1247 431 in
1287 378 1554 431 Amatorio
1587 395 1639 450 p.
1675 382 1800 433 768.
1835 377 1891 434 G.
1932 387 1985 435 et
2027 382 2103 437 iu·

114 467 335 523 venibus
404 466 668 521 suaserim
738 466 1036 537 elegantem
1096 465 1295 520 librum
1356 464 1963 538 pseudo-Plutarcheum
2024 470 2100 523 ita

111 571 421 626 comparare
462 571 587 608 cum
630 554 893 628 Polyaeno
928 554 984 607 in
1021 553 1110 606 lib.
1135 553 1284 618 VIII,
1325 560 1386 607 ut
1429 552 1559 624 quid
1596 555 1678 607 vir
1713 556 1827 608 viro
1865 563 2101 626 praestet

110 641 408 712 intelligere
448 649 502 696 et
540 642 741 697 sentire
779 641 1024 702 discant:
1064 640 1320 695 videbunt
1360 641 1507 695 enim
1562 641 1734 696 multa
1786 643 1929 714 apud
1971 646 2098 699 scri-

108 736 316 801 ptorem
373 729 733 800 antiquiorem
786 735 933 783 recte
983 733 1036 781 et
1079 736 1302 782 venuste
1354 728 1501 783 dicta
1540 746 1571 783 a
1625 729 1849 784 militari
1891 733 2006 786 viro
2047 740 2101 787 et

104 816 374 872 scribendi
426 817 677 887 imperito
734 815 1014 886 suhinepte
1067 822 1121 870 et
1163 833 1445 886 perperam
1494 817 1680 872 reficta
1731 835 1881 884 esse,
1941 826 2003 874 ut
2042 821 2099 875 iu

103 903 204 959 hac
241 905 355 976 ipsa
395 903 653 958 historia:
703 903 792 968 ἧκε
832 902 1032 971 Σινόριξ
1085 904 1172 957 καὶ
1217 904 1308 957 σὺν
1350 907 1491 972 αὐτῷ
1543 905 1739 966 πάντες
1779 903 1881 961 ὅσοι
1922 916 2099 963 Γοιλοι-

102 999 199 1046 τεὲν
254 995 543 1052 ἐντελεῖς
595 991 770 1058 ἄνδρες
812 992 898 1046 nx}
950 998 1236 1055 γυναῖκες,
1291 1008 1396 1044 non
1438 998 1548 1046 tam
1591 994 1754 1048 stulte
1797 994 2096 1069 Polyaenus

101 1080 319 1135 dederat
353 1080 444 1134 sed
484 1081 534 1134 ἐν
567 1079 739 1141 τέλει,
785 1095 1112 1150 quamquam
1145 1079 1506 1149 incogitanter
1546 1080 1752 1135 addidit
1785 1082 1871 1136 καὶ
1915 1092 2095 1148 γυναῖ-

98 1189 217 1231 κες,
257 1175 532 1239 praeterea
573 1184 764 1238 agmen
803 1166 900 1221 hoc
941 1173 1114 1220 totum
1139 1166 1510 1221 honoratorum
1543 1169 1784 1223 virorum
1807 1177 1860 1224 et
1897 1178 2093 1227 matro-

98 1272 289 1310 narum
342 1255 408 1310 de
462 1271 560 1309 suo
611 1254 851 1310 addidit:
905 1254 1041 1309 nihil
1084 1254 1277 1308 horum
1331 1254 1473 1325 apud
1514 1254 2093 1326 pseudo-Plutarchum

95 1343 311 1415 legitur.
392 1343 669 1397 Putaverit
709 1342 906 1415 aliquis
959 1344 1217 1410 πολύτιμε
1259 1342 1453 1396 vitium
1499 1343 1751 1417 Polyaeni
1803 1361 1955 1410 esse,
2005 1368 2091 1402 πο-

91 1431 350 1497 λυτίμητε
392 1438 538 1486 recte
577 1431 644 1485 ab
686 1431 776 1485 illo
835 1431 1140 1503 antiquiore
1189 1431 1455 1502 scriptum
1503 1430 1704 1496 fuisse,
1763 1432 1869 1486 nisi
1917 1435 2089 1490 multo

93 1520 294 1574 seriore
345 1518 563 1574 demum
617 1525 830 1585 aetate,
888 1536 1048 1591 quam
1105 1518 1396 1593 Polyaeni,
1456 1535 1520 1574 ea
1571 1518 1787 1575 dicendi
1845 1523 2088 1579 socordia

90 1607 240 1663 nasci
279 1607 516 1679 potuisse
554 1607 845 1663 videretur.
925 1605 1192 1680 Equidem
1232 1605 1513 1663 Menandri
1554 1607 1734 1663 locum
1775 1608 1854 1664 sie
1891 1613 2088 1667 consti·
2145 1621 2147 1623 ’

90 1694 354 1751 tuendum
387 1711 503 1750 esse
544 1695 799 1751 arbitror:

1142 1782 1341 1849 ἀγαθόν
1381 1783 1435 1838 τί
1471 1805 1557 1850 μοι

315 1873 527 1937 γένοιτο.
570 1883 626 1927 Β.
667 1873 723 1927 τί
760 1874 803 1928 δ’
845 1872 981 1935 §cm
1023 1880 1090 1925 A.
1132 1869 1167 1925 ὦ
1210 1871 1550 1937 πολυτίμητοι
1593 1873 1722 1927 &soll

89 1968 142 2015 et
185 1961 238 2014 in
278 1977 423 2031 seqq.
465 1961 644 2027 σαθρὸς
684 1961 790 2027 γὰρ
832 1957 887 2022 ἦν
923 1976 1019 2032 pro
1059 1959 1284 2027 σαπρός,
1326 1960 1560 2030 corrigia
1590 1960 1735 2015 enim
1776 1968 1871 2016 aut
1905 1960 2079 2017 lorum

88 2065 190 2102 non
220 2048 508 2119 putrescit,
546 2047 640 2103 sed
681 2065 783 2103 usu
822 2046 1084 2102 detritum
1124 2047 1513 2119 disrumpitur:
1556 2047 1621 2102 de
1661 2049 1855 2116 σαπρός
1894 2056 1948 2103 et
1987 2073 2079 2105 σοι·

83 2135 189 2202 θρές
231 2134 468 2189 confusis
506 2135 560 2188 in
612 2136 791 2206 priore
831 2142 983 2207 parte
1023 2136 1156 2189 satis
1203 2134 1457 2189 diximus
1539 2133 1723 2190 Obiter
1763 2137 1972 2210 corrige
2013 2140 2080 2193 ad

81 2221 228 2278 haec·
244 2222 607 2294 fragmentum
647 2222 1024 2294 Aristophanis
1060 2221 1202 2294 apud
1242 2221 1436 2277 Athen.
1473 2222 1585 2278 XV.
1629 2226 1756 2278 690.
1799 2223 1865 2280 Ι).

378 2308 414 2364 ὦ
456 2314 556 2364 Ζεῦ
598 2311 925 2376 πολυτίμηθ’,
965 2307 1058 2364 οἷον
1101 2308 1305 2364 ἔπνευσ’
1345 2311 1367 2364 0‘
1408 2310 1591 2378 μιοορός

377 2396 659 2467 Φοὲσκωλος
699 2399 845 2459 εὐθὺς
886 2397 1132 2463 λυόμενός
1172 2419 1257 2464 μοι
1299 2403 1387 2453 τοῦ
1429 2399 1607 2466 μύρου.

77 2484 167 2540 ubi
202 2501 308 2539 non
349 2484 589 2540 ἔπνευσεν
631 2486 726 2541 sed
768 2488 1023 2541 ἕνέπνευο·’
1064 2487 1087 2541 ὅ
1129 2486 1311 2555 μιαρός
1353 2494 1540 2559 poetae
1591 2504 1785 2542 manus
1840 2506 1956 2545 esse
2000 2491 2072 2543 vi·

74 2572 267 2636 detur,
305 2572 447 2645 quod
490 2574 734 2629 additum
776 2595 860 2641 μοι
901 2575 1035 2629 satis
1075 2574 1376 2630 confirmat.

150 2662 407 2734 Turpiter
454 2662 679 2718 violasse
728 2670 964 2719 metrum
1019 2663 1219 2718 iniuria
1258 2663 1474 2720 videtur
1530 2664 1821 2720 Menander
1874 2664 1928 2719 in
1987 2665 2069 2721 his

8 2808 11 2816 ,
72 2748 239 2824 (Stob.
277 2749 462 2805 Floril.
492 2750 599 2805 LII.
644 2751 721 2824 9.)

14 2839 17 2843 ’
370 2839 444 2903 μὴ
484 2844 633 2893 τοῦτο
676 2839 884 2909 βλέψῃς
921 2841 963 2894 εἰ
1006 2840 1235 2908 νεώτερος
1277 2839 1418 2904 λέγω

369 2928 497 2980 ἀλλ’
537 2929 582 2982 εἱ
621 2932 920 2997 φρονοῦντος
960 2929 1077 2988 τοὺς
1117 2926 1304 2993 λόγους
1344 2927 1518 2996 ἀνδρὸς
1558 2930 1664 2996 ἐρῶ.

4 3070 11 3099 9
68 3014 121 3069 in
163 3013 247 3069 his
285 3020 434 3070 τοῦτο
478 3022 587 3069 tam
628 3016 819 3070 vitiose
858 3012 1150 3071 secundam
1209 3015 1435 3088 corripit
1473 3022 1597 3078 ante
1636 3016 1846 3087 βλέψῃς
1891 3024 1950 3073 ut
1986 3017 2056 3073 la·

8 3103 10 3105 ’
64 3100 155 3157 bes
194 3102 265 3157 sit
306 3101 607 3158 manifesta.
689 3103 853 3158 Recte
885 3108 939 3158 ct
975 3102 1154 3158 Attice
1187 3102 1478 3159 Menander
1509 3104 1652 3176 apud
1690 3104 1831 3160 Stob.
1875 3105 2054 3163 Floril.

0 3200 2 3204 ’
62 3189 241 3245 cvm.
286 3195 374 3245 41.

0 3266 5 3270 ⁵
365 3280 437 3334 τὰ
478 3281 703 3348 δυσχερῆ
743 3279 850 3347 γὰρ
889 3280 977 3334 καὶ
1021 3281 1092 3333 τοὶ
1132 3277 1449 3343 λυπήσαντοὶ
1490 3301 1548 3334 σε

0 3433 6 3439 ,
152 3395 158 3400 ·
359 3367 477 3437 ὁρᾷς
519 3369 570 3422 ἐν
611 3370 751 3435 αὐτῷ
791 3369 864 3422 τὰ
903 3368 947 3422 δ’
987 3366 1149 3433 ἀγάθ’
1183 3367 1349 3423 οὐκέτι
1389 3367 1626 3434 βλέπεις.

0 3467 6 3518 ;
59 3459 114 3507 ot
154 3455 350 3510 iterum
392 3454 537 3510 Stob.
572 3455 754 3512 LXIII.
798 3461 886 3511 54.

360 3545 498 3608 ἥρων.
541 3546 697 3609 κρίσιν
739 3545 843 3610 γὰρ
886 3546 943 3598 τὸ
982 3545 1200 3609 βλέπειν
1244 3544 1354 3605 ἴσην
1391 3543 1519 3612 ἔχει.

0 3299 10 3357 ἰ
