2436 4068
1022 224 1123 273 451

160 371 219 424 In
269 373 384 441 ς’Ἷ.
442 385 535 439 pro
588 370 826 428 συνῆλθον
878 369 1067 438 optimi
1108 367 1230 421 libri
1270 369 1452 430 ἐνῆσαν
1511 365 1796 432 exhibent,
1849 370 1900 422 in
1958 385 2063 440 quo

89 466 310 527 συνῇσαν
354 455 520 510 latere
573 455 803 510 videtur.
884 455 1083 510 Tamen
1144 457 1419 519 συνῆλθον,
1475 471 1558 509 me
1609 454 1825 519 iudice,
1877 456 2068 510 melior

89 547 356 616 scriptura
396 551 495 598 est.
574 543 719 597 Cous.
762 550 791 617 ἓ
831 549 914 597 14.

161 633 220 687 ln
273 632 367 686 III.
424 648 474 685 v,
518 635 603 685 15.
657 634 700 685 οἱ
749 631 981 695 πολέμιοι
1035 633 1092 684 οὐ
1142 632 1487 697 προσήλαυνον
1539 634 1666 686 ἀλλ’
1725 631 1926 686 ἐθεῶντο
1977 630 2064 684 καὶ

88 720 303 787 ὅμοιοι
367 716 497 780 ἦσαν
556 718 939 786 θαυμάζειν
1000 715 1110 772 ὅποι
1176 718 1302 771 ποτὲ
1361 719 1636 786 τρέψονται
1696 720 1739 773 οἱ
1793 718 2069 781 Ἕλληνες.

89 807 288 881 Optimi
330 824 518 862 omnes
555 806 837 874 θαυμάζειν
889 813 1137 869 servant,
1177 807 1377 860 caeteri
1422 807 1790 875 θαυμάζοντες.
1869 806 2072 861 Neutra

89 897 359 968 scriptura
401 912 526 949 vera
565 911 682 949 esse
722 902 911 966 potest.
991 893 1165 948 Foede
1218 902 1471 965 corrupta
1530 902 1646 948 erat
1705 894 1980 949 Graecitas
2019 902 2074 950 et

88 985 420 1057 desipiebant
460 983 658 1038 Graece
698 981 995 1037 scribentes
1035 998 1200 1053 quum
1247 980 1386 1035 ἔοικα
1427 982 1696 1048 ἡδόμενος,
1738 982 1878 1036 ἔοικα
1918 984 2073 1038 ἐλεῶν

89 1081 144 1129 et
187 1075 308 1127 sim.
366 1078 659 1143 coeperunt
713 1069 910 1124 dicere.
988 1069 1064 1124 Ne
1121 1078 1238 1124 tum
1277 1068 1495 1140 quidem
1536 1068 1746 1124 dicebat
1787 1071 2073 1141 quisquam

86 1159 252 1228 ὅμοιός
290 1162 396 1226 εἰμι
441 1158 732 1226 θαυμάζων.
811 1158 1158 1212 Necessarius
1198 1165 1280 1213 est
1321 1158 1372 1211 in
1415 1156 1614 1211 talibus
1667 1158 1939 1229 participii
1980 1157 2075 1212 da-

92 1250 253 1305 tivnS.
330 1248 400 1303 Et
434 1246 575 1301 ἔοικα
627 1245 845 1318 quidem
884 1247 963 1300 sic
1011 1246 1246 1317 positum
1305 1244 1448 1317 apud
1504 1245 1910 1317 Xenophontem
1964 1262 2075 1301 sae·

94 1337 311 1411 pissime
367 1336 580 1406 legitur.
670 1334 902 1406 Elegans
955 1333 1257 1405 exemplum
1318 1339 1402 1388 est
1455 1333 1542 1388 IV.
1586 1351 1694 1388 vni.
1739 1337 1828 1389 20.
1887 1336 1931 1388 οἱ
1980 1336 2076 1400 μὲν

92 1425 266 1490 ὀλίγον
307 1424 594 1486 ἐδηδοκότες
633 1422 835 1492 σφόδρα
890 1423 1156 1488 μεθύουσιν
1199 1422 1422 1492 ἐῴκεσαν
1444 1465 1460 1486 ,
1516 1424 1559 1476 οἱ
1609 1423 1661 1476 δὲ
1714 1423 1846 1477 πολὺ
1901 1443 2077 1489 μαινο-

90 1513 288 1580 μένοις,
344 1514 387 1567 οἱ
426 1514 480 1567 δὲ
522 1512 609 1566 καὶ
646 1513 1064 1576 ἀποθνήσκουσιν.
1145 1510 1298 1578 Quod
1339 1511 1609 1565 Porsonus
1648 1511 1860 1566 iuvenis
1900 1511 2082 1577 admo-v

92 1600 220 1656 dum
274 1601 505 1655 coniecit
545 1597 632 1655 οἷοι
684 1598 815 1664 ἦσαν
867 1599 1185 1668 θαυμάζειν,
1226 1606 1308 1654 est
1362 1597 1492 1653 illud
1525 1598 1742 1670 quidem
1782 1599 2079 1665 Graecum,

93 1687 186 1744 sed
243 1705 348 1743 non
406 1688 678 1759 significat
734 1687 790 1742 id
849 1686 990 1760 quod
1044 1688 1123 1742 rei
1179 1695 1374 1741 natura
1424 1687 1675 1759 postulat.
1765 1687 1880 1742 Non
1928 1688 2079 1744 video

92 1776 222 1849 quid
262 1775 407 1831 aliud
450 1778 529 1832 rei
570 1776 851 1831 conveniat
905 1792 1066 1847 quam
1121 1772 1276 1842 ὅμοιοι
1318 1773 1448 1838 ἦσαν
1504 1774 1867 1843 θαυμάζουσιν.
1960 1776 2080 1831 Plu-

28 1871 30 1874 ’
95 1864 317 1920 tarcbus
375 1865 429 1918 in
486 1865 782 1919 Artoxerxe
833 1880 948 1936 cap.
988 1863 1126 1918 VIII.
1184 1863 1249 1918 de
1301 1863 1581 1919 Clearcho:
1641 1861 1807 1931 ὅμοιος
1868 1862 1924 1926 ἦν
1985 1866 2081 1922 ὑπὸ

90 1954 230 2014 δέους
272 1959 371 2008 τῶν
410 1953 669 2020 παρόντων
721 1952 1075 2019 ἐκβεβληκότι
1125 1954 1243 2012 τοὺς
1282 1952 1395 2021 περὶ
1450 1959 1548 2008 τῶν
1591 1950 1718 2007 ὅλων
1757 1955 2044 2020 λογισμούς
2066 1995 2082 2019 ,

0 2112 17 2125 γ’
92 2049 147 2097 et
185 2058 343 2114 saepe
383 2042 459 2096 ita
496 2040 829 2113 loquuntur,
883 2047 945 2096 ut
994 2039 1183 2095 Latine
1218 2040 1412 2095 ridenti
1449 2041 1677 2105 similis,
1717 2042 1909 2095 similis
1947 2060 2084 2097 moe·

92 2130 266 2195 renti,
319 2129 422 2184 alia
445 2172 459 2194 ‚
518 2146 616 2201 pro
666 2129 884 2184 ridentis
937 2130 1160 2201 speciem
1208 2129 1467 2199 praebens
1521 2128 1629 2184 dici
1688 2129 1838 2184 solet.
1931 2130 2084 2198 Quod

93 2217 419 2272 Plutarchus
461 2218 515 2271 in
566 2219 748 2272 Artox.
787 2216 976 2271 XXIII.
1033 2215 1261 2281 scribit,
1316 2217 1494 2285 κύψας
1532 2217 1830 2286 παρέσχε
1886 2218 2081 2284 δόξαν

94 2310 515 2374 προσκυνοῦντος,
550 2323 583 2360 a
604 2304 861 2360 Veterum
887 2321 989 2359 usu
1010 2303 1295 2371 abhorret,
1331 2312 1385 2360 et
1418 2305 1671 2360 Latinum
1708 2307 1882 2378 magis
1918 2324 2081 2379 quam

97 2393 359 2451 Graecum
400 2402 511 2459 est,
551 2411 648 2467 pro
698 2390 863 2460 ὅμοιος
902 2390 959 2456 ἦν
995 2398 1351 2461 προσκυνοῦντι
1387 2393 1469 2448 vel
1522 2397 1879 2463 προσκυνοῦντι
1921 2394 2082 2464 ἐῴκει.

98 2481 247 2551 Quod
301 2499 464 2555 supra
520 2481 856 2537 ostendimus
909 2498 1003 2554 pro
1043 2481 1183 2551 ἐῴκει
1237 2482 1444 2537 Atticos
1499 2483 1832 2554 antiquiores
1882 2483 1992 2553 ἥκει
2029 2492 2084 2539 et

48 2612 50 2617 ·
99 2570 236 2640 ᾔκειν
272 2579 398 2625 ante
435 2570 671 2626 vocalem
722 2569 947 2635 dixisse,
988 2576 1039 2625 et
1076 2570 1132 2624 in
1175 2569 1378 2624 Avibus
1426 2574 1588 2626 1298.
1629 2572 1717 2626 καὶ
1754 2572 1860 2640 γὰρ
1901 2573 2085 2642 ᾔκειν

46 2702 50 2710 .
96 2657 270 2727 ὄρτυγι
330 2660 488 2715 unice
539 2674 726 2713 verum
768 2674 886 2714 esse
921 2675 1018 2730 pro
1074 2656 1228 2723 ἧκεν,
1282 2657 1423 2729 quod
1478 2660 1796 2724 Ravennam,
1837 2666 1891 2715 et
1930 2659 2081 2725 ἧκεν,

98 2745 239 2819 quod
295 2746 530 2802 Venetus
581 2746 717 2801 liber
765 2745 1012 2811 exhibet,
1070 2745 1424 2801 confirmatur
1475 2747 1834 2804 disertissimo
1873 2750 2085 2821 antiqui

15 2825 28 2841 ⁰
101 2831 283 2890 critici
324 2836 665 2899 testimonio,
706 2835 863 2890 cuius
897 2835 1144 2890 notitiam
1187 2834 1376 2890 Photio
1413 2834 1706 2901 debemuS,
1749 2835 1890 2910 apud
1923 2855 2083 2910 quein

102 2921 232 2980 baec
269 2924 555 2996 leguntur:

705 3013 965 3068 Ἠΐκεινε
1006 3011 1171 3078 ὅμοιος
1213 3011 1287 3077 ἦν.

104 3099 245 3156 inter
270 3103 403 3156 “ni‘oe
437 3107 491 3155 ct
513 3098 743 3166 ’Ἧισμεν
778 3101 1188 3172 interpositum,
1229 3099 1421 3156 deinde
1457 3108 1574 3173 post
1607 3102 1788 3157 Ἠϊόνα
1824 3109 1878 3158 et
1910 3102 2086 3159 Ἥκειν

107 3203 239 3243 nova
278 3188 452 3261 glossa
495 3188 623 3244 baec
661 3187 1042 3260 subiungitur:

321 3279 571 3331 Ἤκεινε
611 3279 670 3331 τὸ
709 3277 938 3345 ἐῴκειν
979 3276 1063 3332 ἐπὶ
1106 3278 1274 3345 τρίτου
1314 3278 1594 3345 προσώπου.
1637 3278 1792 3342 οὕτως

559 3364 919 3434 Ἄρις-πρανὴς.

112 3450 453 3508 manifestum
490 3461 572 3508 est
620 3453 901 3526 utrobique
941 3456 1078 3525 ᾔκειν
1119 3472 1181 3510 cx
1223 3453 1321 3509 boc
1383 3456 1497 3527 ipso
1550 3456 1749 3510 Comici
1793 3455 1905 3509 loco
1945 3472 2087 3511 sum-

111 3545 223 3593 tum
264 3541 551 3609 genuinam
593 3542 916 3615 seripturam
960 3562 1092 3601 csse.
1176 3542 1325 3611 Quod
1373 3545 1423 3599 in
1468 3544 1650 3600 cadoni
1710 3544 1903 3598 vicinia
1946 3544 2086 3616 apud
