2436 4068
1326 204 1431 253 720

394 350 745 406 ostendimus,
828 346 1069 401 Solebant
1128 346 1249 398 olim
1294 349 1344 398 in
1393 346 1517 400 [lore
1555 364 1616 400 ac
1656 346 1844 401 robore
1897 352 2087 404 aetatis
2126 360 2361 407 maturas

393 441 628 510 virgines
668 444 719 491 et
753 434 1023 488 laboribus
1063 432 1343 486 induratas
1376 435 1429 486 in
1471 435 1875 489 matrimonium
1921 455 2138 508 rapere,
2179 447 2231 493 et
2273 459 2361 511 pu-

393 528 580 581 denter
622 525 874 577 furtivam
918 522 1178 575 Venerem
1223 523 1383 575 etiam
1429 539 1550 574 cum
1599 539 1758 575 uxore
1799 541 2082 587 exercere,
2136 535 2187 580 et
2229 545 2363 598 quae

392 616 494 669 alia
536 609 901 666 huiuscemodi
946 626 1007 661 ex
1046 616 1246 662 remota
1289 611 1609 680 antiquitate
1649 609 1895 665 lubenter
1917 612 2164 683 Spartani
2189 614 2366 686 hospi-

391 703 535 755 tibus
576 700 688 752 suis
731 696 1038 750 narrabant.
1121 697 1220 751 Sed
1265 697 1392 750 baec
1434 700 1558 750 olim
1603 697 1782 753 fuere:
1842 701 1959 752 vivo
2014 702 2363 772 Xenophonte

388 793 443 844 αἱ
485 789 740 853 ἐπίκληροι
766 826 779 848 ,
822 801 986 855 quum
1024 784 1474 854 locupletissimae
1511 794 1717 849 essent,
1760 805 1915 858 saepe
1950 790 2109 842 etiam
2147 790 2362 844 senibus

389 879 442 930 in
487 873 888 929 matrimonium
946 871 1243 933 dabantur,
1296 878 1418 925 eta
1473 873 1602 926 viris
1653 873 1940 944 diligenter
1978 877 2363 942 servabantur,

391 963 481 1017 sed
521 962 758 1024 frustra,
801 960 865 1013 ob
909 961 1173 1029 insignem
1220 959 1597 1031 plerarumque
1639 963 1934 1033 nequitiam
1981 970 2033 1017 et
2083 964 2365 1035 impudici·

386 1055 538 1106 tiam.
619 1048 756 1115 Quid
799 1047 1131 1118 Xenophon?
1194 1048 1477 1102 Veteribus
1520 1067 1652 1102 nova
1694 1051 1953 1104 admiscet
1989 1057 2042 1104 et
2077 1068 2138 1105 ea
2181 1060 2365 1106 narrat
2402 1079 2403 1083 ¹

388 1141 441 1192 in
486 1136 682 1209 quibus
722 1134 938 1189 difficile
975 1143 1054 1189 est
1094 1138 1262 1189 risum
1308 1143 1506 1190 tenere.
1588 1137 1764 1191 Durae
1818 1138 1960 1208 leges
2001 1146 2128 1192 sunt
2185 1139 2367 1194 adver·
2401 1122 2414 1191 ᾗΞ

387 1244 478 1280 sus
515 1223 743 1278 caelibes
784 1223 953 1288 latae,
994 1231 1047 1276 et
1089 1241 1285 1294 poenae
1319 1241 1507 1294 graves
1547 1233 1674 1278 sunt
1711 1232 1763 1278 et
1799 1226 2155 1281 contumeliae
2196 1230 2366 1283 etiam⁴
2408 1242 2414 1258 ‘

387 1314 677 1386 graviores,
758 1311 899 1365 Haec
941 1312 1157 1382 antiqua
1199 1320 1342 1365 sunt.
1427 1311 1572 1364 »Non
1605 1313 1776 1382 placet
1819 1331 2035 1368 uxorem
2075 1316 2298 1370 ducere.-
2337 1335 2370 1372 α
2421 1311 2426 1364 ‘j

387 1421 445 1456 re
483 1401 671 1455 uxoria
709 1399 950 1452 abhorret
985 1401 1191 1452 animus
1215 1420 1232 1454 .·
1274 1417 1464 1471 quaere
1503 1401 1598 1453 tibi
1652 1401 1839 1454 liberos
1875 1420 1939 1455 ex
1982 1402 2152 1458 aliena
2205 1423 2369 1459 umore
2407 1420 2410 1427 ’

388 1494 617 1563 formosa
661 1495 709 1540 et
764 1487 1022 1559 foecunda
1061 1489 1212 1542 πιθὼν
1252 1489 1337 1542 τὸν
1381 1487 1631 1556 ἔχοντ-αἶ’
1710 1489 1824 1543 Non
1879 1497 2006 1544 sunt
2059 1491 2189 1546 haec
2231 1494 2366 1546 anti·
2413 1491 2425 1509 Γ

390 1595 496 1650 qua
538 1594 634 1631 nec
681 1573 999 1648 Lycurgea:
1046 1593 1145 1629 non
1190 1583 1269 1629 est
1317 1576 1554 1630 eiusdem
1613 1576 1701 1630 illa
1749 1577 1933 1632 iubere
1973 1586 2024 1633 et
2069 1580 2198 1635 haec
2248 1599 2368 1635 con·
2404 1584 2418 1624 εἴ

389 1666 593 1720 cedere.
675 1665 898 1734 Impune
941 1664 1110 1733 igitur
1149 1664 1292 1733 leges
1343 1666 1505 1717 nimis
1546 1664 1710 1719 durae
1753 1667 1975 1720 mutatis
2015 1669 2253 1722 moribus
2301 1668 2367 1722 ab

389 1754 638 1808 omnibus
680 1751 1105 1821 negligebantur.
1190 1752 1414 1806 Uxorem
1472 1751 1669 1806 ducere
1722 1753 1966 1808 noluerat
2020 1757 2366 1829 Dercylidas:

391 1841 769 1913 exprobratum
811 1841 856 1893 ei
893 1846 973 1893 est
1017 1840 1176 1912 (Plnt.
1204 1841 1349 1915 Lyc.
1393 1839 1510 1913 15):
1556 1840 1687 1894 solet
1730 1842 1803 1894 ita
1842 1842 1992 1907 fieri,
2046 1845 2366 1915 Epaminono
2395 1863 2413 1884 ⁴·-

392 1931 488 1984 dae
527 1929 901 1999 exprobratum
957 1927 1095 1980 idem
1148 1934 1228 1981 est
1285 1927 1574 1998 multisque
1614 1928 1765 1994 aliis,
1826 1930 1916 1983 sed
1963 1931 2095 1985 nihil
2132 1932 2196 1985 ob
2249 1950 2365 1988 eam
2403 1929 2422 1971 ‘2²

391 2036 504 2074 rem
550 2017 729 2070 damni
790 2017 929 2086 cepit
985 2023 1076 2069 aut
1123 2015 1397 2069 dedecoris
1458 2016 1805 2090 Dercylidas‚
1869 2036 2025 2090 quem
2076 2021 2365 2092 Xenophon
2416 2020 2420 2071 ‚³

394 2106 554 2179 probe
592 2105 773 2168 novit,
817 2110 874 2157 ut
914 2104 1116 2174 opinor.
1201 2104 1506 2157 Priscarum
1547 2104 1722 2174 legum
1757 2104 2010 2161 duritiem
2047 2107 2186 2163 serre
2226 2111 2367 2163 cives
2413 2106 2421 2175 Γ

394 2212 497 2249 non
540 2198 812 2264 poterant:
876 2193 1056 2262 itaque
1108 2192 1180 2256 μη
1238 2192 1504 2257 δυνάμενοι
1560 2201 1819 2260 καρτερεῖν
1867 2195 2032 2263 λάθρα
2081 2197 2166 2250 τὸν
2223 2197 2370 2262 νόμον
2410 2195 2423 2278 Ξ

393 2280 850 2347 ἀποδιδράσκοντες
906 2281 1168 2333 άπέλαυον
1222 2286 1318 2332 τῶν
1366 2288 1670 2344 σωματικῶν
1716 2284 1927 2346 ἡδονῶν,
1982 2291 2115 2338 teste
2167 2286 2370 2339 Aristo·
2421 2278 2423 2295 ³

392 2370 496 2425 tele
539 2368 688 2423 Polit.
728 2368 792 2421 Il.
837 2373 886 2420 6.
939 2373 991 2420 et
1030 2374 1218 2419 natura
1258 2366 1532 2421 bominum
1571 2376 1622 2422 et
1664 2386 1766 2422 usu
1803 2371 2174 2427 confirmante.
2255 2373 2367 2427 lam
2406 2283 2425 2432 l

397 2458 632 2512 vidimus
671 2454 746 2510 ἔτι
788 2457 885 2509 τῶν
926 2461 1178 2520 γυναικῶν
1217 2454 1272 2518 ἧν
1308 2463 1400 2516 τῆς
1437 2456 1609 2518 πάσης
1650 2457 1823 2524 χώρας
1868 2465 1964 2512 τῶν
2006 2460 2159 2515 πέντε
2207 2467 2368 2528 μερῶν
2407 2434 2436 2519 l

395 2548 465 2601 τα
506 2545 606 2600 δύο.
688 2543 997 2597 Aristoteles
1039 2542 1219 2596 eodem
1266 2543 1377 2596 loco
1431 2544 1537 2597 Pol.
1568 2544 1639 2597 ΙΙ.
1685 2548 1734 2598 6.
1790 2545 1920 2600 haec
1961 2547 2143 2602 addit:
2198 2553 2282 2602 νῦν
2316 2549 2367 2602 δὲ

398 2634 531 2698 ἔξεςι
573 2632 745 2686 δοῦναί
796 2653 853 2685 τε
902 2632 994 2692 την
1057 2632 1323 2697 ἐπίκληρον
1372 2628 1466 2699 ὅτῳ
1519 2630 1583 2686 ἂν
1639 2634 1935 2698 βούληται’
1995 2636 2092 2689 κᾶν
2145 2635 2372 2705 άποθάνη

396 2725 469 2788 μὴ
510 2721 797 2785 διαθέμενος
837 2718 887 2773 ἓν
921 2719 984 2773 ἂν
1026 2721 1297 2788 καταλίπῃ
1336 2722 1635 2788 κληρονόμον
1675 2720 1817 2782 οὗτος
1855 2719 1889 2790 ᾧ
1931 2722 1993 2776 ἂν
2027 2724 2144 2792 θέλη
2185 2726 2370 2779 δίδωσι.
2402 2724 2415 2809 2}

399 2812 453 2866 Si
497 2825 602 2880 qua
641 2814 780 2862 esset
821 2808 1183 2861 controversia
1239 2809 1408 2877 Reges
1459 2810 1580 2880 ipsi·
1615 2810 1964 2875 iudicabant,
2020 2818 2158 2865 teste
2209 2812 2371 2866 Hero-
2398 2821 2417 2875 3

399 2899 522 2953 doto
562 2897 648 2950 VI.
694 2900 762 2949 57
788 2937 800 2957 ‚
842 2912 871 2948 a
913 2911 1015 2964 quo
1059 2894 1229 2964 Reges
1266 2895 1523 2977 dicuntur
1559 2897 1779 2966 δικάζειν
1820 2901 2204 2967 πατρούχου
2244 2921 2368 2968 παρ·
2397 2886 2419 2982 ’Ξ

401 2987 533 3041 θένου
580 2985 728 3051 πέρι,
773 2984 822 3043 ἐς
876 2984 961 3036 τὸν
1005 2983 1226 3037 ἱκνέεται
1275 2984 1449 3050 ἔχειν,
1491 2987 1547 3048 ἢν
1588 2988 1758 3052 μηπερ
1802 2988 1823 3039 ὂ
1868 2989 2038 3054 πατὴρ
2075 2991 2237 3050 αὐτὴν
2283 2982 2436 3053 ἐγ--ί“

396 3076 600 3142 >ruho-ss,
650 3071 748 3141 rubi
788 3086 873 3123 me
925 3070 1159 3123 nondum
1201 3073 1433 3141 poenitet
1476 3090 1570 3142 pro
1611 3075 1945 3140 πατρούχου,
2002 3075 2140 3144 quod
2181 3075 2368 3129 absur-
2391 3040 2421 3104 3

395 3163 523 3216 dum
567 3167 684 3223 est,
724 3158 1026 3229 reposuisse
1067 3160 1382 3226 παμούχου,
1425 3159 1476 3212 id
1522 3169 1601 3214 est
1642 3164 1928 3227 ἐπικλήρου.
2009 3162 2214 3228 Quibus
2254 3097 2413 3229 mm}

398 3250 548 3303 ribus
598 3255 849 3318 putemus
902 3244 1066 3298 fnisse
1128 3247 1257 3298 istas
1311 3246 1519 3301 dotatas
1573 3255 1624 3301 et
1683 3249 2002 3319 impotentes
2058 3239 2410 3318 Lacaenasffl

393 3336 694 3408 Respondet
737 3332 1082 3388 Aristoteles:
1126 3331 1269 3398 ζῶσιν
1311 3335 1580 3395 άκολάςως
1636 3336 1754 3402 πρὸς
1800 3334 2019 3391 ἅπασαν
2074 3339 2362 3393 άκολασίαν
2394 3331 2405 3402 f·

392 3427 476 3480 καὶ
519 3428 809 3492 τρυφερῶς,
863 3427 915 3476 et
957 3427 1074 3491 post
1117 3437 1318 3490 pauca:
1379 3422 1464 3476 καὶ
1509 3423 1628 3489 πρὸς
1677 3423 1762 3477 τὸν
1815 3424 2040 3490 πόλεμον
2090 3426 2359 3493 βλαβερώ-

389 3533 549 3566 ταται
603 3514 658 3566 αἱ
698 3517 794 3565 τῶν
840 3510 1092 3564 Λακώνων
1141 3515 1383 3573 γυναῖκες
1427 3508 1570 3572 ἦσαν.
1614 3511 1874 3573 ἐδήλωσαν
1911 3514 1962 3567 δὲ
2003 3512 2086 3566 ἐπὶ
2128 3520 2220 3575 τῆς
2265 3517 2359 3567 τῶν

389 3600 632 3665 Θηβαίων
672 3599 920 3664 ἐμβολῆς.
964 3598 1206 3664 χρήσιμοι
1266 3597 1360 3662 μὲν
1396 3597 1500 3664 γάρ
1543 3599 1677 3652 οὐδὲν
1714 3598 1880 3664 ἦσαν,
1933 3599 2098 3666 ῶσπερ
2152 3602 2203 3654 ἐν
2243 3606 2359 3660 ταῖς
