2436 4068
1003 188 1109 239 455

67 340 242 388 πεσεῖν
289 334 360 392 εἷς
402 333 493 392 τὴν
535 332 776 400 πατρῴαν
816 332 978 387 οἰκίαν
1017 333 1101 387 καὶ
1140 333 1195 387 ἐκ
1234 332 1416 387 τούτου
1451 332 1757 396 λάμπεσθαι
1800 336 2016 387 πᾶσαν
2039 378 2050 394 .

0 429 214 484 fcerta
249 418 622 474 emendatione
673 436 872 492 repone
924 423 1095 474 πᾶσα.
1175 419 1251 474 Ne
1291 419 1414 481 ulla⁴
1449 419 1715 474 dubitatio
1771 437 2051 492 superesse

66 509 236 581 possit
266 523 519 578 compara
558 507 647 560 lv.
690 524 764 561 111.
808 510 860 562 8.
909 506 1074 570 ἔδοξεν
1118 509 1171 563 ἐν
1203 508 1385 569 πέδαις
1424 507 1687 571 δεδέσθαι,
1740 505 1950 564 αὗται
2000 510 2051 564 δὲ

65 598 206 664 αὐτῷ
240 595 645 660 αὐτόμαται
699 603 1051 662 περιρρυῆναι,
1092 603 1144 651 et
1186 595 1487 668 Thucydid.
1524 595 1590 649 II.
1637 600 1725 651 11.
1766 596 1815 651 εἴ
1849 618 1920 665 τῳ
1960 599 2048 653 καὶ

62 686 308 749 δοκοῦμεν
346 684 532 746 πλήθει
568 682 763 737 ἐπιέναι
801 681 892 737 καὶ
933 682 1295 751 ἀσφάλεια
1336 685 1556 746 πολλὴ
1599 680 1759 749 εἶναι,
1802 684 1893 740 uhi
1930 685 2054 741 libri

62 772 269 843 aliquot
307 778 362 826 et
402 770 732 834 VossianuS,
772 770 865 841 qui
907 769 1042 825 mihi
1078 769 1208 826 haec
1246 771 1506 833 scribenti
1546 778 1672 827 ante
1720 772 1903 828 oculos
1943 779 2054 836 est,

60 859 319 916 exhibent
354 859 637 927 ἀσφαλείᾳ
657 866 829 926 πολλῇ
873 858 1046 931 (Voss,
1070 857 1135 914 de
1172 875 1319 915 more
1351 861 1633 928 οξσφαλεία
1666 863 1895 937 πολλῆ),
1937 883 2053 937 per-

64 962 287 1020 peram,
329 954 389 1002 ut
420 954 659 1019 apparet.
739 945 941 1002 Eadem
981 963 1142 1017 opera
1184 946 1454 1018 intelliges
1498 949 1551 1003 in
1596 954 1624 1021 §
1662 955 1747 1005 12.
1790 954 1895 1008 ἀπὸ
1930 956 2054 1015 Διὸς

66 1036 161 1101 μὲν
196 1035 461 1100 βασιλέως
505 1035 564 1089 τὸ
603 1033 719 1102 ὄναρ
760 1034 918 1091 ἐδόκει
957 1037 1098 1102 αὐτῷ
1139 1031 1305 1100 εἶναι,
1354 1035 1526 1104 κύκλῳ
1564 1039 1616 1092 δὲ
1664 1039 1869 1112 [ἐδόκει]
1914 1042 2056 1108 λαμ.-

59 1125 251 1179 πεσθαι
290 1125 350 1177 τὸ
389 1126 524 1189 πῦρ,
562 1123 715 1178 scioli
755 1130 808 1179 te
844 1123 1275 1181 additamentum
1318 1115 1519 1179 tenere.

58 1246 75 1255 -
140 1210 310 1267 Video
347 1227 493 1265 nunc
542 1212 603 1266 L.
642 1210 1011 1275 Dindorfium,
1067 1212 1224 1268 cqus
1265 1211 1518 1267 editionis
1565 1214 1833 1271 secundae
1884 1232 2057 1288 nuper

59 1299 205 1355 mihi
236 1299 388 1371 copia
409 1297 550 1354 facta
573 1307 686 1363 est,
727 1299 782 1355 in
818 1298 1042 1355 eandem
1083 1299 1446 1371 suspicionem
1489 1301 1780 1367 incidisse,
1814 1310 1868 1357 et
1904 1308 2060 1358 πᾶσα

68 1388 334 1460 recepisse
389 1388 443 1443 in
504 1395 733 1445 textum.
811 1388 976 1444 Miror
1029 1395 1210 1444 tamen
1270 1387 1411 1458 quod
1472 1389 1790 1461 adscribit:>
1831 1391 2056 1455 »Quam-

60 1494 226 1548 quam
274 1494 340 1531 ne
384 1479 566 1532 πᾶσαν
609 1477 817 1549 quidem
855 1475 1114 1547 salsum.''
1156 1492 1327 1547 quum
1377 1475 1534 1532 facile
1582 1488 1867 1550 appareat,
1896 1479 2059 1540 soloe-

57 1564 303 1620 cismum
342 1581 475 1632 esse.
2092 1570 2095 1571 ⁷

146 1652 204 1706 ln
245 1651 337 1706 111.
379 1670 414 1706 1.
461 1657 547 1707 13.
605 1652 762 1724 plaue
800 1654 1068 1709 assentior
1109 1651 1439 1708 Schneidero
1479 1655 1835 1723 ὑβριζομένους
1876 1656 2060 1728 expel-

68 1740 239 1803 lenti,
297 1741 455 1796 cuius
507 1742 744 1797 rationes
786 1740 926 1796 vide.
1005 1741 1066 1797 In
1121 1745 1151 1813 §
1193 1743 1282 1795 20.
1337 1737 1453 1796 ὅτου
1504 1743 1547 1796 δ’
1589 1744 1882 1811 ὠνησόμεθα
1928 1746 2060 1814 ᾔδειν

67 1829 145 1884 ἔτι
197 1829 406 1894 ὀλίγους
456 1828 719 1897 ἔχοντας,
776 1828 952 1890 ἄλλως
1007 1829 1062 1886 δέ
1114 1850 1220 1889 πως
1274 1828 1564 1896 πορίζεσθαι
1625 1833 1940 1896 τάπιτήδεια
2007 1830 2059 1906 [ἢ

69 1917 399 1988 ὠνουμένους]
445 1914 613 1985 ὅρκους
667 1918 757 1981 ἤδη
800 1917 1130 1984 κατέχοντας
1183 1920 1343 1982 ἡμᾶς.
1424 1918 1483 1974 In
1538 1920 1740 1991 optimo
1792 1920 1917 1975 Cod.
1962 1921 2061 1976 Va-

68 2005 248 2060 ticano
302 2005 366 2060 Η.
422 2008 453 2069 ἢ
509 2006 771 2072 ὠνούμενοι
828 2006 1096 2078 scriptum
1153 2011 1252 2062 est.
1331 2005 1618 2077 Magistelli
1679 2008 1839 2067 verba
1892 2016 2021 2071 sunt
2047 2053 2060 2074 ‚

54 2109 208 2165 quae
245 2093 492 2165 puerulis
536 2093 907 2166 relinquenda.
987 2093 1188 2150 Eodem
1236 2093 1392 2149 modo
1433 2097 1461 2167 ᾗ
1500 2099 1600 2161 26,
1642 2095 1733 2152 ubi
1774 2097 1935 2152 Codd.
1973 2115 2061 2154 va-

56 2181 213 2237 riant
255 2182 309 2236 in
349 2182 580 2249 ἀρχηγοί
611 2189 665 2237 et
705 2183 971 2250 λοχαγοί,
1012 2190 1305 2254 utrumque
1359 2185 1606 2254 spurium
1646 2192 1763 2250 est,
1817 2185 2063 2243 seriben-

53 2267 306 2339 -dnmque
346 2271 390 2323 οἱ
430 2270 483 2324 δὲ
524 2271 844 2332 ἀκούσαντες
882 2276 1076 2327 ταῦτα.
1159 2270 1218 2327 In
1275 2273 1304 2342 §
1337 2274 1405 2325 27
1451 2273 1733 2330 verissima
1774 2274 1935 2329 lectio
1972 2291 2060 2330 ne-

57 2355 364 2430 quidquam
404 2364 622 2413 servata
661 2365 744 2413 est
784 2360 840 2414 in
877 2359 1094 2431 egregio
1133 2358 1325 2414 Codice
1364 2359 1428 2414 H.
1469 2362 1533 2415 σὺ
1576 2361 1628 2422 δέ
1668 2382 1734 2427 γε
1787 2363 1899 2418 οὐδὲ
1945 2364 2063 2431 ὁρῶν

55 2446 372 2512 γιγνώσκεις
425 2448 535 2502 κτὲ.
613 2446 966 2503 Notissimum
1022 2455 1095 2504 est
1142 2448 1195 2503 δέ
1245 2468 1312 2513 γε
1363 2451 1616 2521 usurpari
1669 2450 1843 2506 solere
1892 2468 2061 2523 quum

56 2532 202 2591 dnae
234 2551 320 2590 res
361 2535 436 2589 ita
477 2535 620 2592 inter
657 2552 716 2591 se
755 2542 1190 2608 componuntur,
1233 2543 1292 2592 ut
1329 2535 1497 2596 altera
1537 2538 1658 2609 plus
1698 2538 1902 2603 haheat
1930 2556 2059 2612 pon-

50 2618 243 2685 atu-is,
285 2630 613 2695 quapropter
653 2624 708 2679 in
749 2625 944 2696 iurgiis
980 2623 1481 2696 frequentissimum
1504 2632 1622 2692 est,
1663 2626 1755 2683 ubi
1781 2627 1835 2683 δέ
1872 2648 1953 2694 γε,
1977 2645 2058 2685 re-

66 2711 372 2783 sponsantis
423 2718 505 2766 est
557 2718 610 2767 et
665 2712 951 2769 maledicto
1003 2712 1388 2778 maledictum,
1448 2715 1691 2778 convicio
1750 2717 2059 2781 convicium

60 2798 287 2869 gravius
328 2801 677 2871 temnentis,
721 2802 881 2857 cuius
920 2802 999 2858 rei
1043 2807 1294 2858 sexcenta
1345 2802 1544 2872 passim
1586 2804 1827 2877 exempla
1873 2822 2058 2874 occur-

60 2894 212 2943 runt.
292 2887 448 2960 Apud
500 2888 811 2963 Ephippum
866 2889 1126 2946 Athenaei
1181 2907 1232 2962 p.
1270 2893 1379 2945 559
1430 2898 1497 2946 A.
1555 2891 1611 2947 in
1659 2891 1813 2950 libris
1861 2898 2055 2967 estam

66 2975 371 3045 μικρολόγος
409 2973 472 3031 εἷ.
513 2978 579 3032 σὺ
630 2977 799 3043 λέγε
839 2979 959 3034 λίαν
996 2980 1307 3042 πολυτελής.
1389 2976 1604 3051 Optime
1642 2980 2016 3041 casaubonus:

292 3074 361 3119 A.
400 3068 464 3126 ὡς
503 3067 807 3134 μικρολόγος
847 3065 910 3124 εἷ.
952 3078 1008 3123 Β.
1049 3069 1113 3126 σὺ
1154 3066 1219 3124 δέ
1263 3088 1341 3132 γε
1383 3067 1504 3122 λίαν
1544 3072 1855 3134 πολυτελής.

68 3149 263 3208 Plenus
282 3161 364 3210 est
384 3154 751 3228 exemplorum
777 3155 1193 3229 Aristophanes,
1234 3154 1432 3228 quibus
1454 3173 1558 3212 non
1596 3164 1749 3224 utor,
1791 3158 1882 3215 sed
1918 3157 2051 3213 dabo

63 3239 374 3296 emendatos
414 3244 531 3298 eius
568 3244 860 3300 versiculos
898 3245 1068 3309 duoS,
1111 3243 1202 3300 ubi
1244 3243 1377 3300 illud
1419 3242 1633 3301 dicendi
1652 3262 1823 3317 genus
1847 3246 2052 3302 scriba-

72 3343 195 3384 rum
232 3331 516 3387 oscitantia
552 3331 898 3390 obscuratum
939 3339 1037 3389 est.
1117 3332 1256 3404 Lege
1296 3333 1351 3387 in
1392 3332 1626 3389 Acharn.
1667 3339 1754 3391 79.

376 3423 522 3484 ἡμεῖς
564 3422 613 3476 δὲ
653 3420 918 3483 λαικαςοὶς
959 3442 1034 3486 γε
1076 3422 1163 3476 καὶ
1210 3421 1612 3488 καταπύγονας.

74 3521 168 3573 pro
208 3508 468 3567 λαικαςοὲς
509 3530 598 3563 τε.
644 3516 695 3566 et
740 3512 792 3565 in
837 3510 1042 3583 Equiti.
1092 3512 1248 3565 1168.
