2436 4068
0 2020 11 2088 Ν-ν
0 1906 12 2013 νυν-’,ὂ
0 1819 3 1828 “

776 831 1478 920 PRAEFATIO,

241 1387 554 1443 Absolutam
610 1387 749 1444 hanc
805 1387 1072 1443 VARIARUM
1124 1387 1413 1443 an'nonun
1469 1395 1677 1461 partem
1742 1390 2032 1446 secundam
2073 1393 2130 1447 in

144 1488 321 1545 lucem
359 1490 630 1546 emittenti
670 1489 806 1544 mihi
848 1506 952 1544 non
995 1506 1112 1544 esse
1149 1506 1282 1561 opus
1334 1489 1568 1545 arbitror
1608 1490 1794 1547 eadem
1836 1491 1900 1548 de
1939 1491 2129 1550 iisdem

147 1591 377 1658 iterare,
415 1593 591 1661 ἐχθρὸν
630 1591 683 1647 δέ
722 1611 808 1658 μοι
850 1591 986 1655 ε’ςίν,
1030 1596 1092 1646 ut
1114 1590 1320 1664 Ulyssis
1344 1591 1410 1645 ad
1434 1591 1717 1646 Alcinoum
1757 1592 1934 1649 verbis
1972 1601 2159 1662 utar,

448 1691 596 1755 αὖτις
636 1681 884 1763 ἀριζήλως4
926 1693 1166 1762 εἰρημένοι
1205 1692 1588 1759 μυθολογεύειν.

149 1793 320 1848 Tenui
380 1795 525 1850 enim
586 1802 740 1850 vetus
799 1795 1114 1850 institutum
1174 1800 1236 1848 ut
1304 1794 1639 1850 ostenderem
1691 1794 1974 1850 Codicibus
2027 1813 2134 1852 non

147 1910 263 1949 esse
300 1901 504 1950 temere
543 1894 870 1951 credendum
893 1938 907 1960 ,
948 1911 1183 1966 namque
1222 1894 1288 1948 ad
1341 1911 1510 1950 unum
1546 1912 1731 1951 omnes
1770 1895 1935 1950 libros
1971 1897 2095 1953 Mss.
2118 1940 2134 1963 ,

145 1993 342 2066 quihus
394 1994 721 2053 Graecorum
783 1997 985 2068 scripta
1033 1997 1420 2063 continentur,
1483 1998 1645 2052 etiam
1701 1998 2133 2080 vetustissimOS,

148 2095 359 2151 mendis
408 2097 789 2169 erroribusque
845 2104 1088 2160 scatere,
1147 2104 1200 2152 et
1239 2099 1438 2170 passim
1491 2098 1544 2151 in
1585 2097 1834 2152 omnibus
1875 2098 2131 2156 lectiones

144 2196 363 2253 vitiosas
398 2206 451 2253 et
493 2205 774 2270 corruptas
834 2197 1216 2263 circumferri,
1274 2197 1468 2270 quibus
1519 2205 1571 2252 et
1614 2198 2006 2254 sententiarum
2047 2216 2128 2255 sa-

143 2297 286 2352 nitas
325 2305 378 2354 et
417 2298 631 2371 elegans
673 2298 885 2354 dicendi
943 2300 1086 2353 nitor
1122 2305 1175 2353 et
1215 2298 1431 2370 linguae
1490 2300 1687 2353 veteris
1741 2300 2024 2355 sinceritas
2077 2309 2132 2356 et

146 2400 356 2472 puritas
414 2401 611 2455 misere
670 2401 969 2472 perierint,
1034 2400 1110 2454 ita
1180 2406 1240 2453 ut
1300 2398 1561 2471 praeclari
1621 2400 1913 2472 scriptores
1973 2400 2131 2456 modo

144 2501 375 2573 ineptire
414 2507 468 2555 et
508 2501 642 2556 nihil
682 2501 894 2566 dicere,
952 2501 1108 2556 modo
1149 2501 1352 2556 insulse
1391 2508 1444 2556 et
1499 2501 1817 2573 pueriliter,
1860 2503 2014 2558 modo
2054 2505 2130 2558 vi·

144 2601 280 2656 tiose
331 2607 384 2656 et
442 2608 630 2657 contra
691 2609 899 2657 certum
957 2604 1167 2674 antiqui
1219 2602 1484 2657 sermonis
1546 2620 1705 2686 usum
1762 2604 1996 2660 scribere
2054 2606 2130 2659 vi-

144 2701 389 2758 deantur.
469 2703 669 2758 Bonam
706 2711 911 2776 partem
951 2703 1143 2758 horum
1176 2703 1494 2759 mendorum
1534 2704 1720 2759 Critici
1756 2708 1919 2760 certis
1952 2723 2128 2763 emen-

144 2803 450 2859 dationibus
502 2804 706 2859 dudum
748 2805 1120 2871 sustulerunt,
1173 2805 1442 2877 permulta
1483 2806 1635 2861 nobis
1688 2806 1871 2861 eadem
1916 2808 2127 2863 eviden-

143 2906 220 2959 tia
259 2906 574 2978 corrigenda
617 2914 928 2978 supersunt.
1007 2908 1335 2962 Etiamnunc
1376 2906 1645 2979 plurima,
1703 2925 1838 2979 quae
1879 2910 2005 2980 quia
2046 2928 2128 2966 ae-

144 3022 243 3079 gra
278 3012 329 3061 et
370 3006 638 3062 malesana
680 3015 808 3063 sunt
862 3015 1082 3063 acutum
1133 3008 1388 3063 lectorem
1429 3010 1483 3062 in
1531 3008 1857 3065 Graecorum
1910 3011 2129 3083 scriptis

146 3106 449 3179 impediunt
501 3114 554 3162 et
609 3106 886 3163 offendunt
940 3107 1240 3164 manifestis
1300 3109 1722 3165 correctionibus
1787 3119 2011 3183 possunt
2073 3113 2127 3167 in

146 3209 418 3280 integrum
480 3209 714 3263 restitui.
797 3209 1135 3282 Quamquam
1198 3228 1302 3265 non
1366 3211 1417 3265 in
1468 3211 1716 3266 omnibus
1775 3213 2130 3285 scriptoribus

147 3316 243 3364 aut
281 3308 464 3364 eadem
513 3317 607 3364 aut
647 3327 744 3381 par
783 3318 863 3366 est
917 3311 1146 3366 feliciter
1187 3311 1505 3367 emendandi
1556 3311 1802 3367 facultaS.
1897 3315 1956 3367 In
2012 3314 2132 3368 aliis

147 3411 289 3466 enim
332 3409 624 3482 palmatiae
660 3411 1059 3468 emendationes
1099 3420 1151 3467 et
1193 3413 1259 3468 ab
1300 3413 1419 3468 aliis
1457 3413 1658 3468 multae
1710 3421 1953 3486 repertae
2003 3421 2130 3469 sunt

149 3518 204 3565 et
238 3527 270 3566 a
304 3510 456 3566 nobis
499 3528 663 3567 novae
706 3514 930 3585 reperiri
971 3522 1231 3587 possunt,
1274 3516 1327 3569 in
1369 3514 1489 3569 aliis
1528 3514 1660 3569 nihil
1701 3514 2006 3569 huiusmodi
2039 3515 2127 3570 ad-

153 3610 259 3667 huc
299 3621 572 3685 repertum
613 3622 694 3669 est
733 3623 787 3669 et
823 3616 1015 3687 exigua
1056 3633 1177 3688 spes
1218 3623 1298 3671 cst
1337 3615 1449 3671 sore
1487 3623 1547 3671 ut
1586 3634 1616 3671 a
1651 3616 1800 3671 nobis
1843 3614 2128 3687 aliquando

151 3714 474 3785 reperiatur.
554 3716 811 3772 Athenaei
856 3717 1019 3773 libros
1078 3719 1158 3792 (ut
1196 3718 1293 3774 hoc
1347 3717 1487 3790 utar)
1531 3719 1693 3773 certis
1746 3716 2125 3772 emendationi-
