2436 4068
1271 194 1389 245 694,

359 339 650 396 convellere
706 346 757 398 et
815 339 879 392 de
921 353 1017 392 suo
1065 336 1227 392 stulte
1267 344 1320 391 et
1371 336 1711 410 impudenter
1752 338 1922 393 futuri
1963 340 2161 395 formas
2202 344 2322 397 sub-

354 427 615 483 stituere?
694 427 965 480 Intactum
1009 425 1178 478 evasit
1215 424 1308 481 IV.
1351 443 1406 478 11.
1447 429 1497 480 6.
1553 429 1618 487 ὡς
1668 430 1755 481 οὐκ
1796 427 1858 482 ἂν
1909 427 2084 489 ἄλλως
2125 429 2321 493 ἀξιόλο-

351 536 432 581 γοι
493 515 870 580 γενόμενοι.
964 512 1075 566 Non
1138 519 1261 565 utor
1315 512 1554 584 exemplo
1613 515 1666 567 in
1710 515 1774 568 ΙΙ.
1816 533 1870 568 11.
1930 521 2013 570 15.
2067 519 2203 572 οὐδὲν
2260 519 2323 573 ἂν

354 604 534 657 τούτου
574 601 864 669 πράξαντος
915 601 1039 671 quia
1091 599 1266 654 locum
1309 600 1447 654 male
1497 601 1740 656 habitum
1791 620 1906 657 esse
1957 604 2231 675 intellig0,
2271 613 2323 661 et

349 691 696 761 participium
737 688 949 761 aliquod
987 687 1245 743 excidisse
1284 690 1560 759 suspicor,
1603 690 1769 744 veluti
1823 692 1939 745 οὔτε
1980 691 2112 747 ἄλλο
2150 697 2320 755 καλῶς

351 778 439 831 καὶ
483 779 685 838 δικαίως
724 780 860 834 οὐδὲν
910 777 972 833 ἂν
1017 775 1330 850 (γενόμενον)
1371 776 1551 831 τούτου
1591 778 1898 845 πράξαντος.
1981 781 2129 847 Quod
2171 783 2323 837 Reis-

347 866 472 919 kius
524 866 828 930 inserebat,
887 864 1275 932 πραττόμενον,
1329 871 1477 920 recte
1530 865 1726 920 habere
1779 874 1983 937 poterat
2042 870 2087 923 si
2140 872 2320 925 τούτου

352 953 664 1022 πράττοντος
707 961 845 1008 esset
885 954 1166 1024 scriptum.

426 1043 528 1110 Qui
579 1041 644 1097 ἄν
697 1059 819 1096 cum
876 1041 1077 1096 futuris
1118 1040 1371 1110 coniungi
1426 1057 1578 1112 posse
1618 1038 1820 1113 opinati
1873 1051 2034 1112 sunt,
2092 1062 2321 1117 quorum

350 1146 607 1201 magnum
650 1146 841 1200 agmen
883 1130 1127 1201 conquiri
1181 1129 1383 1200 possit,
1438 1145 1541 1182 non
1584 1129 1687 1185 alio
1739 1133 2004 1203 opinionis
2058 1135 2323 1204 praesidio

351 1225 585 1273 utuntur
624 1235 784 1290 quam
827 1217 1079 1272 Codicum
1123 1218 1481 1282 auctoritate,
1535 1217 1589 1270 in
1642 1218 1838 1288 quibus
1894 1222 2090 1290 passim
2142 1223 2321 1276 istius-

347 1306 495 1361 modi
528 1307 828 1377 scripturae
849 1304 1338 1369 circumsernntur‚
1379 1306 1512 1359 utin
1536 1305 1772 1359 Platonis
1794 1308 2046 1379 Apologia
2078 1327 2126 1381 p.
2154 1316 2240 1366 50.
2265 1313 2320 1366 Β.
2404 1304 2436 1382 Ῐζ

349 1398 412 1456 ὥς
453 1396 576 1460 ἐμοῦ
617 1397 706 1448 οὐκ
742 1394 804 1449 btv
860 1395 1262 1456 ποιήσαντος
1310 1392 1506 1456 ἄλλα,
1555 1401 1608 1448 et
1648 1395 1789 1466 apud
1842 1396 2084 1470 Thucyd.
2123 1397 2187 1454 V.
2233 1403 2319 1455 15.

354 1483 564 1548 γνόντες
601 1487 686 1536 νῦν
731 1486 940 1548 μᾶλλον
976 1480 1041 1534 ἂν
1078 1480 1592 1547 ἐνδιξομίνους,
1637 1491 1690 1537 et
1727 1483 1812 1537 VI.
1858 1487 1944 1539 20.
1988 1487 2089 1540 οὐδ’
2129 1486 2192 1541 ἂν
2232 1489 2323 1550 τὴν
2406 1495 2409 1497 ’

352 1573 519 1640 ἀρχὴν
558 1572 654 1634 τὴν
691 1570 944 1637 ἡμετέραν
983 1569 1188 1629 εἶκότως
1228 1571 1342 1623 olm-⁹
1394 1570 1679 1639 ἐλευθερίας
1738 1573 2323 1642 προσδεξαμένοις,

350 1666 404 1714 et
454 1658 594 1730 apud
646 1657 1057 1713 Demosthenem
1111 1675 1160 1729 p.
1205 1660 1341 1722 128,
1384 1660 1473 1714 28.
1527 1659 1702 1714 πάλαι
1756 1681 1834 1722 τις
1891 1662 2042 1724 ἡδέως
2098 1663 2161 1718 ἂν
2202 1664 2320 1726 ἴσως

349 1748 690 1816 ἐρωτήσων
743 1746 1001 1811 κάθηται,
1041 1752 1093 1799 et
1134 1744 1258 1798 alibi
1300 1762 1474 1816 saepe.
1553 1747 1692 1814 Quid
1733 1750 1838 1802 erit
1885 1757 2065 1804 autem
2112 1752 2167 1805 in
2212 1770 2322 1806 ser-

350 1837 528 1891 monis
567 1835 754 1891 Graeci
794 1836 999 1889 ratione
1039 1840 1092 1888 et
1133 1850 1233 1888 usu
1276 1834 1408 1888 satis
1449 1843 1656 1889 certum
1693 1837 1739 1890 si
1790 1835 2131 1892 librariorum
2173 1843 2327 1895 testi·
2391 1826 2433 1890 ‘J

344 1925 544 1980 moniis
583 1925 686 1978 erit
726 1922 1024 1978 standum?
1084 1921 1300 1976 Nullum
1337 1922 1415 1977 sic
1455 1923 1570 1977 vitii
1614 1939 1820 1994 genus,
1859 1925 1994 1979 nihil
2035 1927 2175 1998 quod
2211 1945 2327 1983 ma·
2400 1995 2403 2002 Ι

344 2013 589 2068 lesanum
630 2018 727 2066 aut
760 2011 1052 2065 absurdum
1090 2010 1192 2072 sit,
1238 2011 1434 2081 poterit
1470 2010 1722 2082 redargui
1763 2019 1815 2066 et
1857 2012 2141 2069 confutari.
2223 2016 2320 2071 Re·
2394 2007 2401 2014 '⁴

344 2102 588 2175 perietur
632 2101 788 2154 testis
826 2100 1019 2171 aliquis
1060 2105 1382 2169 corruptuS,
1437 2115 1596 2170 quem
1639 2100 1863 2155 reiicere
1905 2108 1997 2156 aut
2039 2102 2319 2159 destruere

342 2207 448 2244 non
493 2188 692 2243 licebit.
771 2185 875 2242 Sed
928 2204 1083 2242 nemo
1138 2193 1244 2240 tam
1302 2185 1507 2241 ferreus
1559 2195 1640 2241 est
1688 2195 1748 2241 ut
1803 2190 1919 2243 istis
1972 2192 2152 2246 omnia
2204 2211 2318 2249 esse

343 2276 607 2334 credenda
648 2276 937 2330 existimet.
1024 2275 1194 2328 Tanta
1237 2276 1378 2328 enim
1420 2275 1499 2327 vis
1549 2282 1629 2329 est
1670 2275 1957 2330 lectionum
2001 2279 2315 2335 absurdissi-

343 2381 558 2421 marum
597 2365 650 2417 in
682 2363 931 2417 omnibus
968 2361 1120 2416 libris
1162 2361 1390 2415 fideliter
1434 2371 1804 2427 servatarum,
1846 2381 1978 2435 quas
2012 2383 2166 2420 nemo
2201 2370 2316 2424 sine

341 2453 556 2509 fastidio
595 2459 648 2506 et
703 2467 903 2505 nausea
945 2448 1218 2521 adspicere
1269 2451 1450 2520 possit.
1532 2451 1717 2521 Itaque
1772 2452 1815 2504 si
1870 2454 2131 2524 cuiusque
2186 2460 2314 2513 scri-

340 2550 533 2617 pturae
576 2539 707 2594 fides
743 2557 806 2593 ex
855 2539 1110 2592 interiore
1164 2538 1482 2593 Graecitatis
1542 2539 1893 2610 intelligentia
1935 2540 2191 2597 diuturno
2242 2545 2314 2600 le-

345 2629 502 2702 gendi
557 2635 608 2683 et
662 2627 958 2682 meditandi
1014 2643 1116 2681 usu
1169 2627 1461 2698 prudenter
1510 2627 1731 2681 collecta
1793 2629 2123 2684 aestimanda
2179 2635 2318 2701 erit,

346 2718 630 2774 contemtis
670 2717 882 2769 minimi
924 2716 1079 2786 pretii
1125 2715 1351 2769 testibus
1390 2717 1685 2769 sexcenties
1726 2716 1779 2769 in
1815 2717 2096 2772 manifesto
2138 2737 2318 2779 errore

347 2815 400 2862 et
438 2805 715 2860 mendacio
769 2803 1148 2875 deprehensiS‚
1203 2805 1291 2857 οὐκ
1332 2801 1395 2857 ἂν
1456 2804 1742 2865 παύσοντες
1798 2811 1858 2858 ut·
1911 2805 2175 2862 soloecum
2230 2828 2315 2865 ex-

345 2894 592 2967 plodetur
632 2891 696 2946 ab
736 2890 1012 2957 omnibuS,
1063 2899 1114 2946 et
1154 2894 1242 2946 οὐκ
1282 2890 1344 2945 ἂν
1384 2893 1770 2953 παύσαντες
1813 2891 2095 2964 aliquando
2147 2897 2316 2953 Xeno.

345 2981 530 3054 phonti
569 2980 904 3034 restituetur.

421 3069 479 3124 In
522 3068 739 3122 Memor.
778 3065 842 3120 Il.
886 3083 942 3122 11.
989 3071 1038 3120 5.
1097 3070 1148 3139 (ἦ
1186 3069 1353 3135 μήτηρ
1393 3070 1451 3122 τὸ
1504 3065 1719 3140 βρέφος)
1776 3069 1952 3138 τρέφει
1994 3072 2154 3124 πολὺν
2193 3076 2316 3141 χρό-

344 3178 422 3213 νον
461 3189 537 3197 ——-
574 3158 664 3210 οὐκ
703 3155 863 3209 εἰδυῖα
900 3154 1017 3208 τίνα
1055 3156 1243 3210 τούτων
1282 3155 1437 3224 χάριν
1479 3158 1847 3224 ἀπολήψεται,
1890 3157 2050 3212 huius
2085 3162 2314 3232 scriptu-

341 3262 435 3301 rae
472 3246 663 3298 vitium
702 3243 899 3314 optime
936 3244 1255 3297 monstrabit
1291 3243 1530 3315 apposita
1565 3259 1688 3297 vera
1725 3243 1914 3308 lectio,
1958 3263 2116 3316 quam
2158 3250 2310 3306 nobis

345 3333 576 3388 servavit
631 3330 915 3386 Stobaeus:
973 3332 1061 3384 οὐκ
1115 3331 1277 3386 εἰδυῖα
1337 3330 1394 3384 εἴ
1446 3353 1600 3386 τινα
1665 3331 1855 3387 τούτων
1910 3334 2066 3402 χάριν
2118 3338 2312 3402 ἀπολή-

339 3429 518 3492 apex-ou.

415 3510 475 3565 In
514 3508 711 3563 vicinia
753 3512 781 3579 ᾗ
820 3512 871 3562 8.
913 3507 1230 3562 οὐδεπώποτε
1266 3509 1429 3570 αὐτὴν
1470 3508 1577 3562 οὔτ’
1612 3504 1737 3562 εἶπα
1778 3509 1883 3564 οὔτ’
1918 3512 2132 3575 ἐποίησα
2173 3515 2309 3569 οὐδὲν

340 3598 426 3669 ἐφ’
468 3594 502 3668 ᾧ
542 3598 802 3670 ᾐσχύνθη,
843 3595 1183 3670 cogitandum
1225 3605 1302 3653 est
1342 3597 1533 3670 ecquid
1586 3596 1710 3652 boni
1759 3599 1827 3654 sit
1871 3600 1923 3654 in
1980 3600 2189 3658 Stobaei
2242 3602 2308 3657 le·
