2436 4068
1354 195 1457 244 758

417 338 474 391 τὸ
503 339 761 405 ψήφισμα
791 335 1005 402 γράψας
1043 338 1197 395 αὐτὸς
1232 335 1504 390 Cimonem
1542 340 1839 404 revocavit,
1883 347 1940 394 ut
1971 343 2157 397 scribit
2180 345 2382 402 Plutar-

413 426 547 480 chus
581 427 631 478 in
676 424 875 478 Pericle
907 440 1020 493 cap.
1049 427 1132 477 10.
1213 424 1406 478 Critias
1447 425 1511 478 de
1553 425 1820 480 Alcibiade
1866 432 2178 485 nominatim
2206 437 2380 503 potuit

416 515 744 584 rogationem
804 511 1073 582 perferre,
1134 511 1198 564 de
1258 529 1360 582 qua
1416 515 1528 584 ipse
1588 515 1661 567 ita
1715 517 1859 569 canit
1915 519 2056 588 apud
2112 520 2382 582 Plutarch.

416 602 585 655 Alcib.
631 618 746 670 cap.
785 604 883 653 55:

638 690 816 754 γνώμη
861 689 903 741 δ’
944 687 975 751 ἤ
1013 707 1069 740 σε
1111 690 1382 752 κατήγαγ’
1424 690 1526 753 ἐγὼ
1566 690 1761 750 ταύτην
1796 692 1846 743 ἐν
1885 689 2080 746 ἅπασιν

790 772 927 829 εἶπον
969 775 1053 828 καὶ
1097 775 1312 842 γράψας
1353 774 1559 843 τοῦργον
1601 777 1789 844 ἔδρασα
1828 778 1958 832 τόδε.

488 864 730 918 Eubulus
772 863 836 916 de
886 862 1230 933 Xenophonte
1280 881 1379 916 non
1429 867 1619 935 potuit.
1701 865 1838 932 Quid
1895 868 2039 921 enim
2094 869 2394 940 Xenophon

414 952 478 1006 de
521 952 712 1024 populo
770 951 1173 1004 Atheniensium
1219 953 1444 1006 meritus
1483 959 1563 1006 est
1603 970 1857 1024 umquam
1902 962 1994 1009 aut
2036 957 2164 1026 quid
2207 958 2271 1012 al)
2321 955 2410 1025 eo}

414 1041 698 1112 sperabant
733 1039 995 1110 denique,
1052 1056 1150 1092 cur
1184 1056 1306 1092 eum
1347 1041 1401 1092 in
1444 1041 1716 1111 integrum
1757 1043 2140 1097 restituerent?
2204 1036 2436 1118 Admiass'g-

415 1129 707 1191 rabantur‚
763 1128 1002 1199 inquieS,
1058 1127 1207 1180 illum
1251 1128 1464 1193 virum,
1505 1130 1598 1200 qui
1646 1130 1761 1190 τοὺς
1816 1131 2018 1199 μυρίους
2077 1131 2260 1186 ἔσωσεν
2314 1122 2436 1234 εἱςίξ.

414 1220 505 1280 τὴν
541 1216 795 1271 ‘mamaea
878 1216 1153 1286 Spartanis
1200 1215 1366 1279 haec,
1409 1233 1509 1270 non
1550 1217 1685 1282 sibi,
1726 1217 1935 1273 laudem
1974 1226 2026 1272 et
2062 1221 2436 1294 emolumen-‘55

413 1313 529 1361 tum
584 1305 829 1359 attulisse
881 1305 1010 1357 satis
1052 1303 1329 1369 sciebant,
1383 1312 1434 1358 et
1478 1305 1875 1376 Xenophontem
1923 1309 2009 1362 τὸν
2048 1298 2436 1400 φιλολακωναξ

412 1393 563 1447 brevi
604 1400 722 1463 post
762 1392 921 1446 exilio
979 1390 1338 1445 multaverant
1386 1394 1468 1448 ἐπὶ
1510 1395 1834 1462 λακωνισμῳ.
1916 1394 2045 1462 Quis
2099 1395 2383 1451 Athenien
2395 1405 2431 1439 ⁴

413 1483 552 1534 sium
595 1481 701 1534 illis
740 1478 1072 1550 temporibus
1123 1479 1521 1550 Xenophontem
1573 1482 1653 1535 vel
1695 1483 1907 1537 nomine
1950 1489 2105 1537 tenus
2155 1426 2436 1563 comme->gi

413 1568 686 1622 moravit?
729 1565 1042 1622 Clearchum
1083 1583 1237 1637 saepe
1275 1571 1582 1633 nominant,
1624 1570 2025 1641 Xenophontem
2069 1588 2381 1643 numquam.
2379 1564 2436 1644 ἐξ

413 1656 577 1711 Exsul
629 1663 743 1709 erat
798 1663 850 1709 et
907 1653 1112 1709 civibus
1168 1654 1382 1710 odiosus
1435 1658 1712 1723 μισόδημος
1762 1659 1902 1726 ἀνήρ.
1996 1659 2127 1713 Erat
2169 1667 2345 1714 tamen
2367 1642 2436 1748 ’'1³1''

414 1746 662 1816 inquieS,
716 1743 976 1797 Anabasis
1017 1744 1069 1795 in
1115 1742 1394 1797 hominum
1447 1745 1829 1815 elegantiorum
1875 1746 2140 1800 manibus.
2222 1748 2409 1823 Eram⁴

413 1832 505 1886 sed
559 1849 676 1886 eam
725 1832 904 1885 nescio
959 1846 1063 1901 quo
1103 1830 1258 1883 modo
1314 1831 1600 1903 Xenophon
1658 1833 1867 1888 nolebat
1919 1851 1948 1887 a
2007 1851 2063 1889 se
2124 1835 2409 1906 scriptamg

413 1921 599 1974 videri.
679 1921 811 1973 Mira
851 1936 938 1972 res
974 1927 1091 1983 est,
1145 1919 1300 1972 cuius
1353 1937 1487 1991 quae
1527 1937 1686 1975 causa
1736 1938 1850 1975 esse
1890 1923 2124 1992 potuerit
2164 1912 2408 1994 ρι”ονευεῖ

416 2026 518 2062 non
562 2007 836 2077 intellig0,
891 2006 982 2060 sed
1023 2013 1169 2060 certa
1224 2023 1310 2061 res
1350 2015 1446 2061 est.
1517 2009 1655 2062 Audi
1707 2009 1861 2062 modo
1902 2026 2036 2081 quae
2088 2009 2230 2064 dicat
2271 1996 2402 2083 ipse}

413 2096 702 2167 Xenophon
749 2097 801 2147 in
856 2094 1141 2148 Hellenicis
1178 2095 1268 2147 Ill.
1311 2113 1342 2148 1.
1389 2099 1454 2149 2:
1514 2099 1577 2157 ὡς
1617 2098 1711 2162 μὲν
1765 2095 1844 2151 οὖν
1903 2102 2058 2164 Κῦρος
2110 2096 2394 2166 spoia-supe&
2427 2098 2436 2158 {l

412 2207 470 2239 τε
530 2182 767 2246 συνέλεξε
822 2183 907 2236 καὶ
969 2185 1109 2237 τοῦτ’
1169 2182 1302 2250 ἔχων
1361 2184 1522 2250 ανέβη
1564 2185 1648 2238 ἐπὶ
1698 2186 1783 2239 τὸν
1822 2186 2050 2255 ἀδελφὸν
2103 2188 2188 2240 καὶ
2245 2190 2308 2248 ὡς
2349 2184 2436 2251 25:51}

410 2274 567 2340 μάχη
610 2273 812 2337 ἐγένετο
853 2272 939 2324 καὶ
981 2274 1044 2331 ὡς
1085 2271 1310 2324 ἀπέθανε
1350 2271 1435 2324 καὶ
1485 2275 1549 2333 ὡς
1603 2274 1659 2326 ἐκ
1707 2275 1887 2328 τούτου
1944 2276 2282 2337 ἀπεσώθησαν
2334 2273 2429 2345 02²³}

412 2363 667 2423 Ἕλληνες
721 2360 802 2413 ἐπὶ
859 2358 1130 2412 θάλατταν
1192 2361 1655 2424 Θεμιςογένει
1706 2363 1786 2429 τῷ
1843 2365 2234 2431 Συρακοσίῳ
2280 2363 2428 2428 γε’-’μό

414 2469 748 2517 γραπται.
829 2446 1186 2514 Quantumvis
1216 2448 1360 2501 enim
1395 2447 1655 2502 mirabilis
1689 2466 1773 2503 res
1803 2467 1917 2503 esse
1951 2450 2224 2513 videatur,
2269 2458 2380 2505 tam
2423 2474 2427 2487 ⁴

411 2538 676 2592 disertum
718 2535 817 2589 hoc
855 2535 1225 2590 testimonium
1266 2543 1346 2589 est
1386 2541 1444 2588 ut
1484 2553 1704 2607 prorsus
1749 2536 1986 2591 dubitari
2027 2555 2131 2591 non
2184 2540 2426 2610 possitffi

411 2627 543 2697 quin
599 2623 860 2679 Anabasis
914 2622 1003 2675 illo
1055 2630 1325 2693 tempore,
1383 2624 1496 2694 ipso
1546 2625 1890 2696 Xenophonte
1930 2628 2006 2680 sic
2058 2626 2296 2691 volente,
2349 2613 2426 2704 αξξ

410 2715 821 2783 Theinistogene
861 2711 1196 2784 Syracusano
1219 2712 1419 2782 scripta
1453 2729 1567 2767 esse
1607 2714 1910 2767 existimata
1951 2713 2129 2768 fuerit.
2209 2705 2425 2791 Xeno-.{

412 2803 551 2874 phon
595 2803 799 2855 interea
857 2799 1242 2871 Spartanorum
1297 2799 1613 2856 liberalitate
1652 2802 1705 2855 in
1748 2802 2103 2874 Peloponneso
2155 2818 2379 2858 securus
2421 2793 2424 2832 ἶ

411 2891 692 2945 fruebatur
725 2897 777 2944 et
812 2889 1012 2958 ingenii
1047 2895 1392 2943 monumenta
1433 2891 1487 2942 in
1522 2891 1628 2944 otio
1668 2890 1922 2944 condidit.
2004 2891 2111 2945 Hoc
2152 2891 2379 2962 populus

411 2979 818 3033 Atheniensium
855 2977 1076 3031 curabat
1115 2977 1334 3031 scilicet.
1415 2979 1696 3033 Praeterea
1735 2979 1832 3033 hoc
1871 2980 2076 3050 cogita:
2119 2981 2164 3032 si
2207 2979 2390 3033 Xeno--

410 3067 550 3139 phon
604 3065 871 3120 Eubulum
915 3065 1152 3119 consiliis
1201 3066 1453 3121 adiuvare
1505 3067 1673 3121 voluit
1715 3074 1768 3122 et
1810 3068 2027 3122 edocere
2067 3085 2171 3139 quo
2226 3071 2390 3139 pacto'

409 3172 578 3225 remp.
620 3152 809 3225 opibus
845 3160 1089 3223 augeret,
1127 3170 1286 3224 prope
1324 3155 1550 3209 dixerim
1586 3157 1622 3209 οξ
1657 3153 1713 3217 ὗς
1746 3158 1842 3210 τάν
1876 3158 2109 3217 Ἀθηνᾶν.
2174 3155 2228 3210 Si
2266 3157 2377 3226 ipse

410 3244 652 3298 Eubulus
705 3240 904 3312 aliquid
965 3240 1029 3294 de
1071 3241 1137 3294 iis
1187 3242 1345 3296 rebus
1406 3243 1638 3297 scribere
1695 3243 1948 3297 voluisset
2003 3243 2105 3297 alia
2162 3244 2419 3308 omnim*

412 3331 599 3396 cred0,
657 3329 767 3398 περὶ
804 3329 962 3396 πόρων
999 3329 1313 3398 legeremus,
1397 3330 1744 3395 Subrisisset,
1803 3337 1861 3385 ut
1915 3333 2135 3402 opinor,
2195 3325 2417 3385 Eubu-¹<

411 3421 497 3475 lus
543 3419 609 3474 ad
668 3417 1225 3488 magnificentissimas
1281 3417 1493 3471 candidi
1549 3419 1691 3471 senis
1748 3418 2184 3489 pollicitationes,
2239 3434 2417 3490 quael

411 3510 666 3580 leguntur
708 3506 799 3560 ΙΙΙ.
842 3509 1042 3560 9-10,
1124 3505 1375 3560 Sollerter
1429 3506 1812 3561 demonstravit
1859 3507 2154 3562 Boeckhius
2205 3510 2370 3563 Xeno·

411 3597 661 3668 phontem
724 3594 888 3650 fuisse
947 3595 1102 3649 καλὸν
1167 3594 1395 3659 κάγαθόν
1448 3595 1620 3667 magis
1679 3612 1837 3666 quam
1898 3596 2180 3663 χρημάτων
2239 3615 2413 3661 φι-ορι-Ἰ
