2436 4068
1220 205 1342 240 xvut

318 342 695 410 σκορακίζονται
739 358 869 396 usus
905 348 1016 407 est,
1055 341 1192 413 quod
1234 347 1286 394 et
1326 341 1595 395 novicium
1637 347 1717 396 est
1739 349 1790 396 et
1830 342 2091 415 plebeium
2133 350 2183 398 et
2218 345 2282 399 de

315 442 475 495 trivio
515 448 772 495 sumtum.
852 441 1315 512 Negligentissime
1357 443 1458 508 οὐχ
1514 438 1660 503 ἧττον
1714 445 1890 513 posuit
1932 461 2028 515 pro
2076 449 2282 510 μᾶλλον

314 557 434 612 pag.
483 545 618 607 156,
662 544 746 596 14.
788 541 940 597 ἕλοιτ’
987 540 1050 595 btv
1096 563 1172 604 τις
1213 545 1314 611 οὐχ
1353 542 1501 607 ἧττον
1536 544 1628 605 τὴν
1667 544 1919 612 ἡμετέραν
1959 547 2210 613 εὐτυχίαν
2251 549 2280 610 ἢ

314 643 406 704 την
446 642 660 706 ἐκείνου,
715 659 835 695 nam
880 641 970 695 ubi
1011 641 1171 696 datur
1214 643 1347 715 optio
1386 646 1486 711 οὐχ
1534 640 1682 704 ἧττον
1727 642 1902 697 locum
1945 644 2154 700 nullum
2196 646 2284 700 ha-

313 741 420 796 het.
500 743 781 796 Praeterea
822 741 1203 815 Demosthenes
1243 748 1303 796 ut
1343 742 1562 797 Veteres
1599 760 1782 798 omnes
1823 745 1879 798 in
1932 744 2028 798 tali
2080 762 2138 799 re
2178 764 2280 800 non

315 842 566 909 εὐτυχίαν
607 840 698 894 sed
748 841 915 908 τύχην
957 842 1238 913 posuisset.
1320 842 1546 895 Prorsus
1598 849 1860 914 repugnat
1919 842 2134 915 linguae
2192 863 2284 900 an-

310 943 560 1014 tiquioris
601 941 722 996 usui
759 941 900 1014 quod
934 942 1132 1014 legitur
1174 959 1295 1014 pag.
1340 947 1444 997 157
1466 984 1484 1008 ‚
1527 945 1628 997 11:
1669 949 1765 997 τῶν
1803 945 1987 999 ἐκείνου
2027 947 2279 1013 πραγμά-

309 1063 407 1098 των
440 1043 575 1097 οὐδὲν
610 1042 876 1111 ςασιάζειν
910 1043 1404 1111 παρασκευάζομεν,
1443 1044 1571 1115 quia
1598 1046 1720 1098 ποιῶ
1763 1061 1866 1098 non
1901 1047 2276 1116 παρασκευάζου

311 1143 644 1215 requiritur,
679 1150 733 1197 et
768 1144 998 1198 homines
1034 1145 1175 1199 inter
1213 1161 1270 1198 se
1305 1143 1570 1212 ςασιάζειν
1603 1151 1856 1215 possunt,
1898 1162 2001 1200 non
2023 1147 2095 1202 τά
2116 1147 2282 1215 πράγ-

306 1265 476 1311 ματα.
557 1244 838 1316 Perperam
881 1243 1012 1297 dixit
1053 1260 1172 1316 pag.
1210 1248 1350 1308 157,
1392 1247 1494 1299 20:
1550 1244 1886 1313 προηγόρευκε
1923 1247 2010 1300 τὸν
2051 1248 2279 1315 πόλεμον

310 1362 475 1418 quum
517 1345 774 1413 προείρηκε
821 1344 1069 1410 deberet,
1126 1351 1179 1400 et
1226 1362 1346 1416 pag.
1389 1350 1532 1411 157,
1574 1349 1662 1399 26.
1713 1347 2075 1415 ἀναλήψεσθαι
2126 1365 2279 1403 usur·

308 1447 455 1519 pavit
495 1463 599 1518 quo
654 1461 814 1500 sensu
855 1462 1010 1500 nemo
1063 1462 1319 1517 umquam
1363 1445 1513 1500 dixit.
1593 1446 1843 1501 Homines
1893 1448 2037 1503 enim
2092 1449 2281 1505 dicun-

310 1553 403 1601 tur
440 1563 503 1601 ex
546 1546 701 1600 malis
740 1553 793 1600 et
832 1547 1105 1600 aerumnis
1144 1547 1546 1613 ἀναλαμβάνειν
1597 1549 1807 1610 ἑαυτούς
1830 1591 1845 1614 ,
1885 1549 1978 1604 sed
2029 1551 2279 1606 vitiosum

311 1654 390 1701 est
432 1647 609 1702 dicere
647 1647 718 1701 τά
760 1646 1060 1714 πράγματα
1095 1649 1430 1716 άναλήψεται
1471 1650 1557 1703 καὶ
1594 1651 1869 1714 γενήσεται
1909 1651 2126 1716 βελτίω.
2187 1652 2283 1706 De-

308 1750 470 1820 nique
511 1748 736 1803 ridicule
788 1749 924 1802 dixit
966 1766 1086 1820 pag.
1129 1754 1268 1814 158,
1313 1755 1397 1804 11.
1459 1751 1867 1816 ἐγκαταλείπειν
1920 1752 1990 1806 τά
2030 1753 2128 1806 τῶν
2168 1773 2282 1821 προ·

306 1850 465 1916 γόνων
517 1849 647 1918 ἔργα
702 1851 788 1904 καὶ
839 1850 910 1904 τά
956 1850 1287 1919 συμφέροντα
1339 1855 1430 1912 τῆς
1472 1851 1706 1916 πόλεως,
1760 1853 1979 1908 Veteres
2019 1853 2160 1907 enim
2199 1870 2283 1907 ac·

310 1951 653 2005 curatissime
693 1956 745 2002 et
786 1949 1019 2019 cogitare
1057 1956 1110 2002 et
1149 1948 1294 2020 loqui
1346 1949 1488 2003 soliti
1534 1950 1782 2005 dicebant
1819 1953 1890 2007 τά
1937 1954 2032 2018 μὲν
2079 1954 2285 2023 συμφέ-

308 2072 458 2121 ροντα
517 2059 580 2119 τῇ
632 2048 780 2103 πόλει
830 2050 1400 2116 καταπροδοῦναι,
1459 2050 1530 2104 τά
1590 2051 1641 2105 δὲ
1700 2057 1796 2106 τῶν
1842 2051 2096 2121 προγόνων
2154 2053 2285 2122 ἔργα

309 2156 788 2220 καταισχῦναι.
869 2150 926 2203 In
983 2167 1043 2203 eo
1094 2150 1208 2203 loco
1259 2151 1459 2221 igitur,
1519 2151 1660 2206 unde
1717 2155 1892 2207 exorsi
1952 2170 2174 2219 sumuS‚
2227 2157 2284 2209 αἱ

312 2253 417 2321 γάρ
459 2251 729 2319 εὐπραξίαι
771 2250 927 2305 δειναὶ
968 2251 1251 2317 συνκρύψαι
1293 2251 1378 2305 καὶ
1435 2251 1712 2306 συσκιάσαι
1753 2254 1852 2314 τοὶς
1893 2254 2156 2323 ἁμαρτίας
2198 2254 2285 2310 de-

310 2354 526 2424 scripsit
585 2351 832 2406 falsarius
890 2350 1048 2404 verba
1118 2350 1490 2405 Demosthenis
1549 2369 1611 2407 ex
1679 2352 1993 2426 Olynthiaca
2051 2354 2284 2409 secunda

309 2471 430 2526 pag.
474 2457 580 2518 25,
625 2457 723 2507 28:
785 2453 839 2507 αἱ
897 2452 1000 2519 γάρ
1060 2451 1332 2519 εὐπραξίαι
1392 2452 1547 2506 δειναὶ
1602 2455 1899 2523 συγκρύψαι
1957 2455 2030 2510 τά
2086 2458 2285 2510 τοιαῦτ’

312 2556 488 2618 ὀνείδη.
584 2554 732 2608 Hanc
786 2554 943 2608 unice
992 2569 1174 2607 veram
1224 2553 1506 2608 lectionem
1559 2561 1670 2610 tres
1724 2557 1910 2627 optimi
1959 2555 2083 2610 libri
2131 2557 2187 2612 B.
2226 2558 2286 2612 F.

312 2664 364 2710 et
406 2656 458 2710 S.
515 2654 608 2709 soli
672 2661 972 2708 servarunt.
1051 2653 1108 2707 In
1153 2654 1209 2709 Β.
1254 2661 1542 2708 annotatur
1596 2656 1649 2708 in
1709 2657 1953 2727 margine
2011 2678 2216 2725 συγκρ
2237 2658 2286 2712 ύ-

313 2763 439 2825 ψαι
481 2755 595 2810 άντὶ
637 2759 725 2810 τοῦ
767 2755 1143 2810 συσκιάσαι.
1223 2755 1283 2809 In
1318 2754 1470 2810 libris
1506 2757 1899 2828 antiquioribus
1935 2759 2101 2813 veteri
2140 2776 2288 2814 more

315 2857 484 2911 solum
524 2857 1063 2927 interpretamentum
1097 2855 1373 2926 legebatur
1420 2863 1513 2910 aut
1554 2857 1606 2909 in
1645 2873 1736 2911 ora
1776 2857 1900 2911 libri
1952 2858 2284 2931 adscriptum

312 2965 407 3012 aut
447 2958 588 3012 inter
626 2974 815 3012 versus
870 2974 1032 3028 supra
1063 2957 1361 3024 συγκρύψαι
1405 2956 1740 3013 collocatum.
1820 2959 1956 3013 Hine
2005 2960 2057 3013 in
2090 2961 2150 3014 F.
2193 2977 2286 3015 an-

315 3065 531 3113 notatur
568 3080 651 3127 γρ.
693 3057 987 3113 συσκιάσαι.
1070 3057 1255 3113 Scriba
1295 3057 1435 3111 enim
1490 3059 2027 3129 interpretamentum
2069 3078 2166 3132 pro
2210 3060 2286 3114 di-

314 3175 466 3214 versa
508 3160 773 3231 scriptura
828 3158 1032 3212 babuit.
1112 3158 1343 3211 Manavit
1395 3157 1533 3211 idem
1578 3159 1632 3212 in
1683 3159 1735 3214 S.
1778 3177 1986 3232 quoque
2032 3177 2060 3215 a
2104 3178 2283 3215 recen-

311 3262 446 3316 tiore
502 3276 681 3313 manu.
780 3260 838 3313 In
898 3258 1117 3330 reliquis
1172 3257 1420 3312 omnibus
1480 3257 1679 3312 sactum
1731 3268 1812 3314 est
1866 3261 2006 3332 quod
2057 3261 2280 3315 assolet:

307 3362 538 3434 genuina
594 3361 861 3431 scriptura
902 3376 1027 3414 eum
1086 3360 1563 3430 interpretamento
1611 3359 1853 3430 copulata
1908 3367 1987 3414 est
2039 3367 2092 3414 et
2137 3360 2281 3415 exhi-

309 3463 436 3518 bent
475 3461 540 3516 ad
579 3478 747 3514 unum
799 3477 1015 3514 omnes:
1080 3461 1234 3515 δειναὶ
1276 3459 1573 3528 συγκρύψαι
1626 3461 1714 3514 καὶ
1756 3460 2067 3526 συσκιάσαι,
2120 3461 2280 3532 idque

310 3564 481 3633 ipsum
542 3564 595 3616 in
650 3561 888 3634 spuriam
949 3561 1240 3616 orationem
1303 3561 1573 3616 invectum
1636 3568 1731 3615 est.
1827 3562 1878 3615 Si
1931 3563 1984 3615 in
2031 3561 2277 3616 omnibus
