2436 4068
1072 263 1142 314 97

180 411 276 465 Est
307 425 497 482 operae
532 408 766 479 pretium
798 409 851 461 in
886 406 1376 462 Grammaticorum
1405 404 1607 469 λέξεσιν
1642 405 2094 474 animadvertere,

100 514 237 570 quae
265 513 389 568 pars
428 497 637 568 antiqui
676 496 941 551 sermonis
981 493 1140 565 vulgo
1180 511 1284 550 non
1323 493 1720 566 intelligeretur
1759 493 1992 566 amplius
2038 504 2092 550 et

101 601 238 656 quae
291 583 548 639 vocabula
608 584 661 638 in
713 598 944 654 quorum
997 580 1176 636 locum
1231 581 1515 638 subierint.
1593 581 1873 636 Miraberis
1926 599 2088 654 quam

92 671 267 726 multa
306 671 500 742 vulgus
539 670 820 725 hominum
853 668 1034 723 doceri
1066 667 1343 735 debuerit,
1383 686 1522 742 quae
1560 685 1706 724 nunc
1751 670 1957 724 nemini
2003 670 2091 724 ob-

94 775 255 815 scura
292 776 408 814 esse
440 764 700 830 possunt,
744 757 836 828 qui
879 755 960 811 vel
999 755 1346 812 mediocriter
1379 757 1451 812 τα
1480 763 1579 813 τῶν
1614 762 1854 812 παλαιῶν
1895 774 2088 828 cogno·
2154 760 2156 763 ’

95 846 250 901 verit.
308 846 486 900 Pauca
523 861 589 899 ex
628 847 817 916 paucis
855 842 1033 898 Photii
1073 844 1284 915 paginis
1324 846 1637 916 speciminis
1687 861 1852 900 causa
1898 863 2091 917 cogno-

91 951 207 989 sce:
249 932 348 988 Καὶ
384 934 533 993 τέως;
574 930 947 1000 καὶπρότερον.
1007 932 1340 994 Καθεςηκώςε
1382 933 1751 1000 καθεςαμένος.
1807 938 2085 1002 Καλοῦμεν

92 1022 209 1077 α’ντὶ
249 1025 340 1076 τοῦ
379 1021 687 1086 καλέσομεν.
756 1020 1035 1086 Κατέσβηῑ
1084 1018 1326 1085 ἐσβέσθη.
1399 1019 1659 1087 Κατιμενε
1699 1023 2084 1089 κατερχόμεθα.

90 1108 439 1175 Κατεαγότα;
480 1107 837 1174 κεκλασμένα.
909 1108 1298 1170 Κατεδηδοκώςῑ
1349 1109 1788 1175 καταβεβρωκὼς.
1864 1110 2085 1164 Κατέθε·

90 1217 214 1264 μενε
255 1198 633 1262 κατεθήκαμεν.
701 1196 1038 1261 Κεκτώμεθα’;
1079 1194 1379 1260 κεκτημένοι
1417 1192 1569 1261 ὦμεν.
1639 1198 1868 1261 Καθῆςοε
1912 1198 2084 1252 ἐκαθέ-

91 1285 223 1354 ζετο.
283 1285 658 1339 Καθεδοῦνταιε
698 1284 1114 1347 καθεσθήσονται.
1169 1283 1533 1351 Κλεψούμενος
1569 1282 1708 1358 (lege
1740 1284 2081 1357 κλεψόμενος)

86 1373 298 1438 λέγουσι
347 1375 406 1427 τὸ
455 1372 892 1442 ὑφαιρησόμενος,
945 1377 999 1426 et
1050 1371 1279 1444 puerilia
1331 1370 1607 1426 Καπειταε
1660 1371 1747 1426 καὶ
1798 1371 1984 1427 ἔπειτα
2029 1381 2082 1428 et

86 1459 242 1531 Κᾷτα
281 1461 336 1515 τί
349 1479 362 1523 ;
401 1457 520 1515 εἶτα
558 1461 639 1522 τι’;
678 1467 733 1515 et
771 1458 952 1514 stolidi
990 1475 1201 1515 errores
1243 1461 1530 1527 Καντήριαε
1571 1460 1947 1529 καταβατήρια
1987 1478 2084 1533 pro

0 1541 31 1594 ·'
86 1549 379 1616 κατιτῆρια.
431 1547 720 1603 Kondaia-reo:
751 1547 1032 1615 καθιερώσω
1055 1564 1151 1620 pro
1177 1549 1429 1613 καθαγιῶ.
1470 1547 1895 1616 Καθαγιοέζεταιε
1926 1550 2080 1618 ἄφιε·
2147 1616 2149 1618 ¹

79 1641 259 1706 ροῦται
299 1652 397 1708 pro
435 1637 799 1705 καθαγίζεται.
860 1635 1212 1700 Καθιγνῦσαιε
1254 1642 1440 1704 νεκροῖς
1481 1637 1631 1690 θῦσαι
1685 1653 1781 1708 pro
1834 1638 2082 1702 καθαγνί·

82 1746 191 1780 σαι.
271 1723 440 1796 Saepe
486 1723 726 1796 proderit
768 1741 798 1779 e
845 1723 1234 1799 magistrorum
1278 1724 1496 1796 scriptis
1550 1730 1787 1779 veterem
1839 1724 2080 1796 linguam

83 1820 139 1870 et
174 1813 423 1867 vitiosam
470 1813 781 1884 sequiorum
826 1813 1090 1877 συνήθειαν
1139 1813 1540 1884 composuisse,
1591 1819 1653 1867 ut
1691 1812 1830 1867 ratio
1870 1820 2080 1868 constet

82 1899 535 1974 quemadmodum
574 1899 790 1956 dicendi
830 1900 1023 1955 vitium
1067 1900 1304 1971 irrepere
1344 1900 1582 1972 potuerit
1622 1907 1675 1956 et
1716 1917 1898 1955 veram
1949 1902 2081 1956 scri-

83 1996 300 2062 pturam
333 1988 620 2061 expellere,
649 2005 812 2060 quam
846 1994 1099 2042 constans
1130 1988 1374 2042 omnium
1409 2004 1539 2042 usus
1568 1988 1828 2060 requirat.
1889 1989 2081 2044 Exem-

83 2078 232 2151 plum
278 2076 571 2133 Aeschines
609 2074 1002 2148 suppeditabit,
1058 2075 1202 2148 apud
1242 2092 1402 2148 quem
1444 2092 1614 2148 aequo
1668 2076 1851 2130 animo
1896 2093 2082 2133 omnes

79 2167 268 2239 legunt
297 2167 351 2221 in
372 2163 749 2237 Ctesiphontea
772 2163 811 2238 §
836 2169 935 2230 45,
971 2167 1015 2220 οἱ
1049 2165 1102 2219 δὲ
1139 2165 1503 2231 ἀνηγορεύοντο
1537 2166 1798 2218 ἐνώπιον
1832 2163 2080 2220 ἁπάντων

76 2261 175 2311 τῶν
208 2256 495 2318 Ἑλλήνων,
529 2268 860 2325 quamquam
881 2269 1039 2308 nemo
1067 2250 1378 2307 admonitus
1399 2251 1646 2307 dubitare
1676 2252 1903 2324 poterit,
1945 2255 2077 2325 quin

80 2344 284 2398 ἐνώπιον
317 2341 384 2397 ab
422 2341 591 2397 Attici
629 2340 895 2397 sermonis
926 2356 1030 2395 usu
1079 2356 1303 2413 prorsus
1341 2339 1627 2395 abhorreat
1662 2347 1716 2395 et
1747 2342 1972 2397 ἐναντίον
2007 2343 2079 2397 sit

78 2429 521 2494 rescribendum,
576 2445 683 2501 quo
721 2444 908 2483 omnes
942 2429 999 2483 in
1033 2445 1096 2484 ea
1132 2445 1192 2484 re
1228 2434 1462 2483 utuntur
1509 2429 1982 2496 constantissime,
2023 2437 2078 2486 et

77 2518 368 2576 Aeschines
405 2519 519 2591 ipse
556 2517 779 2589 passim.
840 2517 1052 2589 Inspice
1095 2533 1241 2571 nunc
1275 2515 1606 2590 Hesychium
1645 2535 1692 2571 v.
1726 2520 1786 2572 'E
1801 2520 2074 2573 ναντίον;

29 2602 37 2610 ’
77 2610 307 2673 ἐνώπιον,
360 2613 414 2663 et
454 2606 654 2661 senties
694 2605 788 2677 qui
832 2603 1038 2660 sactum
1085 2605 1154 2659 sit
1203 2611 1265 2660 ut
1312 2605 1476 2676 proba
1533 2606 1804 2678 scriptura
1854 2608 2072 2678 periret.

31 2697 349 2773 ‚Nusquam
401 2694 528 2770 alibi
578 2692 719 2749 idem
773 2692 976 2748 malum
1032 2692 1153 2766 plus
1194 2694 1377 2747 attulit
1429 2693 1770 2758 detrimenti,
1812 2711 1975 2766 quam
2018 2696 2074 2749 in

28 2775 41 2817 ³
76 2784 162 2842 llis
193 2784 324 2840 locis
353 2781 636 2839 Herodoti:
678 2781 770 2837 III.
808 2786 897 2836 37.
939 2781 1126 2836 πολλὰ
1151 2784 1220 2850 τῷ
1261 2782 1553 2847 οὶγοὲλματι
1589 2782 1944 2848 κατεγέλασε.
1980 2784 2072 2838 ΙΙΙ.

30 2838 166 2940 ἒδὸ.
199 2875 255 2929 οὗ
295 2872 402 2940 γὰρ
438 2870 503 2927 ἂν
537 2869 684 2938 ἱροῖσί
718 2890 778 2924 τε
819 2869 907 2924 καὶ
945 2871 1192 2936 νομαίοισι
1233 2870 1542 2938 ἐπεχείρησε
1591 2874 1927 2937 καταγελᾶν.
1975 2873 2068 2927 111.

32 2989 36 2996 ·
79 2966 202 3018 1155.
246 2958 402 3017 δεινόν
439 2980 491 3015 τι
526 2957 824 3024 ποιεύμενος
871 2958 1167 3025 Ἀσσυρίους
1217 2958 1436 3028 Πέρσῃσι
1472 2962 1806 3024 καταγελᾶν.
1850 2960 1937 3014 IV.
1980 2964 2066 3015 79.

73 3051 194 3118 ἡμῖν
241 3050 621 3113 καταγελᾶτε,
661 3044 697 3100 ὦ
740 3045 965 3108 Σκύθαι,
1023 3043 1100 3100 ὅτι
1135 3046 1510 3115 βακχεύομεν,
1552 3054 1605 3102 et
1644 3048 1758 3103 VII.
1801 3051 1851 3102 9.
1884 3051 2066 3110 Ἴωνας

41 3140 160 3195 ὀὐκ
206 3137 376 3198 ἐάσεις
420 3134 798 3201 καταγελάσαι
855 3136 994 3200 ἡμῖν.
1074 3133 1218 3188 Nihil
1270 3135 1415 3189 enim
1470 3135 1575 3190 erit
1618 3135 1760 3208 quod
1803 3135 1918 3190 fieri
1958 3152 2063 3189 non

70 3227 266 3301 possit,
306 3225 352 3280 si
388 3227 703 3290 καταγελᾶν
745 3229 892 3278 recte
930 3221 1172 3276 dativum
1215 3224 1411 3295 poterit
1448 3222 1660 3278 habere.
1732 3222 1932 3294 Suaptc
1974 3238 2062 3275 na-

39 3311 194 3368 'tura
232 3310 494 3384 quidquid
533 3313 611 3367 sic
647 3312 1003 3384 compositum
1037 3317 1118 3366 est
1151 3311 1450 3383 genitivum
1492 3310 1752 3383 postulat:
1796 3314 2060 3376 καταφρο-

73 3406 195 3464 νεῖν,
246 3407 574 3468 κατηγορεῖν,
630 3399 1063 3468 καταψεύδομαι,
1105 3407 1555 3467 καταμαρτυρεῖν,
1599 3401 1874 3465 καταβοᾶν
1927 3396 2059 3457 τινός

9 3504 13 3508 ·
75 3493 185 3543 tam
233 3488 595 3543 necessarium
649 3494 732 3542 est
777 3487 955 3542 dicere
1008 3494 1169 3559 atquc
1218 3490 1455 3554 ἐγγελᾶν
1508 3488 1608 3542 τινί
1655 3486 1735 3540 vel
1782 3489 2060 3549 συγγελᾶν

70 3576 197 3640 τινί,
231 3582 286 3630 et
326 3593 430 3631 non
467 3577 652 3631 minus
682 3583 764 3632 est
797 3574 1091 3631 absurdum
1127 3580 1442 3640 καταγελᾶν
1475 3577 1575 3630 τινί
1609 3573 1740 3628 velle
1773 3571 1951 3626 dicere
1985 3578 2062 3626 at-

73 3678 176 3734 que
215 3664 452 3728 ἐγγελῖιν
492 3663 643 3726 τινός.
724 3663 861 3718 Sunt
898 3665 992 3734 qui
1024 3669 1215 3734 putent
1258 3670 1496 3718 caeteros
1531 3678 1714 3716 omncs
1767 3659 1863 3714 boc
1904 3658 2061 3715 modo

1701 3755 1719 3781 0
