2436 4068
1041 210 1145 260 249

95 351 271 421 φεύξω
306 356 360 406 et
399 350 595 405 similia
628 349 804 405 omnia
831 392 846 416 ,
893 352 944 405 in
985 354 1182 425 quibus
1233 353 1419 409 Graeci
1460 353 1568 410 sola
1611 354 1783 412 forma
1818 357 1869 410 iu
1913 371 2071 424 -ομαι

101 439 405 494 utebantur.
489 439 758 511 Quidquid
808 440 1092 496 verborum
1143 449 1384 497 veterum
1424 449 1504 498 est
1556 444 1610 498 in
1661 445 1902 500 -ν-άνω
1954 463 2073 518 pro·-

93 526 377 581 ductorum
430 527 700 593 μανθάνω,
753 528 1052 596 φυγγάνω,
1094 529 1392 597 λαμβάνω,
1446 531 1732 600 τυγχάνω,
1770 533 2074 603 λαγχάνω,

93 614 445 686 Tragicorum
482 615 721 685 κιγχάνω
754 632 850 687 pro
884 615 1165 671 Homerico
1198 618 1398 686 κιχάνω
1428 626 1565 682 etc..
1610 620 1807 676 babent
1845 621 2073 677 formam

91 700 262 756 futuri
301 701 490 757 medii:
533 703 712 775 itaque
759 703 990 769 θιγγάνω
1029 721 1240 777 quoque
1290 706 1446 762 habet
1494 707 1729 775 θίξομαι,
1771 709 1972 776 ἔθιγον,
2012 717 2076 765 ut.

92 790 148 843 in
189 789 473 863 Hippolyto
517 807 594 845 vs,
634 794 798 846 1086.

468 877 642 933 κλάων
680 899 760 940 τις
799 881 967 934 αὐτῶν
1005 876 1087 947 ἆρ’
1126 881 1265 954 ἐμοῦ,
1295 901 1363 946 γε
1402 881 1613 946 θίξεται.

165 965 358 1020 Forma
389 966 633 1033 λιμπάνω
671 983 774 1020 non
817 973 898 1021 est
936 966 1224 1023 admodum
1264 975 1420 1024 vetus
1455 987 1552 1043 pro
1589 970 1778 1037 λείπω,
1819 972 1946 1029 hinc
1981 971 2074 1030 ba·-

89 1053 178 1109 bet
204 1055 389 1123 λείψω.
468 1055 527 1109 In
558 1053 643 1109 his
676 1054 926 1109 omnihus
958 1062 1166 1111 veteres
1205 1072 1388 1112 omnes
1427 1065 1555 1113 sunt
1587 1057 1847 1125 άπτωτοι,
1888 1078 2073 1133 quem-

88 1141 376 1198 admodum
417 1144 472 1197 in
510 1143 768 1207 caeteriS,
821 1142 1017 1215 quibus
1070 1143 1319 1217 loquendi
1370 1161 1504 1200 usus
1555 1146 1694 1201 hanc
1753 1145 1923 1202 futuri
1967 1148 2071 1204 sor·

86 1246 232 1286 mam
272 1230 465 1286 tribuit
506 1238 565 1286 ut
594 1230 882 1297 άκούσομαι
905 1273 920 1296 ,
958 1231 1296 1300 γελάσομαι,
1336 1233 1563 1302 ὄψομαι,
1607 1234 1711 1290 alia
1757 1251 1918 1307 quam
1954 1235 2069 1308 plu-

86 1319 243 1373 rima.
322 1318 606 1391 Sequiores
658 1335 844 1373 omnes
883 1319 937 1373 in
982 1337 1042 1374 ea
1093 1337 1151 1375 re
1193 1321 1426 1377 titubare
1465 1329 1519 1377 et
1569 1339 1752 1378 errare
1805 1323 1976 1379 solent
2014 1331 2070 1380 et

85 1408 303 1461 omnino
341 1408 396 1461 in
431 1406 640 1472 verbis,
694 1424 924 1479 quorum
965 1406 1165 1463 futuris
1205 1408 1368 1464 medii
1411 1418 1617 1466 veteres
1662 1419 1895 1467 utuntur
1945 1413 2071 1468 solis

86 1501 147 1549 ut
176 1494 505 1562 γελάσομαι,
543 1496 771 1566 ᾄσομαι,
801 1495 1119 1562 άκούσομαι,
1156 1498 1445 1565 βοήσομαι,
1483 1499 1810 1566 πηδήσομαι,
1851 1507 1905 1556 et
1941 1518 2068 1574 quo-

84 1598 207 1637 rum
240 1581 441 1637 futuris
480 1599 637 1656 saepe
668 1591 902 1640 utuntur
944 1584 1108 1639 huius
1147 1584 1350 1642 formae
1381 1587 1622 1655 διώξομαι
1650 1630 1663 1653 ,
1705 1589 2072 1656 ἐπαινέσομαι,

82 1672 512 1739 ε’γκωμιάσομαι,
565 1675 902 1742 χωρήσομαι;
944 1672 1085 1746 apud
1125 1673 1412 1730 Graeculos
1450 1674 1671 1748 perinde
1712 1694 1896 1733 omnes
1946 1677 2069 1734 illae

85 1758 286 1815 formae
322 1760 377 1814 in
415 1759 822 1818 desuetudinem
861 1762 1143 1826 abierunt,
1185 1762 1327 1818 unde
1359 1771 1602 1820 veterum
1641 1765 1843 1838 scripta
1882 1765 2069 1823 eadem

85 1847 203 1904 labe
239 1848 385 1903 infici
435 1856 621 1921 coepta
657 1858 819 1915 sunt,
873 1850 1030 1923 quale
1072 1858 1153 1906 est
1204 1852 1628 1918 συμπνευσόντων
1682 1852 1746 1907 ἄν
1787 1854 1928 1926 apud
1971 1855 2069 1911 De·

82 1937 444 2000 mosthenem;
483 1939 638 2011 quasi
672 1955 796 1994 vero
825 1939 1110 2011 quisquam
1149 1946 1392 1995 veterum
1431 1941 1632 1996 πνεόσω
1669 1949 1722 1997 et
1755 1943 2065 2009 συμπνεύσω

81 2042 177 2097 pro
217 2026 504 2093 πνεύσομαι
527 2069 541 2091 ,
579 2027 976 2094 συμπνεύσομαι
1011 2027 1246 2099 potuerit
1285 2027 1500 2084 dixisse.
1579 2028 1691 2084 Non
1734 2037 1913 2086 lamen
1950 2031 2069 2087 heri

79 2120 177 2167 aut
213 2113 412 2170 nudius
448 2116 643 2171 tertius
682 2115 968 2171 barbarum
1014 2114 1160 2170 istud
1202 2117 1627 2182 συμπνευσόντων
1667 2119 1720 2172 in
1759 2118 2067 2174 Demosthea

81 2202 167 2256 nis
214 2200 378 2257 libros
429 2204 707 2276 irrepsisse
751 2203 962 2259 docebit
1010 2202 1300 2277 Dionysius
1349 2203 1464 2259 Hal.
1520 2206 1670 2261 Tom.
1713 2206 1805 2263 VI.
1848 2224 1897 2279 p.
1939 2211 2066 2263 745.

79 2289 295 2354 Reisk.‚
335 2290 425 2346 ubi
463 2291 602 2347 idem
655 2291 909 2347 mendum
959 2292 1308 2365 conspicitur.
1387 2291 1678 2349 Ostendam
1724 2294 1856 2350 alias
1901 2312 2064 2368 qnam

4 2367 11 2425 '³
75 2378 282 2433 vitiosis
322 2376 606 2435 Oratorum
632 2380 915 2436 Codicibus
953 2380 1156 2436 Rhetor
1194 2381 1294 2435 iste
1329 2379 1494 2437 suerit
1522 2398 1671 2439 usus.
1741 2382 1895 2438 Nunc
1932 2382 2069 2439 dabo

8 2454 9 2460 ἵ
76 2466 312 2540 primum
353 2468 593 2541 exempla
644 2468 905 2541 quaedam
949 2468 1113 2525 huius
1152 2471 1531 2539 παρεφθορυίας
1578 2469 1866 2535 λέξεως-εχ
1895 2472 2068 2544 poetis

4 2677 45 2807 sl

28 3051 36 3111 ξ

73 2561 129 2610 et
165 2555 454 2628 poetastris
491 2557 846 2630 sequioribus.
899 2557 1163 2630 Meleager
1202 2559 1376 2631 potuit
1418 2557 1596 2615 dicere
1632 2559 1688 2614 in
1729 2559 2064 2632 Epigramm.

75 2641 184 2699 LII.
226 2648 277 2699 4.
337 2644 491 2713 τάχα
530 2667 627 2701 που
666 2646 932 2714 σαρδάνιον
965 2646 1235 2713 γελάσεις.
1314 2646 1608 2702 Mnasalcas
1644 2648 1828 2720 Epigr.
1866 2649 1928 2704 X.
1975 2655 2026 2704 1.

374 2733 541 2788 οὐκέτι
582 2734 641 2796 δὴ
681 2734 995 2802 πτερύγεσσι
1036 2734 1475 2804 λιγυφθόγγοισιν
1513 2735 1725 2798 obstem.

74 2820 355 2894 Antipater
404 2821 710 2877 Thessalon.
744 2822 834 2876 vl.
885 2828 931 2876 1.

221 2911 327 2978 τρὶς
367 2910 493 2965 δέκα
531 2932 600 2976 με
640 2911 875 2965 πνεύσειν
914 2910 1002 2965 καὶ
1043 2910 1116 2972 δὶς
1158 2914 1273 2979 τρία
1304 2910 1521 2978 μάντιες
1557 2909 1722 2982 ἄςρων
1757 2911 1767 2972 Ι
1799 2912 1982 2982 φασίν.

147 2998 348 3055 Lollius
387 2999 582 3053 Bassus
617 2998 654 3054 I.
703 3005 750 3053 1.

221 3089 278 3143 οὐ
315 3087 496 3153 μέλλω
535 3087 726 3157 ρεύσειν
765 3088 955 3156 χρυσός
994 3109 1146 3152 ποτε,
1186 3091 1311 3155 βοῦς
1351 3089 1403 3143 δὲ
1443 3088 1640 3153 γένοιτο
1677 3088 1686 3163 Ι
1718 3089 1903 3151 ἄλλος.

147 3175 388 3231 Lucilius
420 3175 699 3231 LXXXIV.
744 3181 795 3230 7.

295 3267 434 3327 πλὴν
474 3266 644 3331 κάμοῦ
683 3261 929 3330 μνήσθητι
972 3266 1122 3332 νόμου
1158 3266 1342 3333 χάριν,
1385 3267 1413 3329 ἢ
1449 3266 1598 3331 μέγα
1638 3264 1823 3333 κράξω.

150 3351 327 3407 Strato
368 3352 662 3408 Sardianus
699 3353 881 3408 XLIII.
925 3357 976 3407 2.

297 3440 467 3506 δέξομ’
508 3442 611 3507 ἐγὼ
650 3441 919 3509 μελάθροις
943 3485 955 3506 ,
996 3445 1052 3496 οὐ
1090 3443 1171 3508 μοὶ
1210 3443 1297 3496 τὸν
1337 3445 1468 3496 -οὐκ
1509 3442 1692 3507 ὀμόσω.

71 3534 124 3581 et
159 3526 289 3581 Llll.
334 3533 381 3581 7.
442 3529 644 3592 παίζεις
685 3530 804 3593 ἴσα,
854 3532 993 3584 κοινοὶ
1035 3533 1300 3594 λαλήσεις.
1385 3530 1639 3601 Agatliias
1670 3529 1758 3583 ΙΙΙ.
1804 3534 1851 3584 2.
1901 3530 2048 3594 οἷμώ·

69 3614 171 3677 ἕεις
209 3625 509 3682 χρυσομανῆ
545 3618 843 3679 σπατάλην,
925 3619 1139 3674 Similes
1172 3619 1353 3673 sordes
1395 3621 1589 3690 passiin
1627 3616 1765 3688 apud
1804 3617 1934 3671 alios
1970 3617 2045 3671 le-

1710 3712 1752 3739 20
