2436 4068
1295 212 1399 261 4432

377 362 489 413 riae
522 360 545 412 ὁ
585 359 831 418 κάλλιςος
867 355 1053 420 κόσμος
1090 355 1302 421 πρέπει,
1342 355 1686 424 quamohrem
1722 359 1999 429 scripsisse
2039 360 2347 430 Xenophon-

381 455 488 500 tem
531 447 775 517 suspicor
813 446 883 511 τῷ
935 444 1129 497 νικῶντι
1181 443 1381 510 πρέπει.
1461 443 1746 514 Postquam
1798 453 1873 499 TI
1923 446 1988 500 oh
2028 456 2074 500 Π
2128 464 2354 519 sequens

386 533 695 595 intercidit,
738 538 863 585 nala
899 538 979 586 est
1020 530 1176 585 lectio
1214 532 1284 598 τῷ
1325 533 1485 584 νικᾶν.

461 622 519 675 In
577 623 694 690 §8.
748 621 790 673 εἰ
838 619 934 684 μὲν
981 616 1061 673 οὖν
1110 617 1590 684 βουλευόμεθα
1637 619 1797 674 πάλιν
1836 625 2011 682 αὐτοῖς
2049 622 2133 676 δια
2168 623 2353 691 φιλίας

388 711 549 772 ἰέναι,
609 707 763 762 facile
815 723 1031 771 omneS,
1091 707 1182 776 qui
1241 707 1589 761 meminerint
1642 710 1940 763 sexcenties
1993 710 2252 775 βούλομαι
2306 718 2359 765 et

387 796 704 862 βουλεύομαι
749 796 803 848 in
844 794 1003 849 Codd.
1045 794 1167 848 Mss,
1210 794 1496 848 cuiuslibet
1536 795 1728 848 aetatis
1768 796 2060 860 confundi,
2102 814 2358 868 reponen-

387 885 516 939 dum
557 902 670 939 esse
711 883 1011 954 intelligent
1049 882 1363 949 βουλόμεθα.
1444 882 1505 935 In
1547 882 1574 951 ὃ
1619 886 1702 937 10.
1756 886 1920 939 ἱκανοί
1970 886 2094 939 εἰσιν
2137 885 2200 959 (οἱ
2241 885 2357 958 θεοί)

387 974 475 1027 καὶ
515 974 632 1034 τοὺς
668 972 937 1038 μεγάλους
968 972 1114 1039 ταχὺ
1154 972 1359 1038 μικροὺς
1394 975 1582 1034 ποιεῖν,
1620 972 1706 1025 καὶ
1749 973 1865 1033 τοὺς
1898 974 2136 1040 μικροὺς,
2177 973 2274 1028 κᾶν
2308 975 2359 1027 ε’ν

387 1063 630 1121 δεινοῖς
671 1058 795 1126 ὦσι,
835 1061 1008 1128 σώζειν
1044 1061 1268 1118 εὐπετῶς
1290 1054 1414 1111 ὅταν
1446 1058 1770 1123 βούλωνται,
1810 1059 2077 1115 claudicat
2099 1062 2364 1116 sententia

388 1151 441 1203 in
487 1151 695 1213 δεινοῖς,
734 1150 790 1202 in
831 1165 936 1220 quo
976 1165 1079 1201 non
1123 1147 1253 1200 satis
1293 1151 1374 1199 est
1412 1145 1683 1216 ponderis,
1763 1147 1928 1202 Nemo
1962 1150 2104 1203 enim
2145 1150 2362 1217 σώζεται

389 1239 482 1310 qui
524 1255 629 1292 non
670 1239 741 1291 sit
780 1239 830 1291 ἐν
870 1239 1080 1306 δεινοῖς,
1130 1235 1310 1304 itaque
1352 1250 1524 1304 neque
1574 1233 1672 1288 κάν
1725 1251 1897 1306 neque
1950 1239 2176 1299 εὐπετῶς
2218 1243 2365 1291 recte

390 1326 663 1380 habebunt
704 1326 1018 1397 priusquam
1070 1325 1121 1377 ἐν
1161 1321 1463 1382 δεινοτάτοις
1506 1324 1610 1376 erit
1651 1323 2011 1378 emendatum.
2091 1323 2166 1377 Cf.
2211 1325 2242 1392 ἓ
2279 1330 2364 1378 11.

391 1415 635 1482 σώζονται
693 1415 783 1467 σὺν
840 1421 945 1473 τοῖς
987 1414 1112 1471 θεοῖς
1163 1413 1248 1464 καὶ
1304 1412 1363 1463 ἐκ
1419 1410 1595 1464 πάνυ
1655 1410 1876 1464 δεινῶν
1934 1414 1977 1466 οἱ
2021 1413 2227 1478 άγαθοί.
2307 1412 2367 1466 In

393 1507 422 1573 §
464 1508 548 1555 11.
589 1501 831 1555 ἐλθόντων
871 1501 1073 1568 Περσῶν
1115 1530 1190 1540 -—
1229 1500 1544 1564 παμπληθεῖ
1577 1498 1709 1566 ςόλῳ
1749 1501 1812 1559 ὡς
1858 1500 2212 1569 ἀφανιούντων
2254 1498 2369 1570 [αὗ-

392 1591 487 1660 θις]
543 1590 642 1651 τοὶς
695 1590 951 1651 Ἀθήνας,
1011 1587 1260 1658 quoniam
1314 1585 1445 1640 haec
1499 1585 1563 1640 de
1614 1586 1763 1640 Darii
1806 1587 2139 1658 expeditione
2182 1588 2370 1642 dicun-

393 1686 522 1741 tur,
562 1685 624 1731 ui
664 1682 883 1748 apparet
923 1692 986 1729 ex
1027 1677 1185 1745 §15,
1223 1672 1363 1735 αὖθις
1404 1681 1485 1728 est
1525 1674 1924 1729 removendum.
2005 1676 2155 1743 Quod
2196 1677 2368 1748 sequi-

398 1775 486 1820 Ιιιι·
526 1767 601 1819 iia
645 1762 1025 1819 scribendum:
1067 1764 1313 1825 ὑποςῆναι
1363 1763 1548 1839 αὐτοὺς
1590 1764 1844 1825 Ἀθηναῖοι
1886 1766 2244 1830 τολμήσαντες
2279 1766 2372 1820 ε’νί-

393 1875 574 1918 κησαν.
654 1855 716 1908 ln
771 1851 924 1905 libris
973 1857 1055 1904 est
1105 1851 1349 1913 ὑποςῆναι
1391 1851 1565 1910 αὐτοῖς
1607 1857 1660 1904 et
1699 1851 1935 1913 ἐνίκησαν
1975 1853 2181 1914 αὐτούς.
2260 1853 2371 1907 Im-

386 1951 566 2014 petum
602 1941 824 1996 alicuius
856 1939 1106 1992 sustinere
1142 1938 1245 1991 dici
1288 1938 1560 2007 ὑφίςαμαί
1591 1959 1737 2004 τινα,
1779 1947 1987 1994 certum
2026 1948 2142 2005 est,
2183 1943 2372 2010 ὑφίςα-

394 2031 497 2096 μαί
535 2051 629 2084 τινι
671 2028 778 2082 dici
819 2044 972 2099 posse
1011 2026 1270 2096 colligunt
1325 2042 1388 2080 ex
1440 2027 1628 2097 paucis
1688 2027 2007 2097 quibusdam
2061 2028 2192 2083 locis
2251 2030 2374 2084 sul)-

395 2118 561 2172 lestae
597 2115 882 2171 admodum
926 2114 1066 2168 fidei.
1145 2115 1205 2169 In
1248 2113 1447 2168 Hellen.
1485 2114 1598 2168 VII.
1641 2133 1692 2189 ν.
1736 2119 1821 2170 12.
1875 2123 1980 2177 τοῖς
2038 2119 2372 2183 άπονενοημέ-

398 2227 494 2267 νοις
536 2205 694 2265 οὐδεὶς
749 2203 814 2258 ἂν
872 2205 1125 2265 ὑποςαίη·
1181 2219 1342 2274 quam
1398 2201 1551 2256 facile
1598 2203 1773 2273 potuit
1809 2221 1870 2258 ea
1910 2204 2067 2258 lectio
2122 2207 2271 2259 nasci
2313 2223 2375 2260 ex

398 2310 527 2348 vera
565 2293 681 2354 τοὺς
722 2292 1164 2357 ἀπονενοημένως.
1245 2292 1310 2344 In
1349 2287 1534 2343 eadem
1577 2307 1633 2343 re
1673 2291 1905 2346 Pericles
1946 2293 2085 2363 apud
2130 2293 2372 2366 Thucyd.
2432 2348 2436 2350 ,

403 2382 442 2435 Ι.
489 2385 612 2435 144.
665 2383 707 2435 οἱ
760 2380 979 2447 πατέρες
1033 2382 1172 2444 ἡμῶν
1220 2376 1505 2437 ὑποςάντες
1556 2380 1816 2440 Μήδους
1856 2412 1934 2422 --
1971 2382 2023 2441 ἐς
2061 2379 2190 2435 τάδε
2229 2384 2377 2449 προή-
2435 2384 2436 2387 ’

400 2489 570 2535 γαγον
605 2468 763 2523 αὐτά.
843 2467 905 2521 In
945 2470 973 2534 ᾗ
1010 2470 1096 2520 12.
1148 2465 1416 2530 εὐξάμενοι
1468 2473 1532 2533 τῇ
1572 2467 1832 2533 Ἀρτέμιδι
1885 2467 2096 2530 ὁπόσους
2137 2470 2377 2524 κατακά-

403 2579 525 2612 νοιεν
583 2563 680 2611 τῶν
739 2555 997 2620 πολεμίων
1061 2555 1322 2614 τοσαύτας
1379 2554 1636 2620 χιμαίρας
1701 2557 2009 2610 καταθύσειν
2077 2557 2161 2629 [τῇ
2223 2559 2337 2631 θεῷ]
2364 2601 2379 2623 ,

405 2646 655 2717 quoniam
697 2643 958 2711 Ἀρτέμιδι
1001 2641 1195 2713 pendet
1230 2659 1290 2694 cx
1334 2641 1600 2695 infinitivo
1649 2645 1985 2708 καταθύσειν,
2039 2645 2186 2699 nullo
2225 2653 2380 2716 pacto
2428 2644 2429 2647 ’

405 2743 470 2803 τῇ
512 2735 600 2801 θεῷ
641 2732 845 2786 servari
885 2737 1077 2802 potest.
1159 2728 1418 2784 Dicebant
1451 2737 1631 2783 autem
1667 2732 1914 2799 εὔχεσθαι
1956 2735 2126 2800 ἱερεῖον
2159 2735 2229 2801 τῷ
2264 2736 2380 2798 Διί,

406 2830 459 2876 et
498 2821 746 2889 εὔχεσθαι
801 2819 965 2873 θύσειν
1003 2819 1073 2885 τῷ
1117 2817 1201 2872 Διὶ
1256 2819 1426 2885 ἱερεῖον
1467 2818 1495 2880 ἢ
1535 2817 1740 2882 θυσίαν,
1780 2827 1842 2874 ut
1893 2821 1946 2873 in
1997 2820 2026 2887 ἕ
2065 2825 2116 2876 9.
2157 2823 2266 2876 ἐπεὶ
2308 2854 2382 2863 -

408 2910 569 2969 οἰωνὸς
610 2912 698 2962 τοῦ
735 2909 855 2968 Διὸς
894 2911 983 2961 τοῦ
1040 2913 1270 2972 Σωτῆρος
1324 2905 1490 2975 ἐφάνη
1547 2905 1706 2979 (δοκεῖ
1735 2907 1842 2981 μοι)
1884 2907 2128 2972 εὔξασθαι
2177 2912 2247 2978 τῷ
2292 2913 2381 2978 θεῷ

411 2998 572 3065 τούτῳ
612 2997 776 3050 θύσειν
818 2997 1068 3062 σωτήρια,
1108 3001 1161 3048 et
1199 2994 1417 3065 passim.
2419 3040 2421 3042 .

485 3083 768 3138 Intercidit
824 3082 1142 3137 vocabulum
1196 3081 1492 3135 sententiae
1545 3084 1908 3139 necessarium
1959 3085 2016 3137 in
2078 3088 2106 3155 §
2149 3089 2237 3141 15.
2293 3071 2425 3156 καὶῇ4

411 3173 530 3228 τότε
570 3171 664 3237 μὲν
704 3171 762 3231 δη
802 3171 913 3238 περὶ
954 3177 1047 3231 τῆς
1087 3169 1246 3237 Κύρου
1289 3169 1569 3234 βασιλείας
1610 3168 1784 3237 ἄνδρες
1819 3168 1910 3231 ἦτε
1948 3173 2140 3236 οέγαθοί
2161 3196 2170 3203 “
2215 3178 2298 3228 νῦν
2339 3175 2383 3229 δ’
2412 3171 2429 3242 33³

410 3260 563 3316 ὁπότε
607 3258 717 3326 περὶ
759 3263 850 3318 τῆς
890 3257 1141 3324 ὑμετέρας
1181 3258 1475 3324 σωτηρίαςὸ
1508 3258 1650 3322 άγάν
1689 3259 1764 3315 ε’ςι
1808 3260 1946 3323 zea-3²„
1986 3261 2202 3330 requiro
2239 3262 2384 3316 enim
2412 3259 2422 3306 ··ἶ

411 3357 505 3412 τῆς
560 3347 810 3415 ὑμετέρας
871 3344 1077 3418 (αὐτῶν)
1134 3346 1414 3412 σωτηρίας,
1473 3346 1600 3416 quia
1658 3346 1746 3399 sic·
1793 3345 2008 3401 demum
2067 3347 2197 3402 haec
2251 3349 2423 3414 henes.

411 3441 808 3508 componuntur
844 3434 908 3488 dc
946 3432 1070 3504 Cyri
1108 3432 1325 3501 imperio
1361 3464 1438 3475 —-
1476 3433 1539 3486 dc
1577 3440 1746 3487 vestra
1783 3433 2024 3504 ipsorum
2064 3436 2246 3490 salute.

488 3525 548 3578 In
601 3527 631 3594 §
676 3526 762 3578 16.
816 3523 990 3594 potior
1029 3525 1110 3574 est
1151 3518 1308 3573 lectio
1346 3522 1437 3574 σὺν
1470 3522 1540 3588 τῷ
1581 3520 1840 3589 πατρίῳ
1890 3526 2180 3591 φρονήματι
2220 3541 2381 3595 quam

414 3611 645 3681 πατρῴῳ.
724 3610 923 3682 Nempe
961 3609 1266 3676 πατρῷον
1306 3608 1574 3679 significat
1607 3611 1665 3664 τὸ
1701 3614 1790 3664 τοῦ
1831 3612 2057 3681 πατρός,
2097 3611 2382 3681 πάτριον
