2436 4068
1026 211 1130 261 475

70 363 314 421 ΞΕΝΙΑ,
372 364 430 411 ut
482 372 569 410 res
618 363 765 410 certa
815 356 905 409 sit.
1004 353 1222 409 Scribae
1272 353 1443 409 solent
1483 354 1569 408 ἐπὶ
1624 353 1770 425 ξενία
1817 361 1910 409 aut
1962 354 2046 407 ἐπὶ

67 444 237 509 ξενίαν
275 443 341 499 de
395 461 494 499 suo
532 442 694 508 dare,
756 442 848 498 sed
902 442 1105 497 nemini
1145 440 1377 514 amplius
1426 442 1704 513 imponere
1758 459 1904 496 nunc
1961 441 2048 496 de-

69 532 211 587 hent.

140 619 218 675 Ne
252 620 374 691 quis
426 618 581 673 libris
626 619 790 673 etiam
837 618 1057 690 optimis
1098 617 1327 671 nimium
1374 618 1580 672 tribuat
1633 616 2050 673 animadvertito

65 707 206 779 quod
254 708 424 762 exiis
477 705 701 761 affertur
755 707 809 759 in
863 710 893 777 §
936 709 986 758 5.
1039 707 1404 771 κατακείμενοι
1459 707 1513 761 δὲ
1564 709 1615 761 ἐν
1669 707 2048 772 σκίμποσιν

64 796 318 850 ἐδείπνουν
358 811 454 867 pro
492 796 543 848 ἕν
576 793 806 860 ςιβοὶσιν.
850 793 906 847 Si
943 793 1066 864 quis
1103 809 1321 855 eorum,
1359 795 1449 865 qui
1487 794 1552 848 ob
1594 794 1753 849 fidem
1788 794 2047 849 librorum

62 884 340 948 σκίμποσιν
362 883 656 955 probarunt
695 889 750 936 et
788 888 1138 952 receperunt,
1173 879 1337 935 huius
1377 882 1456 936 rei
1497 883 1924 953 experimentum
1962 899 2049 936 su-

62 987 208 1025 mere
268 970 555 1034 voluisset,
608 969 739 1041 quid
792 977 932 1024 esset
986 970 1038 1022 ἐν
1100 969 1346 1033 σκίμποδι
1404 971 1748 1024 κατακεῖσθαι
1813 987 1909 1043 pro
1957 971 2043 1025 ἐπὶ

61 1060 339 1125 σκίμποδος
386 1060 634 1121 καθῆσθαι
674 1059 813 1124 cito,
866 1056 1061 1122 credo,
1116 1055 1183 1111 ad
1239 1057 1515 1112 meliorem
1564 1064 1800 1112 mentem
1854 1058 2043 1113 rediis-

61 1153 158 1202 Sel.

137 1234 492 1290 Vehementer
530 1235 775 1306 suspicor
811 1233 1047 1306 aliquam
1099 1233 1365 1288 fallaciam
1408 1232 1561 1288 nohis
1606 1233 1866 1288 struxisse
1914 1236 2046 1289 scio·

57 1322 136 1379 los
186 1324 240 1377 in
283 1329 312 1396 §
350 1328 403 1378 5.
440 1323 589 1383 τέλος
637 1323 687 1377 δὲ
724 1323 748 1376 ὅ
787 1322 951 1390 ἕτερος
990 1324 1078 1377 τὸν
1124 1321 1290 1391 ἕτερον
1337 1322 1520 1384 παίει,
1563 1324 1627 1383 ὡς
1670 1324 1829 1376 ποῖσιν
1881 1323 2040 1379 ἐδόκει

62 1412 417 1486 [πεπληγέναι
456 1413 543 1467 τὸν
596 1411 779 1484 ἄνδρα]
807 1453 822 1472 ,
878 1412 903 1464 ὃ
953 1411 999 1465 δ’
1042 1410 1197 1465 ἔπεσε
1244 1415 1495 1480 τεχνικῶς
1550 1431 1674 1471 πως.
1755 1409 1900 1464 Libri
1956 1429 2043 1466 va-

58 1502 230 1555 riant:
272 1501 362 1555 atii
403 1499 735 1564 πεπληγέναι
774 1499 860 1553 τὸν
906 1498 1105 1567 ἄνδρα,
1153 1499 1245 1553 alii
1286 1499 1622 1567 πεπληχέναι
1664 1500 1749 1553 τὸν
1789 1498 2042 1567 ἄνθρωπον

55 1588 327 1644 exhibent.
404 1588 706 1659 Utrumque
744 1588 1155 1659 suppositicium
1213 1604 1329 1642 esse
1367 1587 1636 1642 arbitror:
1695 1586 1786 1641 ubi
1839 1604 1899 1642 ea
1954 1580 2075 1643 ex?

52 1677 308 1749 punxeris
344 1676 561 1731 demum
602 1676 773 1729 oratio
811 1676 1013 1746 optime
1050 1675 1318 1747 procedet.
1401 1674 1458 1729 Si
1504 1675 1647 1728 enim
1704 1676 2035 1740 πεπληγέναι

54 1762 399 1819 retinendum
457 1770 596 1819 esset
641 1761 739 1820 ὤςε
792 1767 922 1817 πᾶσι
962 1764 1123 1819 δοκεῖν
1175 1763 1366 1818 suisset
1419 1761 1783 1818 scribendum.
1865 1764 2044 1820 Caete-

55 1869 177 1906 rum
217 1869 319 1906 non
353 1851 469 1906 heri
501 1858 597 1905 aut
636 1850 836 1906 nudius
875 1852 1069 1906 tertius
1107 1851 1460 1923 interpolatus
1501 1850 1650 1906 locus
1690 1859 1808 1917 est,
1850 1858 1911 1907 ut
1947 1869 2044 1925 pa-

53 1940 190 1995 tebit
230 1940 535 2012 inspicienti
577 1938 910 1994 Athenaeum
962 1957 1014 2011 p.
1055 1945 1120 1994 15
1164 1940 1221 1993 B.

126 2028 187 2083 In
244 2032 272 2099 §
319 2032 372 2082 8.
430 2027 568 2082 male
622 2027 1021 2099 obtemperatur
1087 2027 1241 2081 libris
1294 2028 1609 2082 melioribus
1662 2035 1869 2082 resecto
1919 2027 2041 2092 ὅδε,

53 2115 195 2189 quod
250 2117 614 2172 necessarium
667 2123 747 2169 est
791 2117 843 2169 in
887 2115 1091 2171 verbis:
1146 2116 1258 2170 ὅδὲ
1307 2117 1489 2183 τρόπος
1541 2123 1635 2179 τῆς
1689 2118 1946 2184 ὀρχήσεως
1985 2116 2042 2180 ἦν

52 2201 212 2279 (ὅδε)·
253 2205 277 2258 ὅ
325 2206 420 2270 μέν
459 2206 567 2259 κτὲ.
649 2203 931 2258 Caeterum
978 2204 1149 2258 multo
1187 2203 1435 2259 meliores
1486 2203 1743 2260 lectiones
1792 2206 2040 2278 equidem

31 2308 114 2354 ,ex
154 2292 428 2348 Athenaeo
469 2292 764 2363 reciperem
821 2290 1014 2348 hasce:
1066 2293 1119 2346 in
1170 2296 1285 2365 §8.
1341 2293 1363 2346 ὂ
1423 2293 1466 2347 δ’
1519 2293 1730 2348 ἐπειδὰν
1769 2296 2039 2362 προΐδηται

51 2380 317 2457 [ἀπαντᾷ]
362 2380 607 2448 ἁρπάσας
647 2380 718 2434 τὰ
758 2378 902 2435 ὅπλα
949 2381 1082 2454 [καὶ]
1129 2380 1374 2448 μάχεται
1409 2383 1503 2450 πρὸ
1543 2388 1631 2437 τοῦ
1666 2382 1880 2451 ζεύγους
1929 2383 2038 2456 [καὶ

29 2467 181 2525 οὗτοι
233 2472 389 2524 ταῦτ’
443 2467 663 2535 ἐποίουν]
717 2470 767 2522 ἐν
808 2472 972 2538 ῥυθμῷ
1014 2470 1134 2535 πρὸς
1174 2470 1260 2523 τὸν
1302 2470 1495 2531 αὐλόν,
1547 2477 1598 2524 et
1659 2472 1710 2524 in
1770 2476 1799 2542 §
1841 2476 1925 2526 10.
1982 2474 2040 2528 τὸ

46 2560 292 2626 Περσικὸν
345 2560 557 2626 ὠρχεῖτο
610 2558 697 2611 καὶ
755 2557 936 2625 κρούων
993 2558 1092 2618 τοὶς
1133 2558 1338 2618 πέλτας
1379 2558 1580 2627 ὤκλαζε
1617 2559 1705 2614 καὶ
1766 2558 2040 2623 ἕξανίςατο

30 2662 148 2722 :pro
186 2649 399 2715 ὠρχεῖτο
439 2646 620 2712 κρούων
660 2646 761 2706 τοὶς
815 2645 1016 2707 πέλτας
1059 2647 1145 2700 καὶ
1200 2647 1419 2715 ὤκλαζε.
1501 2646 1647 2714 Quod
1686 2647 1826 2718 apud
1881 2647 2040 2704 Athe-

32 2749 242 2792 ‘meum
303 2741 385 2788 est
437 2739 620 2801 κροτῶν
674 2741 859 2787 natum
916 2740 1100 2788 estex
1158 2751 1339 2789 errore
1382 2734 1695 2806 pervulgato
1733 2744 2040 2792 ΚΡΟΤΩΝ

42 2837 144 2897 pro
189 2829 509 2878 ΚΡΟΥΩΝ.
590 2822 793 2875 Passim
846 2822 987 2875 enim
1042 2822 1094 2875 in
1153 2821 1307 2876 libris
1355 2823 1582 2877 vetustis
1630 2832 1673 2877 T
1728 2830 1780 2877 et
1825 2832 1872 2878 T
1915 2842 2038 2880 con-

41 2909 427 2968 fundebantur.
510 2909 644 2964 Hinc
684 2909 823 2981 apud
880 2909 1208 2983 Hesychium
1251 2910 1451 2981 legitur
1486 2916 1676 2967 Ἀλτεῖ
1710 2929 1805 2984 pro
1845 2914 2034 2978 οὶλύει,

0 3007 3 3018 ’
45 3003 239 3069 Ὑριεῖ,
275 3000 526 3068 φοβεῖται
581 3015 674 3069 pro
711 3006 848 3065 τρεῖ,
903 2998 1093 3065 Ὀτρέα
1133 3015 1227 3069 pro
1273 2998 1459 3066 οὖρέα,
1501 3006 1554 3054 et
1594 2999 1797 3072 duplici
1846 3002 2035 3057 mendo

0 3096 2 3108 '
37 3089 394 3155 P'Aruoevae,
434 3086 752 3154 καθάρματα
795 3103 887 3157 pro
925 3086 1148 3151 λύματα
1186 3103 1248 3141 ex
1285 3086 1566 3142 Homerico
1605 3105 1793 3144 versu:

270 3179 312 3231 ol
351 3178 395 3231 δ’
435 3176 849 3241 ἀπελυμαίνοντο
890 3176 975 3229 καὶ
1021 3175 1090 3235 εἰς
1120 3172 1231 3229 ἅλα
1273 3176 1525 3242 λύματ’
1562 3175 1807 3243 ἔβαλλον.

121 3263 211 3320 Sic
248 3272 450 3321 ATHN
500 3278 596 3336 pro
646 3270 843 3318 ΔΤΗΝ
888 3262 1038 3336 (ἄτην
1092 3281 1188 3336 pro
1245 3263 1386 3337 δύην)
1445 3266 1708 3336 scriptum
1762 3274 1843 3320 est
1889 3266 2030 3337 apud

0 3351 251 3408 *Aeliam
310 3352 372 3406 H.
421 3353 599 3407 Anim.
647 3351 783 3405 xvl.
827 3354 915 3406 24.
975 3359 1028 3407 et
1083 3352 1282 3408 similia
1341 3353 1512 3407 multa
1572 3352 1695 3407 alibi
1759 3354 2032 3423 reperiun-

0 3486 1 3490 ,
44 3446 154 3494 tur.
233 3438 292 3494 ln
339 3444 489 3512 511.
532 3439 660 3494 ferri
703 3456 807 3494 non
848 3446 1023 3512 potest
1063 3441 1382 3502 ἐπιόντες
1423 3443 1465 3495 οἱ
1507 3442 2031 3500 Μαντινεῖς-ἀνα-

0 3548 3 3583 ;
42 3526 231 3588 <dunc
271 3558 341 3567 —
383 3525 512 3588 ἦσαν
547 3528 598 3581 ἓν
637 3529 831 3596 ῥυθμῷ,
874 3527 1002 3600 quid
1042 3528 1257 3583 tandem
1282 3571 1296 3593 ,
1350 3546 1582 3601 quaeso,
1637 3536 1718 3582 est
1757 3529 2027 3589 ἐπιόντεςῖ

0 3615 2 3643 2
45 3612 103 3669 ln
146 3613 266 3668 aliis
304 3622 383 3668 est
439 3615 733 3678 ἐμπίνοντες
792 3616 937 3671 ηιιΙΙο
984 3633 1179 3672 sensu:
1241 3634 1305 3671 ne
1348 3618 1619 3681 ἐμπιόντες
1662 3615 1878 3686 quidem
1924 3616 2029 3688 pla·

1622 3710 1662 3740 ³5
