2436 4068
988 232 1092 283 159

0 348 3 375 ›
53 394 221 444 λημαι
269 385 371 432 etc.
424 375 516 430 sed
563 375 832 442 ἀπεδόμην
879 375 1078 448 ubique
1130 374 1236 447 legi
1280 382 1333 430 et
1382 375 1627 444 πέπρακα
1667 383 1720 431 et
1761 379 2032 447 πέπραμαι

55 475 160 523 etc.
191 466 550 530 Ἀποδώσομαι
587 463 775 519 crebro
807 462 1031 534 legitur,
1071 463 1396 519 creberrime
1427 463 1734 529 ἀποδόσθαι,
1771 483 2038 522 nonnum-

58 571 219 626 quam
248 554 586 618 ἀποδίδομαι,
622 552 715 607 sed
749 568 1016 623 nusquam
1050 551 1288 606 locorum
1322 552 1638 619 ἀποδέδομαι
1674 553 1912 610 invenies
1945 572 2041 628 pro

55 642 300 710 πέπρακα
354 644 620 712 positum,
678 656 850 711 neque
908 656 1003 710 pro
1063 640 1354 707 πέπραμαι.
1447 640 1724 713 Nusquam
1783 644 2036 707 ἀπεδόθην

50 730 320 802 significat
355 728 606 796 ε’πράθην,
653 738 826 799 neque
863 728 1252 793 ἀποδυθήσομαι
1300 730 1519 799 ponitur
1567 746 1663 801 pro
1702 731 2038 799 πεπράσομαι

29 815 443 894 ’(πραθήσομαι).
521 817 582 871 In
624 816 935 887 compositis
974 814 1224 869 omnihus
1265 815 1405 870 idem
1446 817 1698 889 loquendi
1741 821 1871 874 usus
1909 834 2040 876 con-

23 905 380 969 ‚-stantiSsime
419 910 667 959 servatur
701 909 754 957 et
791 903 1116 970 ἐκπέπραται
1157 920 1207 956 ν.
1232 920 1279 958 c.
1317 911 1369 957 et
1405 905 1645 972 διεπράθη
1687 906 1753 960 ad
1789 908 2040 965 ἕκπωλεῖν

4 992 385 1067 ¹'greferendum
417 999 471 1047 et
497 994 801 1057 διαπωλεῖν,
835 989 979 1044 haud
1008 1006 1163 1045 secus
1183 998 1343 1063 atque
1364 990 1660 1059 ἐξεπρίατο,
1698 996 2036 1063 ὑποπρίασθαι

0 1081 171 1138 *sim
204 1081 271 1135 ad
307 1081 628 1145 ἐξωνεῖσθαι,
681 1080 1010 1143 ὑπωνεῖσθαι,
1057 1085 1160 1133 etc.
1210 1086 1338 1134 sunt
1385 1079 1679 1135 reserenda.
1760 1083 1819 1136 In
1874 1087 2041 1139 nomi-

90 1168 208 1224 ihus
256 1168 512 1223 derivatis
555 1185 690 1223 usus
727 1168 1028 1222 Atticorum
1081 1168 1159 1222 sic
1209 1175 1292 1223 est
1338 1169 1697 1233 constitutuS,
1756 1178 1812 1224 ut
1852 1176 2039 1239 πρᾶσις

83 1257 260 1312 icalur
295 1258 409 1330 (ὦνη
450 1257 537 1312 καὶ
583 1259 770 1325 πρᾶσις
811 1263 893 1311 est
932 1255 1084 1309 emlio
1122 1256 1399 1330 venditio),
1440 1263 1494 1310 et
1528 1255 1793 1324 ἀπρατος,
1834 1263 2037 1327 παλίμ-

87 1366 269 1415 paroc,
308 1345 640 1412 δημιόπρατα
674 1353 795 1409 etc„
823 1343 915 1399 sed
954 1344 1197 1406 πωληταί
1230 1343 1295 1399 de
1334 1345 1738 1416 Magistratihus
1777 1353 1831 1400 et
1865 1362 2037 1411 πωλη-

13 1434 47 1511 .⁸
97 1435 224 1502 ’ριον.
305 1434 507 1488 Privati
543 1440 797 1501 πρατῆρες
828 1431 1175 1494 dicebantur,
1218 1436 1491 1501 πρατήριον
1522 1433 1762 1488 Atticum
1798 1451 1902 1490 non
1932 1445 2035 1494 est.

120 1521 368 1576 Ceterum
398 1530 590 1576 πωλεῖν
618 1528 672 1575 et
710 1521 1035 1575 ἀποδίδοσθαι
1078 1536 1183 1573 non
1217 1520 1440 1592 perinde
1477 1521 1745 1576 habentur
1787 1530 1882 1578 aut
1920 1543 2035 1598 pos-

115 1616 175 1664 nt
208 1609 407 1681 uquue
441 1611 582 1664 inter
614 1626 671 1664 se
710 1608 1037 1680 permutari,
1075 1614 1268 1663 πωλεῖν
1302 1625 1458 1681 saepe
1487 1617 1568 1665 est
1601 1611 1782 1665 venale
1821 1613 2039 1682 habere,

136 1715 354 1769 ponere,
400 1698 695 1763 venditare,
750 1697 912 1750 etiam
954 1697 999 1750 si
1048 1713 1205 1751 nemo
1254 1698 1413 1752 emit:
1466 1699 1793 1755 ἀποδίδοσθαι
1835 1701 2037 1758 dicitur

30 1779 140 1858 :fini
192 1794 449 1841 emtorem
504 1793 696 1840 nactus
753 1801 919 1856 quum
972 1785 1220 1839 convenit
1273 1786 1507 1857 pretium
1564 1802 1797 1853 mercem
1854 1791 2037 1846 tradit.

45 1871 234 1945 ltaque
268 1875 291 1927 ὅ
324 1874 806 1941 μὲνάποδιδόμενος
840 1872 1049 1935 πάντως
1083 1874 1170 1927 καὶ
1207 1882 1398 1938 πωλεῖ,
1442 1875 1464 1928 ὂ
1505 1875 1557 1928 δὲ
1597 1882 1776 1930 πωλῶν
1814 1881 1869 1933 οὐ
1904 1880 2038 1935 πάν-

44 1982 144 2023 τως
183 1964 271 2016 καὶ
307 1963 624 2018 ἀποδίδοται.
703 1961 840 2016 Hinc
880 1960 938 2015 fit
983 1967 1045 2014 ut
1078 1968 1269 2016 πωλεῖν
1313 1962 1400 2017 καὶ
1441 1964 1767 2021 ἀποδίδοσθαι
1814 1969 2034 2023 coniun-

0 2077 3 2118 t
45 2058 274 2121 gantur,
316 2059 374 2103 nt
414 2049 556 2122 apud
597 2049 834 2122 Xenoph.
877 2050 931 2103 in
976 2048 1256 2123 Symposio
1288 2050 1429 2105 VIII.
1469 2054 1559 2106 21.
1593 2053 1648 2107 τί
1688 2058 1894 2119 μᾶλλον
1927 2058 2038 2124 ςέρω

0 2142 12 2214 i·
40 2135 121 2203 ξει
163 2141 251 2194 τὸν
298 2139 573 2206 πριάμενον
619 2140 650 2202 ἣ
690 2140 713 2192 ὅ
761 2140 811 2191 ἐν
852 2141 1021 2208 ἀγορᾷ
1069 2142 1251 2192 πωλῶν
1288 2139 1375 2192 καὶ
1432 2140 1820 2208 ἀποδιδόμενος,
1873 2151 1928 2199 et
1979 2145 2037 2198 in

7 2216 329 2310 ‚Jeuemoralh
364 2227 430 2283 Π.
473 2244 520 2281 v,
565 2233 615 2282 ὕ.
656 2226 779 2281 ὅταν
817 2247 895 2287 τις
930 2226 1126 2288 οἰκέτην
1166 2228 1371 2293 πονηρὸν
1408 2237 1557 2298 πωλῇ
1598 2231 1686 2285 καὶ
1721 2233 2035 2290 ἀποδιδῶται

77 2318 134 2369 οὖ
171 2315 425 2381 εὑρόντος,
469 2315 672 2388 qvando
704 2315 821 2387 quis
861 2332 1067 2368 servum
1087 2332 1311 2387 nequam
1340 2316 1567 2371 venditat
1599 2327 1646 2373 el
1679 2319 1891 2393 (nactus
1923 2340 2030 2379 em·

101 2403 235 2476 rem)
275 2403 455 2475 quovis
485 2404 654 2475 prelio
691 2403 884 2458 abiicit.

117 2490 474 2547 Vehementer
513 2492 646 2546 mibi
694 2499 1004 2564 suspectum
1055 2496 1138 2545 est
1187 2491 1328 2563 apud
1380 2492 1710 2567 Hesychium
1759 2499 2030 2570 Ἀποδοθῇε

178 2588 241 2650 ᾖ,
287 2580 415 2651 quia
450 2597 663 2644 omnes,
704 2597 838 2652 quos
871 2578 1120 2651 equidem
1161 2581 1428 2643 noverIm‚
1477 2585 1642 2654 πραθῇ
1684 2584 1863 2642 dicere
1902 2588 2032 2644 sole-

76 2663 81 2667 '
150 2674 268 2724 t-et
307 2685 479 2735 nemo,
505 2685 760 2741 umquam
812 2669 1064 2737 ἀποδοθῇ,
1109 2668 1413 2732 ἀποδοθῆναι
1456 2670 1559 2726 alio
1607 2687 1768 2728 sensu
1815 2677 2035 2749 scripsit

251 2763 313 2814 ut
351 2756 696 2830 responderet
736 2757 932 2811 aoristo
971 2758 1275 2820 ἀποδοῦναι,
1332 2774 1436 2812 non
1474 2761 1774 2817 ἀποδόσθαι.
1851 2765 2031 2821 Caete-

201 2862 362 2919 quam
405 2853 701 2901 monstrose
742 2843 1077 2919 Hesychiana
1115 2843 1256 2908 λέξις
1287 2845 1574 2918 depravata
1608 2851 1679 2904 sit
1719 2853 1772 2905 in
1804 2852 1904 2909 hoc
1939 2872 2030 2910 no-

161 2949 248 2991 mo
317 2936 725 3006 certissimoque
781 2932 939 2988 verbo
992 2934 1268 2988 aestimari
1334 2941 1522 3005 potest.
1621 2938 1791 2994 Habet
1849 2944 2029 3001 enim:

148 3022 314 3079 έδετοε
363 3025 649 3079 ἐκδέδωκεν.
718 3022 986 3076 ’Λπὲδοτο;
1027 3023 1438 3086 ἀπεπωλήσατο.
1511 3025 1785 3084 Ἀπὲδοτο;
1826 3031 2029 3088 ἐκδέδω-

129 3150 144 3166 .
166 3111 435 3167 ·Ἀπέδου;
466 3111 700 3178 παρέδου.
747 3109 1117 3176 ’Λποδομένουε
1154 3113 1507 3175 πωλήσαντος.
1558 3114 1861 3174 Ἀπόδοντο;
1889 3123 2029 3176 ἀπώ-

188 3239 203 3253 .
269 3199 605 3254 ’Λποδόσθαιε
640 3198 918 3267 πιπράσαι.
985 3198 1232 3254 Ἀποδοῦτ
1272 3201 1544 3255 ἀπόδυσον.
1609 3205 1856 3261 ’Λποδοῦε
1901 3210 2027 3263 ἀπο·

127 3305 229 3343 ναι.
308 3289 683 3343 Ἀποδώσεταιε
736 3292 916 3342 πωλεῖ.
995 3286 1335 3343 Portentosos
1387 3306 1597 3346 errores
1658 3293 1835 3359 videS,
1896 3314 2029 3367 quos

123 3376 412 3448 nsquisque
450 3376 755 3447 abstergere
793 3382 999 3448 posset,
1041 3375 1083 3429 si
1124 3382 1263 3431 esset
1303 3394 1493 3450 operae
1533 3380 1783 3451 pretium.

114 3461 263 3525 Addo
300 3463 534 3519 Platonis
571 3466 623 3519 in
662 3464 880 3520 Politico
920 3463 1096 3520 locum
1133 3481 1180 3536 p.
1209 3467 1331 3520 160.
1365 3466 1424 3521 D.
1467 3468 1558 3539 qui
1592 3469 1895 3530 πωληθέντα
1931 3487 2028 3543 pro

44 3613 50 3621 ι
82 3551 298 3617 ριθέντα
338 3550 472 3607 dixit
507 3554 890 3609 concinnitatis
920 3553 1123 3624 gratia:
1166 3555 1466 3616 πωληθέντα
1501 3576 1597 3610 που
1627 3557 1860 3623 πρότερον
1895 3557 2025 3625 ἔργα

14 3629 290 3706 Ἰ,ἣλλόίἰειοι
332 3642 741 3711 παραδεχόμενοι
783 3643 1008 3711 δεύτερον
1051 3646 1275 3698 πωλοῦσι
1315 3643 1471 3716 (quac
1510 3642 1693 3699 Pollux
1723 3643 1875 3701 affert
1913 3647 2023 3704 Vll.
