2436 4068
1370 243 1472 294 484

422 386 576 443 LXV.
635 404 683 458 p.
724 389 826 439 601
873 386 938 438 Μ.
1002 383 1091 436 ubi
1139 384 1425 456 Emperius
1470 384 1635 439 edidit
1686 383 1749 439 de
1802 384 2035 456 Pflugkii
2090 387 2398 442 coniectura

423 475 499 533 ἔςι
540 475 590 529 δὲ
632 473 852 527 ἄτοπον
912 473 1069 532 αὐτὸς
1122 474 1216 538 μὲν
1270 471 1452 532 ἕκαςος
1506 474 1559 525 οὐ
1615 471 1827 526 δυ’ναται
1869 473 2040 542 φέρειν
2093 474 2246 535 ε’νιόυς
2297 481 2397 529 τῶν

422 562 773 628 εὐτυχούντων
815 592 886 599 -—
925 561 1015 621 την
1057 561 1108 613 δὲ
1148 561 1317 628 τύχην
1368 562 1471 615 θεὸν
1524 558 1678 614 οὖσαν
1717 559 1856 622 οέξιοῖ
1899 568 2004 621 τοῖς
2059 564 2233 622 αὐτοῖς
2286 564 2397 617 τού-

421 670 523 710 τοις
563 649 715 715 συζῆν
767 645 891 715 ἄχρι
947 647 1159 709 παντός.
1241 648 1383 702 Libri
1425 647 1674 703 exhibent
1714 647 1904 703 ἄτοπον
1945 649 1992 702 εἴ
2029 670 2106 709 τις
2145 651 2241 715 μὲν
2281 647 2398 703 ἕκα-

420 757 502 797 ςος
552 738 607 790 οὐ
660 736 874 790 δύναται
916 736 1116 803 φέρειν,
1174 735 1260 789 ubi
1298 745 1421 790 ΤΙΣ
1463 753 1528 790 ex
1566 744 1685 789 ΕΙΣ
1726 742 1910 790 natum
1953 743 2070 799 est,
2129 754 2251 790 nam
2301 738 2399 791 Dio

422 825 745 896 scripserat:
787 822 862 879 ἕςι
899 822 950 876 δὲ
991 821 1182 878 ἄτοπον
1235 826 1278 878 εἰ
1332 822 1428 885 εἷς
1481 825 1576 889 μὲν
1617 821 1798 885 ἕκαςος
1839 827 1892 878 οὐ
1933 825 2147 879 δύναται
2204 825 2394 893 φέρειν.

421 912 612 966 Contra
666 913 718 964 in
771 910 1054 964 Aeschinis
1111 912 1428 966 Timarchea
1485 915 1512 982 §
1555 915 1678 965 164.
1736 912 1857 979 οὶνηρ
1906 908 2001 972 εἷς
2040 915 2139 966 τῶν
2176 917 2400 966 πολιτῶν

422 1000 500 1074 (τὸ
554 1000 597 1053 δ’
649 997 806 1064 ὄνομα
861 1001 914 1052 οὐ
965 997 1117 1072 λέξω)
1160 1032 1231 1040 -—
1271 1000 1490 1065 λέγεται
1543 1001 1686 1053 κατα
1734 1001 1982 1062 συνθήκας
2038 1000 2399 1066 ἡταιρηκέναι,

418 1086 799 1143 Graeculorum
855 1093 933 1140 est
973 1082 1045 1147 εἷς
1087 1105 1183 1158 pro
1221 1109 1299 1149 τις
1341 1087 1519 1142 dicere
1572 1087 1711 1160 (vide
1752 1086 2050 1140 Iacobsium
2087 1087 2152 1140 ad
2193 1087 2395 1140 Aelian.

418 1176 484 1231 de
524 1176 640 1230 Nat.
699 1174 875 1229 Anim.
934 1191 982 1244 p.
1026 1178 1158 1238 174,
1201 1175 1292 1247 2),
1350 1182 1402 1228 et
1456 1173 1668 1229 Oratori
1707 1173 2070 1229 reddendum:
2113 1176 2235 1242 ἀνήρ
2292 1195 2395 1234 τις

417 1270 514 1319 τῶν
567 1267 804 1318 πολιτῶν.
885 1261 1064 1316 Redde
1124 1263 1295 1317 obiter
1354 1262 1582 1317 Diodoro
1644 1261 1823 1316 Siculo
1865 1263 1929 1315 Χ.
1972 1278 2057 1316 XV.
2100 1267 2150 1316 5.
2209 1260 2281 1324 εἷς
2331 1263 2396 1328 γέ

415 1374 493 1414 τις
535 1369 632 1424 pro
670 1347 742 1410 εἷς
782 1370 846 1414 γε
890 1350 942 1402 in
983 1350 1160 1404 verbis
1196 1352 1283 1405 καὶ
1339 1351 1442 1418 γαρ
1497 1350 1562 1404 ἂν
1597 1352 1670 1415 μη
1725 1347 1957 1414 πᾶντες,
2016 1345 2107 1410 εἷς
2165 1350 2242 1414 γέ
2293 1371 2396 1410 τις

414 1446 511 1495 τῶν
551 1437 607 1494 εὖ
647 1438 963 1492 πεπονθότων
1005 1469 1076 1478 -—
1115 1439 1350 1493 (ἐπέδωκε
1387 1438 1559 1506 χάριν.
1641 1437 1795 1508 Apud
1850 1436 2078 1491 eunden]
2122 1437 2260 1491 VIII.
2305 1441 2392 1493 20.

412 1528 637 1597 φᾶσκειν
677 1525 819 1579 κατὰ
860 1527 952 1588 την
985 1526 1279 1591 οὲποδημίαν
1319 1529 1341 1550 ’“
1376 1528 1524 1581 πόλιν
1564 1527 1828 1595 ἐλευθέραν
1867 1525 2134 1593 ἑωρακέναι
2172 1526 2263 1587 την
2295 1528 2395 1580 τῶν

413 1615 718 1678 Μιλησίων,
762 1611 895 1666 nihil
936 1621 1016 1667 est
1072 1612 1282 1668 facilius
1321 1631 1483 1685 quam
1525 1614 1771 1669 lacunam
1825 1615 2036 1686 explere
2084 1614 2191 1667 sic:
2251 1615 2394 1668 κατα

414 1706 506 1768 την
544 1702 840 1764 ἀποδημίαν
897 1700 1066 1774 (μίαν)
1117 1701 1266 1755 πόλιν
1315 1702 1595 1769 ἐλευθέραν.
1677 1703 1880 1757 Passim
1932 1703 2024 1773 qui
2075 1708 2283 1756 veteres
2335 1702 2395 1756 li-

413 1793 537 1846 bros
576 1789 880 1844 uncialibus
921 1789 1117 1844 litteris
1156 1798 1401 1844 exaratos
1459 1789 1831 1845 describebant
1886 1790 2071 1844 literas
2124 1789 2205 1843 bis
2246 1807 2392 1862 repe-

411 1881 539 1933 titas
578 1876 722 1932 aliud
765 1883 983 1947 agentes
1013 1877 1368 1942 omittebant,
1411 1886 1470 1932 ut
1506 1879 1557 1931 in
1594 1885 2247 1933 ΑΠΟΔΗΜΙΑΝΜΙΛΝ.
2329 1879 2391 1932 In

415 1972 623 2022 vetusto
664 1965 880 2018 oraculo
920 1965 1061 2036 apud
1102 1965 1252 2020 Diod.
1297 1965 1400 2020 Sic.
1440 1966 1576 2020 VIlI.
1621 1970 1708 2021 25.

715 2052 944 2114 ἐλθόντες
986 2055 1207 2116 Σικελὴν
1257 2057 1274 2077 “
1316 2053 1480 2120 χθόνα
1521 2054 1715 2110 ναίετον
1755 2053 1920 2124 ἄμφω
1945 2097 1958 2118 ,

415 2152 474 2197 lu
509 2141 724 2212 supple:
766 2140 996 2202 ἐλθόντες
1032 2143 1252 2203 Σικελὴν
1295 2141 1499 2215 (καλὴν)
1540 2143 1721 2210 χθόνα.
1792 2142 2052 2196 Similiter
2085 2140 2226 2213 apud
2261 2157 2389 2195 eun-

410 2230 532 2285 dem
572 2229 687 2283 XII.
737 2234 820 2283 17.
873 2230 958 2284 τὸν
1011 2231 1106 2294 μὲν
1160 2229 1481 2298 οέντεκκόψαι
1533 2232 1618 2284 τὸν
1674 2230 1938 2297 δράσαντα
1993 2230 2211 2285 ἔλαττον
2267 2229 2389 2282 ὑπέ-

410 2319 588 2385 λαβε,
639 2323 751 2370 tres
806 2316 1077 2372 litterulae
1129 2318 1407 2388 perierunt
1456 2333 1519 2371 ex
1578 2319 1664 2372 τὸν
1721 2319 1814 2383 μὲν
1869 2326 2017 2372 ΕΝΑ
2068 2317 2388 2385 ἀντεκκόψαι
2430 2326 2436 2339 ’“

408 2404 802 2477 legendumque
841 2405 927 2459 τὸν
963 2405 1057 2470 μὲν
1091 2403 1196 2458 ἕνα
1235 2405 1589 2474 ἀντεκκόψαι,
1630 2412 1683 2460 et
1721 2421 1915 2476 magna
1950 2406 2147 2477 passim
2192 2412 2272 2459 est
2311 2412 2387 2459 ta-

410 2494 544 2548 lium
585 2493 753 2564 copia.
831 2492 946 2546 Non
1002 2500 1155 2546 teneo
1196 2509 1281 2546 me
1321 2494 1453 2563 quin
1495 2493 1579 2547 his
1622 2509 1788 2547 unum
1835 2493 2085 2547 adiiciam
2133 2494 2187 2546 in
2228 2493 2387 2547 Pseu·
2430 2485 2436 2546 ἶ·

412 2579 781 2636 do-Plularclii
824 2579 998 2634 libello
1038 2580 1102 2633 de
1134 2581 1241 2633 vita
1277 2588 1325 2634 et
1357 2582 1503 2651 poesi
1541 2580 1757 2636 Homeri
1804 2599 1853 2652 p.
1895 2586 2069 2644 1080,
2114 2581 2205 2635 ubi
2253 2581 2388 2634 Atti·
2422 2643 2424 2646 ¹

412 2685 598 2725 corum
638 2669 914 2739 proprium
967 2685 1084 2723 esse
1123 2668 1314 2723 scribit
1353 2670 1410 2723 τὸ
1450 2676 1556 2730 τοῖς
1609 2671 1840 2733 θηλυκοῖς
1878 2671 2123 2738 οέρσενικα
2161 2668 2317 2737 ἄρθρα
2359 2669 2426 2732 ἢ,

412 2759 652 2824 μετοχὰς
694 2757 722 2820 ἣ
762 2757 976 2812 ἐπίθετα
1017 2756 1353 2821 συντοὶσσειν,
1394 2760 1458 2818 ὡς
1515 2758 1598 2812 τὼ
1648 2765 1873 2826 χεῖρε,
1927 2760 2007 2812 τὼ
2056 2759 2429 2822 γυναῖκες’-ι

412 2845 498 2899 καὶ
543 2845 686 2911 παρα
726 2844 968 2899 Πλάτωνι
1010 2847 1094 2908 δὲ,
1149 2845 1384 2911 ἄγοντε
1434 2845 1540 2899 καὶ
1585 2846 1860 2914 φέροντε.
1941 2845 2000 2898 ln
2052 2846 2272 2916 antiquo
2327 2843 2417 2898 li·

412 2933 506 2987 bro
546 2931 723 2986 fuerat
758 2934 1016 3004 scriptum
1053 2941 1867 2988 ΠΛΑΤΩΝΙΙΔΕΑΑΓΟΝΤΕ
1905 2933 1956 2986 id
1999 2940 2079 2987 est
2117 2933 2202 2986 καὶ
2246 2933 2425 3008 παρα

414 3020 747 3075 Πλᾶτωνι·
789 3022 926 3075 ἰδέα
965 3019 1216 3086 ἄγοντε
1257 3021 1343 3075 καὶ
1385 3021 1625 3091 φέροντες
1666 3021 1886 3092 respicit
1911 3021 2250 3074 notissimum
2275 3016 2425 3098 Pla-3³2⁸.

413 3107 551 3162 tonis
588 3106 766 3160 locum
809 3109 862 3161 in
905 3109 1144 3163 Phaedro
1184 3128 1234 3180 p.
1270 3113 1375 3163 257
1418 3110 1476 3163 D.
2399 3107 2415 3183 3

488 3194 548 3248 In
594 3193 728 3247 libro
757 3194 845 3248 VI.
888 3214 954 3249 vl.
999 3202 1049 3251 3.
1102 3198 1350 3250 vitiosum
1387 3203 1466 3251 est
1504 3202 1733 3261 κατῆγον
1770 3198 1825 3250 in
1862 3194 2038 3250 verbis
2075 3194 2161 3248 καὶ
2204 3197 2246 3248 οἱ
2287 3187 2416 3270 ποι-ξ.

412 3281 721 3352 ραπλέοντες
760 3279 972 3348 ἄσμενοι
1013 3290 1242 3349 κατῆγον
1285 3291 1337 3337 et
1372 3284 1751 3355 corrigendum
1802 3290 1880 3337 est
1914 3283 2220 3347 κατήγοντο.
2282 3274 2411 3350 Koa-i¹

392 3371 671 3436 τοὶγεσθαι
717 3370 859 3423 enim
896 3370 1152 3424 dicuntur
1203 3371 1296 3441 qui
1337 3371 1610 3441 appellunt
1657 3378 1711 3425 et
1751 3376 1965 3443 portum
2006 3370 2275 3433 subeunt,
2316 3368 2414 3428 si-‘t

412 3459 522 3513 cuti
564 3457 850 3522 ἀνοίγεσθαι
892 3458 984 3529 qui
1025 3458 1237 3511 solvunt
1276 3475 1338 3512 ex
1373 3465 1531 3529 portu
1564 3466 1617 3513 et
1650 3459 1816 3512 altum
1853 3464 2059 3529 petunt.
2140 3456 2383 3522 Ἀναγειν

413 3547 612 3600 dicitur
651 3545 697 3598 is
737 3546 828 3616 qui
863 3561 1024 3599 naves
1064 3562 1128 3600 ex
1174 3553 1331 3617 portu
1385 3545 1594 3610 educit,
1646 3546 1900 3611 κατάγειν
1941 3547 2031 3617 qui
2074 3546 2127 3598 in
2168 3551 2378 3616 portum
2434 3589 2436 3595 ⁴

413 3635 663 3697 deducit,
719 3640 771 3689 et
823 3634 1166 3690 tritissimum
1207 3640 1287 3690 est
1326 3634 1581 3699 κατάγειν
1635 3634 1697 3689 de
1743 3652 1835 3699 ec,
1893 3635 1982 3707 qui
2039 3650 2197 3687 naves
2235 3647 2380 3703 prae-
2434 3666 2436 3694 2
