2436 4068
1020 225 1127 276 479

85 370 322 433 ἐγίγνετο
363 369 432 423 τα
489 368 635 435 ἱεροὶ,
685 375 739 423 el.
794 367 944 439 516.
1003 369 1247 434 θυομένων
1288 369 1338 422 δὲ
1393 368 1555 422 πάλιν
1605 370 1676 430 εἷς
1730 369 1836 436 τρὶς
1877 369 1961 423 ἐπὶ
2004 379 2068 438 τῇ

83 457 297 525 ἀφόδῳ,
337 463 392 511 et
426 455 548 510 aliis
583 456 729 511 locis,
791 456 1068 521 Ἐπεξόδια
1105 457 1323 511 omnino
1358 455 1621 511 Graecum
1663 473 1770 510 uon
1811 464 1925 511 est:
1970 458 2070 512 εἰσ-

82 546 250 611 ιτήρια
291 551 345 599 et
400 544 627 611 ἐξιτῆρια
673 552 726 599 et
765 550 1041 612 κατιτήρια
1079 555 1133 600 et
1190 546 1510 613 διαβατήρια
1564 545 1616 598 in
1677 544 1769 598 tali
1827 562 1886 599 re
1926 539 2074 599 dice-

81 631 210 686 bant
246 649 343 704 pro
382 633 466 685 ἐπ’
504 631 715 700 εἰσόδῳ,
756 633 838 685 ἐπ’
875 632 1055 702 ἐξόδῳ,
1107 635 1191 687 ἐπὶ
1227 633 1418 701 καθόδῳ
1441 676 1456 696 ,
1514 632 1599 686 ἐπὶ
1640 630 1885 699 διαβάσει
1908 674 1923 697 ,
1964 649 2070 686 non

81 720 341 774 ἐπεισόδια
378 726 472 773 ant
499 718 770 783 ἕπεξόδια,
809 727 904 774 aut
939 721 1237 775 ἕπικαθόδια
1275 725 1370 775 aut
1402 720 1697 792 quidquam
1740 719 2068 775 huiusmodi.

80 807 294 863 Leviter
332 814 622 879 corruptus
663 807 964 879 Hesychius
1003 815 1085 862 est
1124 824 1172 861 v.
1252 809 1716 875 Κατικτηρίαε
1777 811 1805 872 ἦ
1853 809 1936 863 ἐπὶ
1978 829 2069 863 κα-

79 896 199 964 θόδῳ
240 896 418 959 θυσία,
476 911 602 949 vera
652 894 808 950 lectio
861 903 971 950 est:
1014 896 1319 964 Κατιτήρια.
1402 897 1633 950 Inimani
1693 914 1876 952 errore
1930 896 2073 970 apud

78 982 309 1039 eundem
345 982 639 1037 scribitur:

455 1070 817 1126 Κάππεσεε
858 1070 1167 1126 κατέπεσεν.

458 1167 549 1215 Κα
565 1180 606 1214 π
620 1180 649 1221 n
665 1180 699 1214 τ
713 1161 742 1223 ἦ
757 1180 782 1227 ρ
797 1180 812 1214 ι
825 1180 862 1214 α
884 1179 895 1214 :
937 1159 1330 1226 καταβατήρια.

80 1248 188 1302 imo
227 1263 351 1302 vero
383 1249 674 1316 κατιτήρια.
734 1255 810 1302 TI
846 1248 900 1301 in
941 1255 990 1302 Π
1029 1246 1382 1319 depravatum
1433 1244 1553 1301 suit.
1634 1245 1867 1303 Foedius
1906 1248 2069 1302 etiarn

78 1334 237 1408 paulo
271 1342 430 1390 ante:

455 1423 760 1479 Κάππειε
800 1425 1074 1487 κατῆλθεν.

457 1512 861 1568 Καππεδίονε
904 1512 1047 1567 κατὰ
1083 1511 1142 1566 τὸ
1183 1512 1370 1567 πεδίον.
2078 1582 2079 1585 ¹

151 1599 352 1672 Nempe
389 1607 720 1664 KATHIEI,
761 1602 974 1670 κατῄει,
1029 1599 1220 1655 stolide
1269 1599 1325 1654 in
1378 1607 1646 1655 ΚΑΠΠΕΙ
1698 1606 2066 1655 mutaverunt.

77 1687 346 1761 Agnosces
380 1687 658 1761 stupidum
695 1705 867 1760 genus
906 1696 959 1743 et
999 1688 1139 1760 apud
1177 1687 1447 1743 Photium.

458 1778 833 1844 Καντῆριαε
874 1777 1267 1845 καταβατήρια.

457 1868 742 1919 Κανοῦν;
782 1866 1056 1919 κανίσκιον.

76 1950 236 2006 viden
275 1952 551 2020 κατιτῆρια
608 1951 848 2007 confusis
886 1961 963 2007 TI
1005 1959 1057 2008 et
1096 1961 1147 2007 N
1189 1953 1243 2006 in
1284 1958 1653 2006 KANTHPIA
1689 1949 1921 2006 abiisse?
1963 1950 2070 2006 Ali-

73 2046 160 2095 ter
203 2039 257 2093 in
297 2039 462 2094 simili
502 2040 758 2095 vocabulo
797 2047 1079 2114 peccatum
1122 2040 1264 2113 apud
1305 2039 1635 2114 Hesychium
1678 2056 1727 2094 ν.
1778 2041 2070 2105 Εἰσηγη·

74 2129 306 2195 τήριαε
359 2126 483 2183 ὅταν
526 2127 759 2197 ἄρχηται
811 2130 1080 2196 βουλεύειν
1118 2130 1147 2194 ἢ
1191 2128 1340 2184 θύειν.
1420 2126 1841 2199 corrigendum:
1894 2130 2071 2183 Εἷσι·

73 2217 273 2284 τῆρια
310 2215 436 2271 ὅταν
475 2215 713 2285 ἄρχηταί
746 2238 825 2279 τις
865 2218 1133 2283 βουλεύειν
1173 2216 1309 2280 θύει,
1351 2233 1416 2272 ex
1454 2215 1813 2271 Demosthene
1852 2233 1901 2288 p.
1927 2221 2070 2282 400,

77 2306 167 2362 24.
210 2307 240 2369 ἦ
274 2306 443 2372 βουλὴ
480 2305 554 2360 τα
593 2305 823 2374 ἕσιτήρια
864 2305 1052 2360 ἔθυσεν.
1134 2304 1298 2360 Plura
1331 2304 1480 2359 dabit
1521 2305 1738 2359 Pierson
1780 2303 1846 2359 ad
1883 2305 2069 2362 Moeri-

74 2390 195 2448 dem
234 2410 287 2466 p.
324 2396 465 2459 222,
518 2394 613 2466 qui
651 2395 939 2462 Κατιτήρια
980 2393 1248 2468 Hesychio
1289 2400 1343 2448 et
1382 2392 1571 2449 Photio
1627 2394 1912 2465 occupavit
1950 2393 2070 2449 red-

73 2478 201 2538 dere
236 2481 447 2553 aliaque
486 2482 719 2554 optimae
756 2489 913 2538 notae
965 2482 1182 2538 aliunde
1229 2481 1462 2554 collegit.
1542 2481 1670 2536 Levi
1717 2497 1900 2536 errore
1939 2480 2070 2536 labi-

73 2573 168 2624 tur
209 2570 428 2626 Pierson
470 2570 524 2623 in
567 2569 819 2645 Polyaeni
859 2571 974 2626 loco
1011 2571 1051 2626 1.
1086 2576 1172 2626 10.
1230 2570 1563 2638 Ἡρακλεῖδαι
1598 2568 1733 2624 ἔθυον
1773 2578 1838 2639 τῇ
1872 2571 2066 2641 Ἀθηνᾷ

75 2661 174 2711 τῶν
211 2658 377 2725 ὀρείων
417 2659 776 2727 ὑπερβατήρια
800 2702 813 2721 ,
858 2676 1025 2732 quum
1070 2661 1207 2727 ὁρίων
1247 2657 1630 2730 corrigendum
1672 2673 1788 2712 esse
1829 2664 2063 2730 putaret.

76 2746 382 2813 Διαβαίνειν
435 2747 509 2802 τα
546 2745 655 2815 ὅρια
695 2746 946 2804 dicebant
979 2755 1032 2803 et
1065 2749 1137 2803 τὰ
1175 2748 1226 2801 ἑν
1266 2754 1372 2807 τοῖς
1412 2746 1555 2814 ὁρίοις
1606 2745 1719 2814 ἱεριέ
1754 2751 2068 2802 constanter

73 2831 390 2902 διαβατήρια
451 2835 822 2907 appellantur,
877 2835 970 2892 sed
1026 2836 1354 2903 ὑπερβαίνειν
1407 2834 1480 2889 τα
1532 2833 1653 2902 ὄρη,
1713 2834 2064 2906 quamobrem

71 2925 171 2977 τῶν
222 2924 366 2989 ὀρέων
409 2924 768 2992 ὑπερβατήρια
819 2941 1010 2981 censeo
1056 2941 1175 2979 esse
1219 2921 1634 2978 emendandum.
1724 2922 1913 2995 ltaque
1963 2940 2064 2996 pro

0 3054 1 3060 ,
72 3005 156 3063 δι’
189 3007 340 3079 ἐξόδῳ
379 3013 580 3084 optime
619 3011 846 3081 ἐξιτήρια
886 3011 993 3067 dici
1032 3018 1232 3085 potest,
1273 3010 1514 3076 ἐπεξόδια
1546 3028 1650 3065 non
1687 3016 1879 3083 potest.
1960 3012 2061 3068 He-

0 3104 1 3107 ’
72 3095 326 3170 tychius:
379 3099 734 3169 Ἐξιτηρίατ
775 3101 941 3169 ἡμέρα
980 3101 1032 3155 ἐν
1073 3099 1104 3170 ᾖ
1136 3100 1235 3162 τὰς
1281 3101 1458 3168 ἀρχὰς
1501 3101 1804 3155 ἀπετίθεντο
1848 3101 2059 3164 Ἀθήνη·

0 3168 1 3204 l

0 3273 2 3314 l

0 3214 1 3246 ³
73 3202 169 3239 σιν.
247 3184 460 3259 Optime
500 3189 703 3245 Alberti
741 3188 875 3243 vidit
926 3188 1190 3257 Ἐξιτήρια
1229 3205 1413 3244 veram
1454 3187 1682 3243 sormam
1731 3205 1883 3253 esse,
1926 3186 2058 3242 salli-

77 3276 273 3345 tnrque
311 3274 740 3341 Grammatico-5,
781 3277 875 3349 qui
910 3277 1048 3332 diem
1089 3278 1166 3332 sic
1195 3276 1451 3350 appellari
1499 3283 1678 3349 putat:
1722 3283 1802 3331 est
1841 3275 1986 3331 enim
2028 3278 2058 3339 ἦ

75 3357 159 3413 ‘'²”
199 3359 348 3430 Ῑξόἶφ
386 3371 479 3427 τῆς
512 3367 682 3437 ἀρχῆς
723 3367 901 3431 θυσία,
941 3372 996 3421 et
1034 3365 1261 3433 ἐξιτῆρια
1294 3366 1426 3421 θύειν
1461 3382 1522 3421 eo
1558 3382 1721 3420 sensu
1758 3362 2057 3419 dicebatur.

74 3445 230 3519 Apud
270 3448 671 3524 Xenophontem
715 3471 818 3565 n'on
860 3461 942 3511 est
981 3453 1199 3510 difficile
1247 3455 1483 3527 reperire
1537 3452 1677 3509 unde
1717 3452 1912 3506 vitium
1963 3466 2055 3507 na-

74 3575 189 3625 tum
227 3570 323 3625 sit:
367 3589 554 3648 nempe
594 3578 747 3643 ἐπεξό
781 3580 834 3634 in
868 3577 1028 3635 Codd.
1063 3578 1224 3635 scribi
1266 3578 1432 3643 solet,
1477 3574 1889 3651 (praepositione
1929 3590 2056 3634 cum
