2436 4068
1011 234 1114 285 495

62 403 170 445 σει,
211 397 347 452 quae
390 381 442 433 in
485 378 780 432 orationem
826 376 1147 431 indirectam
1188 376 1254 430 ab
1293 377 1470 431 Attico
1508 378 1770 448 scriptore
1804 376 1879 430 sic
1918 393 2044 429 con-

64 475 352 524 vertuntur
405 474 465 520 ut
520 483 693 538 neque
732 466 890 520 αὐτόν
941 464 1207 528 addatur,
1265 482 1437 537 neque
1490 465 1736 533 ἔφασαν,
1791 463 1930 535 quod
1985 466 2041 518 in

62 557 291 611 ἐκέλευον
332 555 437 608 iam
481 555 635 608 inest.
715 553 1026 607 Mendosum
1083 559 1164 606 est
1203 553 1258 606 in
1300 554 1496 607 vicinia
1551 556 1580 624 §
1617 556 1703 606 16.
1762 554 1885 606 ἐτῶν
1926 552 2040 615 ἤδη

58 648 120 706 ὥς
161 644 510 698 ὀκτωκαίδεκα
549 643 641 704 ὤν,
683 641 836 712 quasi
880 640 1010 694 haec
1052 640 1193 694 inter
1226 640 1650 696 adolescentulos
1685 647 2004 711 gererentur
2027 682 2043 704 ,

60 748 288 805 qnorum
327 746 470 784 unus
508 731 615 783 iam
649 728 917 782 decimum
943 733 1188 781 octavum
1222 729 1415 782 aetatis
1437 745 1637 783 annum
1660 735 1862 800 ageret.
1904 728 2044 782 Vera

60 821 329 891 scriptura
386 816 687 888 indaganda
729 817 833 870 erit
873 832 936 869 ex
977 816 1179 886 optimo
1231 815 1421 870 Codice
1469 816 1728 870 Vaticano
1769 817 1830 871 H.
1873 816 2045 883 μακέ·

62 929 166 968 ςιος
202 909 261 961 ἐκ
300 912 398 960 τῶν
436 905 527 968 ἤδη
568 907 631 965 ὡς
672 905 1023 958 ὀκτωκκίδεκα
1061 903 1337 968 σημαίνει,
1379 905 1431 956 in
1476 903 1672 975 quibus
1712 904 1840 976 quid
1882 904 2046 959 lateat

64 1013 167 1052 non
207 994 509 1067 perspicio,
549 992 649 1047 hoc
689 1009 858 1046 unum
899 990 1049 1044 video
1090 991 1164 1044 nil
1206 991 1381 1046 facere
1421 991 1487 1045 ad
1525 1009 1666 1054 rem,
1709 999 1838 1062 quot
1879 1008 2048 1046 annos

63 1092 178 1139 tum
220 1082 435 1137 Silanus
473 1087 631 1134 natus
671 1078 852 1134 suerit.
934 1079 1070 1132 Tum
1111 1078 1314 1133 ὄπισθεν
1355 1079 1907 1147 περιβαλόμενοι
1945 1079 2046 1139 τὰς

11 1158 18 1214 s
64 1172 267 1231 πέλταις
308 1167 540 1223 rescribe
578 1185 674 1239 pro
715 1168 1166 1235 περιβαλλόμενοι.

140 1256 422 1314 Manifesta
458 1256 730 1328 imprimis
762 1264 844 1311 est
884 1257 1139 1327 antiquae
1178 1254 1425 1309 lectionis
1458 1255 1800 1326 interpolatio
1842 1255 1954 1309 vn.
2000 1272 2049 1309 ν.

65 1352 117 1403 2.
155 1346 437 1412 ἐξαγαγὼν
477 1345 638 1413 ζεύγη
681 1346 995 1410 ἡμιονικὰ
1034 1345 1189 1413 τρία,
1231 1359 1422 1415 nempe
1461 1343 1540 1397 sic
1577 1345 1852 1415 sequiores
1891 1343 2050 1398 Grae-

65 1435 175 1491 culi
211 1433 604 1506 loquebantur,
659 1450 762 1487 non
807 1433 1063 1494 VetereS,
1121 1433 1211 1503 qui
1256 1448 1469 1486 summa
1522 1434 1820 1487 constantia
1858 1432 2054 1499 ὀρικὰ

67 1524 229 1592 ζεύγη
270 1538 365 1594 pro
411 1521 648 1586 ἦμιονικοέ
688 1520 956 1576 dicebant.
1040 1520 1332 1575 Verissime
1374 1520 1564 1574 Moeris
1619 1538 1666 1592 p.
1705 1525 1831 1575 275.
1894 1526 2056 1588 Ὀρι-

69 1614 181 1668 κὸν
218 1612 460 1679 ζεῦγος
502 1611 773 1671 Ἀττικῶς.
836 1610 1162 1675 ἧμιονικόν
1202 1611 1534 1672 Ἑλληνικῶς.

143 1700 418 1755 Eximium
475 1713 635 1751 usum
677 1698 731 1751 in
783 1714 841 1752 re
880 1698 1079 1752 Critica
1129 1696 1289 1752 habet
1327 1705 1380 1752 et
1417 1696 1667 1751 Moeridis
1717 1698 2055 1762 Ἀττικιςής,

70 1787 235 1862 (quod
275 1788 400 1841 libri
440 1802 631 1840 nomen
672 1792 784 1850 est,
841 1803 943 1839 non
996 1784 1287 1859 scriptoris)
1329 1793 1382 1840 et
1431 1786 1630 1840 caeteri
1670 1784 1835 1839 libelli
1874 1784 1926 1839 id
1967 1802 2057 1857 ge-

70 1892 207 1941 nuS,
263 1876 309 1929 si
350 1875 473 1946 quis
526 1874 595 1928 iis
636 1873 880 1927 sollerter
934 1880 1122 1928 utatur
1174 1874 1239 1927 ad
1292 1872 1800 1946 deprehendendum
1861 1880 1915 1928 et
1967 1872 2058 1927 de·

70 1961 519 2024 monstrandum,
573 1960 837 2033 quomodo
877 1964 1078 2033 passim
1132 1963 1354 2017 vitiosae
1403 1963 1706 2033 scripturae
1754 1968 1911 2016 natae
1951 1962 2063 2016 sint

69 2060 124 2109 et
164 2054 218 2105 in
262 2050 517 2105 Veterum
562 2056 912 2104 monumenta
953 2050 1212 2105 invectae.
1293 2050 1581 2105 Moeridem
1626 2051 1804 2121 ipsum
1844 2051 2061 2104 minimi

71 2139 210 2196 facio
251 2155 423 2210 neque
479 2137 700 2192 doctum
740 2154 911 2209 neque
967 2146 1188 2192 acutum
1230 2137 1540 2204 hominem,
1580 2139 1674 2210 qui
1714 2137 1951 2210 plurima
1990 2137 2060 2192 le-

72 2228 293 2285 vissima
346 2233 400 2281 et
439 2224 751 2280 futilissima
801 2227 1065 2291 corrasit,
1119 2225 1288 2280 multa
1344 2225 1475 2280 salsa
1532 2225 1792 2291 tradidit,
1847 2226 2063 2298 saepius

0 2350 1 2390 1
75 2318 129 2372 in
186 2332 398 2372 errores
457 2331 513 2369 se
573 2313 892 2386 implicanS,
953 2331 1183 2386 quorum
1244 2314 1490 2368 nonnulli
1549 2315 1853 2387 turpissimi
1914 2320 2060 2369 sunt.

11 2416 42 2426 ’·
73 2405 355 2461 Praeterea
397 2404 451 2456 in
494 2401 878 2457 minutioribus
909 2410 962 2457 et
1003 2402 1371 2474 singularibus
1405 2402 1627 2458 haerere
1661 2403 1851 2457 solitus
1891 2418 2061 2474 quum

77 2500 246 2549 totum
300 2490 512 2547 dicendi
566 2507 738 2562 genus
782 2498 836 2545 et
888 2490 995 2546 late
1036 2498 1308 2563 patentem
1350 2490 1651 2563 analogiam
1692 2498 1895 2546 certam
1937 2507 2062 2563 ape-

74 2582 184 2638 rire
223 2579 532 2643 debuisset,
572 2595 741 2633 unum
786 2579 1089 2652 exemplum
1125 2581 1272 2652 ponit
1299 2622 1314 2644 ,
1354 2581 1510 2652 quasi
1550 2580 1603 2633 in
1629 2578 1728 2634 hoc
1763 2596 1870 2634 uno
1909 2594 2062 2634 voca·

39 2667 199 2727 .l›ulo
251 2669 474 2723 Atticae·
508 2666 723 2721 dialecti
766 2669 1065 2739 proprietas
1119 2675 1450 2723 cerneretur.
1531 2668 1668 2722 Hinc
1720 2666 1925 2722 sactum
1982 2672 2065 2721 est

76 2764 139 2814 ut
171 2757 372 2829 passim
414 2754 653 2810 eiusdem
694 2756 769 2810 rei
812 2754 1112 2811 observatio
1152 2755 1380 2811 diversis
1414 2756 1545 2811 locis
1582 2755 1709 2811 alibi
1750 2755 1854 2810 alio
1887 2771 2063 2811 exem-

75 2843 162 2919 plo
201 2844 468 2900 inutiliter
507 2850 876 2899 annotaretur.
958 2844 1242 2899 Praeterea
1290 2842 1550 2899 librorum
1604 2845 1876 2917 corruptis
1931 2842 2063 2899 scri-

76 2934 255 3007 pturis
313 2948 718 3003 nonnumquam
779 2930 1069 2987 iocularem
1123 2933 1182 2987 in
1238 2931 1455 2988 modum
1511 2932 1766 3006 deceptus
1818 2939 1942 2996 est,
2000 2938 2064 2987 ut

75 3019 410 3077 acutioribus
463 3018 653 3075 debeat
704 3019 895 3074 risum.
974 3020 1119 3076 Nova
1158 3021 1207 3076 ei
1247 3022 1378 3076 vitia
1418 3020 1625 3077 librarii
1670 3021 2063 3084 affricuerunt,

77 3124 215 3182 quae
266 3109 430 3164 nimis
469 3123 625 3180 saepe
664 3108 952 3163 Piersonus
994 3109 1197 3164 intacta
1238 3108 1458 3182 reliquit
1496 3117 1592 3165 aut
1637 3110 1790 3165 libris
1829 3108 2060 3164 nimium

80 3195 325 3252 tribuens
364 3203 459 3251 aut
497 3194 562 3250 ad
603 3196 829 3251 eximias
866 3204 920 3251 et
956 3213 1149 3253 aureas
1186 3214 1312 3253 suas
1346 3197 1836 3253 animadversiones
1876 3212 2064 3269 expro-

83 3282 305 3340 mendas
357 3300 663 3357 properanS.
746 3283 1085 3342 Confirmabo
1138 3289 1376 3361 primum
1430 3286 1561 3342 baec
1614 3286 1779 3342 veluti
1834 3285 2065 3340 crimina

85 3373 270 3445 paucis
316 3371 637 3444 quibusdam
678 3375 1017 3444 argumentis
1057 3382 1110 3430 et
1150 3375 1439 3449 exempliS,
1495 3374 1686 3431 deinde
1726 3372 1855 3446 quid
1896 3373 1968 3426 sit
2011 3371 2066 3426 in

90 3457 318 3514 Moeride
358 3459 607 3532 praesidii
664 3459 727 3515 ad
773 3462 1064 3534 scriptores
1104 3465 1314 3520 Atticos
1354 3463 1715 3519 emendandos
1756 3468 1810 3516 ct
1850 3461 2068 3515 vitiosas

91 3544 344 3601 Codicum
385 3554 690 3603 nostrorum
727 3548 981 3607 lectiones
1020 3553 1325 3624 arguendas
1365 3553 1622 3625 aperiam.

184 3635 321 3689 Ante
375 3636 553 3691 omnia
607 3635 851 3693 indicabo
908 3641 1206 3712 scripturas
1263 3642 1518 3703 vitiosas,
1576 3638 1769 3710 quibus
1825 3635 2072 3693 Moeridis
