2436 4068
1037 252 1133 304 191

82 404 314 468 γνὼτων,
353 414 515 471 quam
558 395 691 454 mihi
727 395 898 454 Codex
942 394 1502 454 Palatino-Vaticanus
1545 392 1755 454 obtulit.
1791 395 2066 458 ’Άγνωςος

83 488 214 544 bene
252 487 450 543 Graece
487 483 759 556 significat
808 500 970 547 eum,
1026 482 1118 554 qui
1155 481 1382 554 intelliyi
1420 499 1520 539 non
1559 488 1759 552 potest,
1813 481 2067 552 quemad-

82 573 298 632 modum
353 575 397 629 οἱ
451 575 744 640 Εὗρυτοῖνες
800 571 855 624 in
912 569 1118 625 Aetolia
1183 569 1443 627 dicuntur
1497 567 1801 641 Thucydidi
1837 569 1931 624 111.
1978 573 2067 624 94.

79 660 433 728 ἆγνωςότατοι
491 662 584 723 τὴν
639 665 907 725 γλῶσσαν.
962 657 1179 728 ignotus
1235 656 1394 712 homo
1434 662 1529 713 aut
1582 654 1845 715 obscurus
1897 657 2068 722 οέγνώς

79 749 304 812 dicitur,
347 756 406 804 ut
447 750 502 806 in
541 747 823 805 notissima
875 744 1152 815 Euripidis
1193 745 1460 800 sententia
1503 744 1557 801 iu
1599 742 1771 820 Iphig.
1814 744 1934 802 Aul.
1980 748 2067 801 18.

535 836 671 903 ζηλῶ
710 834 755 887 δ’
795 833 980 900 ἀνδρῶν
1021 828 1073 892 ὃς
1114 833 1372 889 ἀκίνδυνον

532 922 646 987 βίον
687 919 957 987 ε’ξεπέραο·’
994 920 1164 983 ἀγνὼς
1207 921 1421 982 ἀκλεής.

78 1008 267 1065 habeat
309 1009 478 1078 igitur
516 1008 620 1068 sibi
672 1008 915 1078 ineptum
967 1007 1242 1064 senarium
1290 1006 1558 1067 Μενέλαος
1610 1007 1701 1064 οὐκ
1742 1005 1974 1072 &imm
2018 1010 2069 1062 ἐν

78 1097 223 1167 πόσῃ
259 1097 407 1164 χθονί
448 1095 647 1154 sciolus
697 1095 790 1166 qui
840 1094 967 1151 olim
1012 1093 1315 1166 adscripsit.
1397 1092 1601 1150 Eadem
1641 1110 1803 1165 opera
1842 1095 2070 1150 emenda

76 1182 449 1255 Aristophanis
506 1183 666 1241 verba
705 1183 762 1241 in
822 1182 988 1239 Ranis
1025 1185 1162 1238 924.
1218 1180 1411 1251 ῥήματ’
1471 1180 1536 1240 ἂν
1580 1181 1733 1246 βόεια
1784 1181 1955 1239 δώδεκ’
1998 1180 2069 1238 εἶ-

77 1292 174 1331 τεν
220 1270 230 1331 Ι
275 1269 494 1337 ἄγνωτα
550 1277 659 1332 τοῖς
709 1269 1007 1335 θεωμένοις,
1054 1268 1144 1324 ubi
1178 1267 1399 1334 ἄγνωτα
1440 1268 1769 1339 requiritur,
1812 1285 1985 1341 neque
2021 1277 2072 1327 tc

78 1358 327 1432 Aeschyli
364 1358 513 1415 locus
549 1360 604 1413 in
646 1359 1047 1429 Agamemnone
1096 1360 1241 1413 1050
1283 1355 1559 1415 deterrere
1598 1355 1789 1414 debet:

379 1449 506 1502 ἀλλ’
542 1446 683 1513 εἴπερ
725 1446 800 1504 ἐςὶ
838 1447 912 1511 μὴ
951 1444 1217 1513 χελιδόνος
1257 1445 1397 1506 δίκην

379 1536 598 1600 ἀγνῶτα
635 1534 808 1603 Φωνην
848 1532 1117 1599 βάρβαρον
1157 1531 1478 1597 κεκτημένη,

78 1593 186 1694 quo
223 1620 418 1679 melius
453 1623 623 1680 uteris
662 1621 729 1677 ad
767 1620 1165 1677 emendandum
1207 1637 1282 1675 vs,
1320 1623 1485 1677 1681.
1529 1620 1585 1674 in
1621 1619 1853 1677 Avibus,

382 1711 427 1765 εἶ
466 1731 541 1775 μη
579 1709 850 1777 βαδίζειν,
888 1707 1055 1776 ὥσπερ
1094 1710 1150 1766 αι’
1189 1707 1474 1777 χελιδόνες.

75 1797 218 1872 quod
256 1799 360 1854 erit
398 1796 649 1852 omnibus
694 1795 924 1861 ἄγνωςον
967 1795 1136 1854 donec
1189 1795 1586 1854 emendaveris:

379 1888 422 1942 εἱ
462 1887 536 1951 μὴ
575 1885 764 1953 βαΰζει
805 1886 893 1950 γ’,
931 1883 1099 1953 ὥσπερ
1142 1886 1197 1941 αἱ
1232 1882 1517 1952 χελιδόνες,

152 1972 542 2030 Difficillimum
593 1979 679 2031 est
732 1970 957 2029 definire
998 1973 1050 2029 in
1094 1972 1407 2044 sequiorum
1453 1970 1606 2027 libris
1660 1975 1846 2025 utrum
1896 1973 2066 2038 ἀγνώς

76 2069 130 2121 et
168 2060 402 2127 ἄγνωςος
442 2058 744 2117 scribarum
793 2075 863 2113 an
908 2060 1235 2131 scriptorum
1284 2059 1417 2117 vitio
1454 2057 1680 2116 confusa
1727 2058 1867 2122 sint,
1909 2066 1970 2114 ut
2011 2061 2069 2115 in

73 2148 352 2208 Plutarchi
390 2148 590 2206 Catone
646 2147 850 2203 maiore
882 2147 923 2204 Ι.
975 2153 1073 2203 τῶν
1114 2146 1370 2214 προγόνων
1423 2145 1769 2204 παντάπασιν
1820 2148 2068 2212 azymas-m

74 2236 348 2304 γεγονέναι
389 2236 699 2299 δοκούντων,
742 2239 838 2291 aut
890 2234 944 2292 in
985 2234 1240 2308 Dionysio
1289 2233 1457 2289 Halic.
1496 2233 1563 2290 X.
1613 2237 1700 2290 12.
1751 2235 1838 2289 ὑπ’
1891 2236 2067 2303 ἀνδρὸς

73 2326 308 2392 &vescon
355 2323 470 2397 (ubi
509 2323 711 2395 optime
749 2319 875 2377 Cod.
917 2321 1038 2379 Vat.
1076 2320 1332 2394 ἀγνῶτος)
1357 2363 1372 2385 ,
1413 2326 1468 2379 et
1510 2337 1667 2394 saepe
1709 2321 1857 2380 alibi.

152 2412 267 2468 Non
307 2410 471 2484 probo
509 2410 565 2464 in
611 2427 686 2467 vs.
725 2411 852 2467 592.

377 2500 580 2567 λείψεις
621 2498 728 2565 γὰρ
770 2499 947 2563 ἡμᾶς,
985 2496 1058 2552 τὰ
1098 2497 1150 2551 δὲ
1191 2495 1293 2550 κέν’
1333 2494 1536 2560 ἐξάξεις
1575 2496 1750 2566 λέχη;

78 2602 236 2643 usum
273 2585 421 2642 verbi
456 2585 702 2651 ἐξάγειν,
745 2584 838 2641 sed
880 2583 1165 2651 ἐξάγεσθαι
1210 2585 1462 2655 requiro,
1504 2584 1855 2656 quamobrem
1892 2583 2063 2650 ἐξάξει

76 2673 341 2739 scribam,
381 2681 442 2733 ut
465 2680 630 2733 recto
662 2673 865 2744 legitur
901 2689 984 2731 vs,
1021 2676 1151 2730 988.

1016 2760 1146 2816 ἀλλ’
1188 2760 1290 2825 ἐγώ
1330 2764 1427 2828 σφ’
1465 2759 1745 2828 ἀπάξομαι

379 2851 422 2904 εἶ
462 2851 536 2916 μὴ
577 2850 699 2916 πρὸς
740 2847 901 2909 οἴκους
936 2846 1176 2914 δυνάμεθ’
1215 2847 1365 2905 ἀλλὰ
1399 2848 1520 2916 πρὸς
1561 2848 1777 2917 νεκρούς.

154 2938 279 2996 Post
317 2953 487 3011 pauca
531 2953 609 2993 vs.
647 2939 775 2991 607.

378 3026 608 3092 βέβηκεν
650 3021 847 3091 ἄλοχος
886 3026 950 3087 σὴ
992 3024 1112 3091 πρὸς
1156 3021 1346 3090 αἰθέρος
1390 3021 1608 3091 πτυχοὶς

381 3113 570 3179 ἆρθεῒσ’
607 3108 880 3179 ἄφαντος,
922 3111 1108 3178 οὐρανῷ
1142 3110 1195 3167 δὲ
1233 3110 1520 3179 κρύπτεται

380 3204 609 3254 λιποῦσα
647 3199 877 3264 σεμνὸν
916 3197 1124 3267 ἄντρον,
1164 3194 1222 3255 οὗ
1257 3201 1355 3266 σφ’
1392 3197 1662 3266 ἐσώζομεν.

82 3284 370 3343 ridiculum
422 3286 555 3342 mihi
606 3302 818 3357 semper
869 3286 1045 3340 visum
1094 3292 1176 3340 est
1227 3284 1413 3351 σεμνόν
1467 3291 1520 3339 et
1582 3283 1766 3342 videor
1813 3284 1947 3340 mihi
1995 3287 2064 3340 si-

82 3373 195 3432 nn!
248 3375 509 3447 reperisse
555 3390 737 3431 veram
789 3372 1074 3430 lectionem
1130 3379 1183 3428 et
1232 3371 1686 3444 quemadmodum
1745 3372 1877 3430 salsa
1933 3371 2063 3428 oriri

81 3462 330 3533 potuerit.
410 3462 659 3534 Aperiam
699 3461 850 3533 prius
887 3477 1107 3517 causam
1143 3462 1344 3517 erroris
1377 3461 1510 3518 satis
1548 3459 1843 3532 frequentis
1883 3460 1935 3514 in
1970 3459 2064 3515 Co·

80 3545 318 3614 dicibu8‚
360 3548 552 3605 deinde
609 3548 838 3606 eundem
888 3547 975 3603 hic
1033 3549 1381 3606 commissum
1432 3565 1546 3605 csse
1599 3549 1827 3605 vincam.
1909 3545 2061 3619 Apud

80 3632 383 3710 Ephippum
427 3635 615 3693 Athon.
659 3636 794 3693 x1v.
839 3639 965 3692 642.
1011 3638 1069 3691 A.
