2436 4068
1035 181 1144 232 559

89 339 298 387 tantum
354 328 726 400 patronymica
773 325 1070 390 Laconica,
1111 324 1483 390 Corinthiam,
1542 325 1786 379 Boeotico
1844 326 1898 379 in
1957 327 2072 388 -δας

85 427 139 475 ct
179 418 393 478 -ώνδας,
446 416 590 487 quod
643 414 850 470 faciunt
900 431 1122 480 omnim,
1161 413 1271 468 -sed
1324 413 1429 468 alia
1485 429 1698 485 quoque
1752 413 1960 479 mulla,
2019 416 2075 469 in

88 523 192 579 quo
249 520 445 575 genere
503 503 787 557 nonnullas
858 501 1116 557 lectiones
1185 502 1404 556 vitiosas
1474 502 1738 557 indicabo.
1834 502 2076 558 Redden-

84 595 213 650 dum
272 594 321 648 ci
381 598 462 647 est
517 591 655 645 VIII.
708 594 802 644 62.
872 592 1205 657 Δερκυλίδα,
1278 598 1332 645 et
1385 589 1524 644 VIII.
1583 595 1633 645 ὅ.
1714 592 2078 655 Σθενελαΐδα,

86 689 141 738 et
179 681 319 735 VIII.
362 684 414 734 6.
469 680 857 747 Μελαγκρίδα,
918 685 971 731 et
1022 676 1232 732 duobus
1281 678 1412 732 loeis
1460 679 1522 731 V.
1566 682 1657 733 40.
1707 686 1760 732 et
1802 678 1941 732 VIII.
1986 683 2074 734 59.

84 769 383 839 Ἀρκεσίλα.
476 767 695 838 corrige
746 767 909 821 etiam
956 765 1045 819 IV.
1108 770 1231 820 119.
1288 765 1624 833 Ἐρυξιλοιΐδα
1690 783 1787 838 pro
1845 766 2077 821 absurdo

84 859 300 914 nomine
355 854 704 923 Ἐρνξιδαΐδα.
786 854 846 908 111
882 853 970 907 IV.
1015 857 1104 907 56.
1161 869 1259 925 pro
1308 854 1646 922 Ἀφροδισίαν
1679 848 1681 850 ’
1709 854 2077 926 recipiendum

84 954 167 1002 est
219 945 360 1019 quod
418 943 723 1016 Stephanus
782 943 1002 1015 Byzant.
1045 941 1102 994 in
1141 958 1188 995 v.
1245 942 1479 996 servavit
1533 941 1903 1009 Ἀφροδιτίοιν,
1943 943 2079 997 etl.

91 1039 214 1090 105.
254 1035 341 1088 τὸν
390 1033 563 1095 ἱκέτην
616 1036 707 1086 τοῦ
749 1031 870 1091 Διὸς
914 1034 1005 1084 τοῦ
1040 1030 1299 1095 Ἰθωμήτα
1333 1029 1546 1099 άφιέναι
1586 1029 1954 1101 recipIcndum
1997 1038 2081 1085 cst

84 1120 383 1189 Ἰθωμάτα,
424 1119 624 1174 indicio
666 1118 924 1191 Stephani
964 1119 1089 1192 Byz.
1132 1135 1181 1173 v.
1222 1117 1426 1183 Ἰθώμη.
1468 1123 1522 1172 et
1563 1116 1652 1171 IV.
1690 1121 1779 1171 45.
1834 1134 1930 1188 pro
1968 1126 2078 1174 Με-

85 1210 206 1274 θώνη
250 1226 444 1281 repone
482 1207 702 1263 Μεθάνα
744 1206 945 1261 indicio
985 1205 1266 1261 Strabonis
1309 1206 1450 1261 VIII.
1492 1223 1544 1278 p.
1583 1209 1710 1260 574.
1771 1205 1863 1259 ubi
1904 1205 2078 1277 legen·

85 1299 215 1354 dnm
252 1298 434 1366 χωρίον
474 1295 532 1361 ἦν
567 1297 775 1365 ἐρυμνὸν
816 1293 1053 1350 Μεθάνα.
1135 1294 1306 1363 Quam
1344 1295 1415 1348 sit
1457 1301 1612 1348 vetus
1654 1294 1847 1348 vitium
1889 1293 2082 1349 Strabo

85 1387 240 1442 docet
292 1386 386 1459 qui
442 1386 518 1439 ila
573 1386 782 1457 pergit:
836 1384 982 1451 παρα
1041 1384 1320 1453 Θουκυδίδῃ
1353 1382 1406 1437 δὲ
1446 1381 1496 1436 ἔν
1550 1402 1682 1436 τισιν
1733 1382 2081 1452 ἀντιγράφοις

84 1476 344 1537 Μεθώνη
402 1474 620 1543 Φέρεται
677 1473 956 1539 ὁμωνύμως
1005 1481 1071 1541 τῇ
1121 1472 1467 1540 Μακεδονικῇ.
1549 1469 1695 1524 Idem
1750 1487 1944 1525 nomen
1999 1478 2081 1525 est
2145 1530 2147 1532 ,

83 1565 294 1626 Μεθώνη
332 1570 386 1618 ct
405 1561 656 1626 Μεθάνα,
696 1560 789 1615 sed
811 1560 1005 1615 Dorica
1046 1560 1178 1615 haec
1217 1559 1388 1614 forma
1428 1566 1542 1623 est,
1586 1565 1646 1612 ut
1681 1562 1908 1626 πρῶτος,
1949 1559 2081 1614 ὀπά-

83 1672 146 1720 ρα
186 1668 284 1724 pro
335 1652 539 1718 ὀπώρα,
591 1649 764 1718 θεωρός
821 1665 918 1721 pro
964 1649 1154 1717 θεωρός.
1237 1647 1504 1703 Palmaria
1545 1654 1627 1702 est
1679 1655 1733 1702 et
1785 1648 1838 1702 in
1894 1649 2081 1720 paucis

88 1739 401 1795 felicissima
440 1738 743 1793 emendatio
782 1737 1011 1792 Dobraei
1051 1739 1107 1792 in
1161 1737 1363 1792 Hellen.
1408 1735 1497 1790 Vl.
1540 1753 1589 1789 v.
1634 1740 1682 1790 7.
1745 1736 1837 1790 ubi
1874 1737 1928 1790 in
1970 1754 2079 1792 om·

86 1828 246 1883 nibus
285 1827 438 1882 libris
473 1827 590 1881 sinc
633 1843 796 1881 sensu
834 1825 1064 1897 legitur:
1108 1827 1387 1891 ἡττώμενοι
1430 1826 1482 1878 ἐν
1523 1831 1630 1885 τοῖς
1674 1825 1900 1893 θεάτροις
1940 1826 2078 1892 νομί-

80 1936 268 1977 σαντες
309 1917 351 1970 εἰ
388 1914 612 1969 συνέλθοι
650 1915 673 1969 ὅ
712 1915 868 1981 δῆμος
908 1916 1043 1969 πολὺ
1082 1914 1146 1969 ἂν
1185 1920 1460 1981 κρατῆσαι.
1503 1940 1506 1943 ·
1542 1912 1771 1984 EgregIe
1812 1913 2075 1968 divinavit

87 2005 357 2061 nobi-aeus
406 2004 459 2057 ἐν
498 2010 604 2064 τοῖς
657 2003 924 2070 θεαροῖς.
1005 2002 1119 2058 Nisi
1171 2001 1298 2056 olim
1354 2010 1665 2056 ΘΕΑΡΟΙΣ
1723 2000 1952 2056 ridicule
2010 2001 2076 2055 ab

84 2092 298 2147 indocto
338 2091 515 2147 scriba
556 2091 610 2144 in
651 2090 875 2158 θεάτροις
933 2091 1285 2164 depravatum
1347 2088 1536 2144 suisset
1596 2106 1894 2160 numquam
1951 2107 2077 2144 vera

80 2180 238 2236 lectio
295 2180 636 2237 emersisset.
698 2195 836 2249 quae
891 2195 1036 2234 nune
1088 2194 1184 2250 per
1220 2177 1392 2232 multa
1449 2177 1662 2232 saecula
1724 2179 1778 2231 in
1840 2177 2075 2232 absurda

81 2268 307 2325 lectione
367 2267 639 2321 tutissime
690 2266 924 2322 delituit.
1016 2266 1216 2322 Eadem
1268 2266 1462 2321 Dorica
1512 2265 1684 2320 forma
1740 2266 1870 2320 latet
1930 2265 2074 2338 apud

82 2356 405 2414 Herodotum
449 2355 537 2409 VI.
581 2358 673 2410 85.
759 2357 1015 2418 Θεασίδης
1069 2356 1157 2411 ἐὼν
1197 2357 1247 2408 ἐν
1287 2363 1352 2423 τῃ
1403 2354 1624 2425 Σπάρτῃ
1661 2354 1866 2419 δόκιμος
1912 2356 2072 2422 άνηρε

83 2445 237 2502 nihili
291 2444 460 2499 forma
502 2451 583 2499 est
624 2445 880 2506 Θεασίδης
934 2451 991 2498 at
1031 2451 1090 2498 tu
1134 2444 1383 2511 Θεαρίδης
1438 2459 1651 2514 repone.
1732 2442 1934 2497 Nomen
1979 2442 2075 2496 Do·

7 2526 10 2532 ’
81 2534 257 2588 ricum
298 2533 550 2600 Θεαρίδας
586 2538 639 2586 et
673 2530 800 2586 alibi
841 2532 1080 2586 occurrit
1120 2539 1173 2586 et
1204 2531 1345 2603 apud
1387 2531 1644 2586 Clement.
1688 2531 1834 2586 Alex.
1873 2530 2070 2586 Strom.

80 2618 143 2675 V.
199 2637 248 2692 p.
299 2623 457 2690 611..
494 2619 582 2674 ubi
640 2628 1097 2675 commemoratur
1148 2621 1403 2687 Θεαρίδας
1453 2620 1503 2672 ἕν
1554 2622 1623 2687 τῷ
1680 2620 1791 2688 περὶ
1842 2621 2068 2689 φύσεως.

80 2707 215 2763 Hinc
253 2706 478 2763 emenda
500 2707 775 2763 Iamblich.
813 2708 878 2763 de
920 2709 1031 2763 vita
1069 2707 1293 2782 Pythag.
1338 2706 1377 2781 S
1405 2710 1542 2762 266:
1586 2706 1824 2775 ζηλωτὰς
1855 2709 1905 2763 δὲ
1941 2708 2071 2777 γρά-

79 2804 169 2866 Φει
208 2796 446 2862 γενέσθαι
487 2802 586 2850 τῶν
630 2798 983 2863 άνδρῶν--ἕν
1019 2797 1367 2864 Μεταποντίῳ
1402 2798 1651 2865 Θεωρίδην
1688 2797 1774 2851 καὶ
1816 2797 2070 2865 Εὔρυτον,

78 2885 287 2955 corrige
334 2886 608 2952 Θεαρίδαν.
700 2885 776 2940 De
820 2886 951 2939 vitio
1003 2885 1144 2957 apud
1203 2883 1611 2956 Xenophontem
1677 2885 1877 2940 Hellen.
1927 2887 1969 2940 I.
2016 2904 2069 2941 n.

14 3006 25 3014 -
87 2976 172 3027 18.
225 2974 295 3041 τῷ
330 2974 388 3027 ἐκ
427 2972 816 3039 Λακεδαίμονος
851 2975 1051 3042 άρμοςῇ
1084 2973 1319 3042 Λαβώτῃ
1369 2990 1463 3045 pro
1512 2974 1755 3043 Λαβώτα
1792 2972 1919 3027 alibi
1962 2975 2067 3028 iam

81 3059 335 3116 dixImuS.
416 3061 569 3134 Apud
610 3061 979 3135 Thucydidem
1026 3062 1091 3116 II.
1139 3065 1223 3115 1⁹2.
1270 3078 1365 3133 pro
1405 3064 1754 3126 Μελήσιππον
1790 3063 1875 3116 τὸν
1918 3070 2070 3117 Διοι-

8 3213 11 3217 λ
80 3150 301 3215 κρίτον
357 3151 581 3205 restitue
621 3152 917 3218 Λακρίτου,
959 3166 1095 3222 quae
1138 3149 1328 3205 Dorica
1375 3148 1545 3204 forma
1587 3158 1668 3204 est
1709 3167 1804 3222 pro
1848 3153 2067 3218 Λεωκρί-

77 3256 195 3299 του,
238 3245 296 3291 ul.
335 3239 608 3300 Λακύδης,
652 3239 960 3307 Λακράτης,
1001 3239 1138 3302 alia,
1186 3256 1280 3311 pro
1317 3239 1589 3301 Λεωκύδης
1632 3247 1685 3293 cl.
1725 3237 2066 3306 Λεωκράτης,

84 3332 141 3378 111
180 3326 446 3389 Λαβώτας
490 3343 584 3398 pro
624 3328 935 3393 Λεωβώτης.

156 3412 214 3466 111
258 3412 456 3467 Hellen.
492 3414 581 3469 III.
627 3433 672 3470 v.
725 3421 805 3470 16.
861 3414 1036 3470 scribe
1075 3415 1303 3483 χάριτας
1354 3417 1529 3476 αὐτοῖς
1579 3417 1852 3470 άποδοῦναι
1893 3413 2062 3481 μείζο-

8 3502 13 3506 ’
78 3520 170 3559 νας
213 3516 307 3571 pro
343 3500 542 3568 χάριτα
574 3506 785 3571 μείζονα
842 3503 1315 3576 (quemadmodum
1360 3511 1505 3558 recte
1546 3503 1810 3574 seriptum
1853 3508 1934 3556 est
1974 3501 2062 3555 lv,

80 3603 112 3640 1.
156 3591 242 3641 55.
297 3589 522 3655 χάριτας
578 3592 890 3664 ἀποδιδόναι)
942 3600 996 3647 et
1051 3592 1138 3645 IV.
1183 3610 1216 3646 1.
1269 3597 1356 3647 50.
1413 3592 1692 3652 κατεκλίνη
1756 3606 1850 3661 pro
1908 3610 2064 3644 κατε-

1684 3685 1728 3715 2ss
1760 3681 1777 3701 Ψ
