<?xml version="1.0" encoding="UTF-8"?>
<!DOCTYPE html PUBLIC "-//W3C//DTD XHTML 1.0 Transitional//EN"
    "http://www.w3.org/TR/xhtml1/DTD/xhtml1-transitional.dtd">
<html xmlns="http://www.w3.org/1999/xhtml" xml:lang="en" lang="en">
 <head>
  <title>
</title>
<meta http-equiv="Content-Type" content="text/html;charset=utf-8" />
  <meta name='ocr-system' content='tesseract 3.04.00' />
  <meta name='ocr-capabilities' content='ocr_page ocr_carea ocr_par ocr_line ocrx_word'/>
</head>
<body>
  <div class='ocr_page' id='page_1' title='image "./novaelectionesqu00cobeuoft/novaelectionesqu00cobeuoft_0696.png"; bbox 0 0 2436 4068; ppageno 0'>
   <div class='ocr_carea' id='block_1_1' title="bbox 1332 211 1438 260">
    <p class='ocr_par' dir='ltr' id='par_1_1' title="bbox 1332 211 1438 260">
     <span class='ocr_line' id='line_1_1' title="bbox 1332 211 1438 260; baseline 0 -1"><span class='ocrx_word' id='word_1_1' title='bbox 1332 211 1438 260; x_wconf 72' lang='lat'>662</span> 
     </span>
    </p>
   </div>
   <div class='ocr_carea' id='block_1_2' title="bbox 390 353 2436 3680">
    <p class='ocr_par' dir='ltr' id='par_1_2' title="bbox 402 353 2436 1921">
     <span class='ocr_line' id='line_1_2' title="bbox 417 353 2377 426; baseline 0 -15"><span class='ocrx_word' id='word_1_2' title='bbox 417 357 502 411; x_wconf 78' lang='grc' dir='ltr'>καὶ</span> <span class='ocrx_word' id='word_1_3' title='bbox 543 357 753 422; x_wconf 82' lang='grc' dir='ltr'><em>λέγουσι</em></span> <span class='ocrx_word' id='word_1_4' title='bbox 807 355 916 423; x_wconf 76' lang='grc' dir='ltr'><em>περὶ</em></span> <span class='ocrx_word' id='word_1_5' title='bbox 972 356 1131 407; x_wconf 77' lang='grc' dir='ltr'><em>αὐτοῦ</em></span> <span class='ocrx_word' id='word_1_6' title='bbox 1167 353 1550 420; x_wconf 69' lang='grc' dir='ltr'><em>τεκμαιρόμενοι</em></span> <span class='ocrx_word' id='word_1_7' title='bbox 1594 354 1702 407; x_wconf 82' lang='grc' dir='ltr'>κτὲ.</span> <span class='ocrx_word' id='word_1_8' title='bbox 1764 353 1854 408; x_wconf 89' lang='lat' dir='ltr'>ubi</span> <span class='ocrx_word' id='word_1_9' title='bbox 1894 371 2030 425; x_wconf 85' lang='lat' dir='ltr'>quae</span> <span class='ocrx_word' id='word_1_10' title='bbox 2078 364 2377 426; x_wconf 84' lang='lat' dir='ltr'>sequuntur</span> 
     </span>
     <span class='ocr_line' id='line_1_3' title="bbox 415 441 2378 515; baseline 0 -17"><span class='ocrx_word' id='word_1_11' title='bbox 415 452 652 515; x_wconf 88' lang='lat' dir='ltr'>arguunt</span> <span class='ocrx_word' id='word_1_12' title='bbox 692 460 862 515; x_wconf 84' lang='lat' dir='ltr'>neque</span> <span class='ocrx_word' id='word_1_13' title='bbox 921 441 984 496; x_wconf 86' lang='lat' dir='ltr'>de</span> <span class='ocrx_word' id='word_1_14' title='bbox 1038 441 1254 495; x_wconf 87' lang='lat' dir='ltr'>Platone</span> <span class='ocrx_word' id='word_1_15' title='bbox 1294 441 1422 495; x_wconf 91' lang='lat' dir='ltr'>haec</span> <span class='ocrx_word' id='word_1_16' title='bbox 1463 441 1568 495; x_wconf 88' lang='lat' dir='ltr'>dici</span> <span class='ocrx_word' id='word_1_17' title='bbox 1610 458 1783 512; x_wconf 87' lang='lat' dir='ltr'>neque</span> <span class='ocrx_word' id='word_1_18' title='bbox 1817 442 1880 496; x_wconf 89' lang='lat' dir='ltr'>de</span> <span class='ocrx_word' id='word_1_19' title='bbox 1921 442 2244 497; x_wconf 74' lang='lat' dir='ltr'>Antisthene</span> <span class='ocrx_word' id='word_1_20' title='bbox 2284 453 2378 498; x_wconf 88' lang='lat' dir='ltr'>aut</span> 
     </span>
     <span class='ocr_line' id='line_1_4' title="bbox 412 528 2380 594; baseline 0 -8"><span class='ocrx_word' id='word_1_21' title='bbox 412 532 676 586; x_wconf 84' lang='lat' dir='ltr'><strong>Aeschine</strong></span> <span class='ocrx_word' id='word_1_22' title='bbox 736 538 828 585; x_wconf 91' lang='lat' dir='ltr'>aut</span> <span class='ocrx_word' id='word_1_23' title='bbox 880 530 987 585; x_wconf 91' lang='lat' dir='ltr'>ullo</span> <span class='ocrx_word' id='word_1_24' title='bbox 1042 529 1144 582; x_wconf 89' lang='lat' dir='ltr'>alio</span> <span class='ocrx_word' id='word_1_25' title='bbox 1192 546 1255 583; x_wconf 84' lang='lat' dir='ltr'>ex</span> <span class='ocrx_word' id='word_1_26' title='bbox 1301 528 1693 583; x_wconf 76' lang='lat' dir='ltr'><strong>Socraticorum</strong></span> <span class='ocrx_word' id='word_1_27' title='bbox 1737 547 1999 594; x_wconf 90' lang='lat' dir='ltr'>numer0,</span> <span class='ocrx_word' id='word_1_28' title='bbox 2056 531 2148 585; x_wconf 87' lang='lat' dir='ltr'>sed</span> <span class='ocrx_word' id='word_1_29' title='bbox 2200 533 2380 586; x_wconf 89' lang='lat' dir='ltr'>nescio</span> 
     </span>
     <span class='ocr_line' id='line_1_5' title="bbox 416 616 2379 691; baseline 0 -17"><span class='ocrx_word' id='word_1_30' title='bbox 416 637 574 691; x_wconf 87' lang='lat' dir='ltr'>quem</span> <span class='ocrx_word' id='word_1_31' title='bbox 615 619 848 674; x_wconf 89' lang='lat' dir='ltr'>Socratis</span> <span class='ocrx_word' id='word_1_32' title='bbox 885 617 1297 672; x_wconf 75' lang='lat' dir='ltr'>obtrectatorem</span> <span class='ocrx_word' id='word_1_33' title='bbox 1351 616 1456 671; x_wconf 85' lang='lat' dir='ltr'>illis</span> <span class='ocrx_word' id='word_1_34' title='bbox 1499 617 1828 688; x_wconf 78' lang='lat' dir='ltr'>temporibus</span> <span class='ocrx_word' id='word_1_35' title='bbox 1869 625 2054 672; x_wconf 87' lang='lat' dir='ltr'>notum</span> <span class='ocrx_word' id='word_1_36' title='bbox 2098 619 2379 690; x_wconf 89' lang='lat' dir='ltr'>reprehen-</span> 
     </span>
     <span class='ocr_line' id='line_1_6' title="bbox 412 706 2436 777; baseline 0.001 -17"><span class='ocrx_word' id='word_1_37' title='bbox 412 707 485 761; x_wconf 84' lang='lat' dir='ltr'>di.</span> <span class='ocrx_word' id='word_1_38' title='bbox 564 707 771 762; x_wconf 79' lang='lat' dir='ltr'>Laudes</span> <span class='ocrx_word' id='word_1_39' title='bbox 825 706 1061 761; x_wconf 87' lang='lat' dir='ltr'>Socratis</span> <span class='ocrx_word' id='word_1_40' title='bbox 1093 711 1210 777; x_wconf 86' lang='lat' dir='ltr'>post</span> <span class='ocrx_word' id='word_1_41' title='bbox 1246 706 1349 758; x_wconf 87' lang='lat' dir='ltr'>viri</span> <span class='ocrx_word' id='word_1_42' title='bbox 1390 712 1618 759; x_wconf 89' lang='lat' dir='ltr'>mortem</span> <span class='ocrx_word' id='word_1_43' title='bbox 1668 706 1916 760; x_wconf 89' lang='lat' dir='ltr'>omnihus</span> <span class='ocrx_word' id='word_1_44' title='bbox 1963 713 2116 760; x_wconf 89' lang='lat' dir='ltr'>erant</span> <span class='ocrx_word' id='word_1_45' title='bbox 2154 707 2208 760; x_wconf 94' lang='lat' dir='ltr'>in</span> <span class='ocrx_word' id='word_1_46' title='bbox 2265 725 2374 764; x_wconf 89' lang='lat' dir='ltr'>ore.</span> <span class='ocrx_word' id='word_1_47' title='bbox 2431 746 2436 753; x_wconf 44' lang='lat' dir='ltr'>f</span> 
     </span>
     <span class='ocr_line' id='line_1_7' title="bbox 411 786 2436 870; baseline 0 -21"><span class='ocrx_word' id='word_1_48' title='bbox 411 794 489 849; x_wconf 91' lang='lat' dir='ltr'>Ea</span> <span class='ocrx_word' id='word_1_49' title='bbox 537 812 623 850; x_wconf 89' lang='lat' dir='ltr'>res</span> <span class='ocrx_word' id='word_1_50' title='bbox 671 795 933 866; x_wconf 85' lang='lat' dir='ltr'>permovit</span> <span class='ocrx_word' id='word_1_51' title='bbox 985 794 1317 866; x_wconf 75' lang='lat' dir='ltr'>Polycratem</span> <span class='ocrx_word' id='word_1_52' title='bbox 1361 792 1652 864; x_wconf 84' lang='lat' dir='ltr'>sophistam</span> <span class='ocrx_word' id='word_1_53' title='bbox 1707 793 2084 848; x_wconf 84' lang='lat' dir='ltr'>Atheniensem</span> <span class='ocrx_word' id='word_1_54' title='bbox 2127 802 2216 859; x_wconf 91' lang='lat' dir='ltr'>ut,</span> <span class='ocrx_word' id='word_1_55' title='bbox 2275 811 2380 866; x_wconf 90' lang='lat' dir='ltr'>quo</span> <span class='ocrx_word' id='word_1_56' title='bbox 2427 786 2436 870; x_wconf 35' lang='lat' dir='ltr'>ss</span> 
     </span>
     <span class='ocr_line' id='line_1_8' title="bbox 411 872 2436 955; baseline -0.002 -19"><span class='ocrx_word' id='word_1_57' title='bbox 411 883 633 937; x_wconf 89' lang='lat' dir='ltr'>consilio</span> <span class='ocrx_word' id='word_1_58' title='bbox 685 883 962 950; x_wconf 77' lang='grc' dir='ltr'><em>Βουσίριδος</em></span> <span class='ocrx_word' id='word_1_59' title='bbox 1011 882 1302 947; x_wconf 69' lang='grc' dir='ltr'><em>ἀπολογίαν</em></span> <span class='ocrx_word' id='word_1_60' title='bbox 1343 888 1396 934; x_wconf 90' lang='lat' dir='ltr'>et</span> <span class='ocrx_word' id='word_1_61' title='bbox 1437 881 1596 935; x_wconf 91' lang='lat' dir='ltr'>aliam</span> <span class='ocrx_word' id='word_1_62' title='bbox 1653 881 2108 955; x_wconf 85' lang='lat' dir='ltr'>Clytaemnestrae</span> <span class='ocrx_word' id='word_1_63' title='bbox 2146 884 2379 954; x_wconf 90' lang='lat' dir='ltr'>scripse-</span> <span class='ocrx_word' id='word_1_64' title='bbox 2425 872 2436 931; x_wconf 68' lang='grc' dir='ltr'>-ἑ</span> 
     </span>
     <span class='ocr_line' id='line_1_9' title="bbox 408 968 2380 1043; baseline 0.001 -19"><span class='ocrx_word' id='word_1_65' title='bbox 408 977 532 1034; x_wconf 84' lang='lat' dir='ltr'>rat,</span> <span class='ocrx_word' id='word_1_66' title='bbox 575 988 742 1043; x_wconf 87' lang='lat' dir='ltr'>quum</span> <span class='ocrx_word' id='word_1_67' title='bbox 774 971 1029 1025; x_wconf 87' lang='lat' dir='ltr'>materiae</span> <span class='ocrx_word' id='word_1_68' title='bbox 1067 968 1380 1024; x_wconf 87' lang='lat' dir='ltr'>difficultate</span> <span class='ocrx_word' id='word_1_69' title='bbox 1415 970 1692 1040; x_wconf 84' lang='lat' dir='ltr'>ingenium</span> <span class='ocrx_word' id='word_1_70' title='bbox 1736 986 1981 1024; x_wconf 81' lang='lat' dir='ltr'>exercere</span> <span class='ocrx_word' id='word_1_71' title='bbox 2021 977 2074 1024; x_wconf 91' lang='lat' dir='ltr'>et</span> <span class='ocrx_word' id='word_1_72' title='bbox 2111 978 2380 1027; x_wconf 84' lang='lat' dir='ltr'>ostentare</span> 
     </span>
     <span class='ocr_line' id='line_1_10' title="bbox 407 1056 2436 1126; baseline 0.002 -14"><span class='ocrx_word' id='word_1_73' title='bbox 407 1060 690 1126; x_wconf 86' lang='lat' dir='ltr'>voluisset,</span> <span class='ocrx_word' id='word_1_74' title='bbox 726 1066 863 1114; x_wconf 84' lang='lat' dir='ltr'>teste</span> <span class='ocrx_word' id='word_1_75' title='bbox 900 1058 1228 1126; x_wconf 86' lang='lat' dir='ltr'>Quintiliano</span> <span class='ocrx_word' id='word_1_76' title='bbox 1249 1058 1287 1111; x_wconf 91' lang='grc' dir='ltr'>Ι.</span> <span class='ocrx_word' id='word_1_77' title='bbox 1314 1056 1370 1113; x_wconf 84' lang='grc' dir='ltr'>Ο.</span> <span class='ocrx_word' id='word_1_78' title='bbox 1392 1058 1456 1111; x_wconf 91' lang='lat'>11.</span> <span class='ocrx_word' id='word_1_79' title='bbox 1479 1075 1603 1111; x_wconf 83' lang='lat' dir='ltr'>xvn.</span> <span class='ocrx_word' id='word_1_80' title='bbox 1628 1062 1660 1112; x_wconf 87' lang='lat'><strong>4</strong></span> <span class='ocrx_word' id='word_1_81' title='bbox 1683 1099 1696 1123; x_wconf 91' lang='lat'>,</span> <span class='ocrx_word' id='word_1_82' title='bbox 1738 1058 1921 1113; x_wconf 89' lang='lat' dir='ltr'>eodem</span> <span class='ocrx_word' id='word_1_83' title='bbox 1945 1059 2246 1126; x_wconf 91' lang='grc' dir='ltr'><em>Σωκράτους</em></span> <span class='ocrx_word' id='word_1_84' title='bbox 2281 1081 2379 1115; x_wconf 82' lang='grc' dir='ltr'>κα·</span> <span class='ocrx_word' id='word_1_85' title='bbox 2425 1062 2436 1122; x_wconf 62' lang='grc' dir='ltr'>ζ’</span> 
     </span>
     <span class='ocr_line' id='line_1_11' title="bbox 409 1136 2436 1219; baseline -0.001 -16"><span class='ocrx_word' id='word_1_86' title='bbox 409 1149 653 1217; x_wconf 87' lang='grc' dir='ltr'><em>τηγορίαν</em></span> <span class='ocrx_word' id='word_1_87' title='bbox 693 1147 968 1202; x_wconf 87' lang='lat' dir='ltr'>scriberet.</span> <span class='ocrx_word' id='word_1_88' title='bbox 1049 1147 1156 1200; x_wconf 83' lang='lat' dir='ltr'>Ista</span> <span class='ocrx_word' id='word_1_89' title='bbox 1190 1145 1488 1218; x_wconf 82' lang='lat' dir='ltr'>Polycratis</span> <span class='ocrx_word' id='word_1_90' title='bbox 1524 1148 1811 1214; x_wconf 90' lang='grc' dir='ltr'><em>κατηγορία</em></span> <span class='ocrx_word' id='word_1_91' title='bbox 1852 1147 2152 1214; x_wconf 84' lang='grc' dir='ltr'><em>Σωκράτους</em></span> <span class='ocrx_word' id='word_1_92' title='bbox 2189 1147 2378 1202; x_wconf 88' lang='lat' dir='ltr'>multo·</span> <span class='ocrx_word' id='word_1_93' title='bbox 2427 1136 2436 1219; x_wconf 24' lang='grc' dir='ltr'>[ἑ</span> 
     </span>
     <span class='ocr_line' id='line_1_12' title="bbox 409 1227 2436 1308; baseline -0.001 -17"><span class='ocrx_word' id='word_1_94' title='bbox 409 1252 532 1291; x_wconf 87' lang='lat' dir='ltr'>rum</span> <span class='ocrx_word' id='word_1_95' title='bbox 582 1237 829 1308; x_wconf 87' lang='lat' dir='ltr'>plausum</span> <span class='ocrx_word' id='word_1_96' title='bbox 878 1234 1002 1288; x_wconf 91' lang='lat' dir='ltr'>tulit</span> <span class='ocrx_word' id='word_1_97' title='bbox 1039 1241 1090 1288; x_wconf 84' lang='lat' dir='ltr'>et</span> <span class='ocrx_word' id='word_1_98' title='bbox 1138 1251 1388 1305; x_wconf 82' lang='lat' dir='ltr'>mag-nam</span> <span class='ocrx_word' id='word_1_99' title='bbox 1427 1235 1592 1288; x_wconf 86' lang='lat' dir='ltr'>movit</span> <span class='ocrx_word' id='word_1_100' title='bbox 1631 1234 2061 1290; x_wconf 84' lang='lat' dir='ltr'>admirationem.</span> <span class='ocrx_word' id='word_1_101' title='bbox 2143 1235 2220 1289; x_wconf 89' lang='lat' dir='ltr'>Ea</span> <span class='ocrx_word' id='word_1_102' title='bbox 2265 1237 2381 1306; x_wconf 89' lang='lat' dir='ltr'>ipsa</span> <span class='ocrx_word' id='word_1_103' title='bbox 2424 1227 2436 1300; x_wconf 65' lang='grc' dir='ltr'>ζζ</span> 
     </span>
     <span class='ocr_line' id='line_1_13' title="bbox 408 1310 2436 1395; baseline -0.003 -17"><span class='ocrx_word' id='word_1_104' title='bbox 408 1341 495 1378; x_wconf 89' lang='lat' dir='ltr'>res</span> <span class='ocrx_word' id='word_1_105' title='bbox 532 1323 932 1395; x_wconf 86' lang='lat' dir='ltr'>Xenophontem</span> <span class='ocrx_word' id='word_1_106' title='bbox 973 1323 1188 1394; x_wconf 87' lang='lat' dir='ltr'>impulit</span> <span class='ocrx_word' id='word_1_107' title='bbox 1221 1329 1280 1376; x_wconf 90' lang='lat' dir='ltr'>ut</span> <span class='ocrx_word' id='word_1_108' title='bbox 1314 1328 1498 1375; x_wconf 88' lang='lat' dir='ltr'>contra</span> <span class='ocrx_word' id='word_1_109' title='bbox 1531 1322 1813 1386; x_wconf 86' lang='lat' dir='ltr'>scriberet,</span> <span class='ocrx_word' id='word_1_110' title='bbox 1856 1330 1908 1376; x_wconf 91' lang='lat' dir='ltr'>et</span> <span class='ocrx_word' id='word_1_111' title='bbox 1949 1323 2026 1376; x_wconf 88' lang='lat' dir='ltr'>sic</span> <span class='ocrx_word' id='word_1_112' title='bbox 2060 1323 2131 1377; x_wconf 76' lang='grc' dir='ltr'>τά</span> <span class='ocrx_word' id='word_1_113' title='bbox 2173 1323 2379 1390; x_wconf 87' lang='grc' dir='ltr'><em>Σωκρά-</em></span> <span class='ocrx_word' id='word_1_114' title='bbox 2424 1310 2436 1372; x_wconf 66' lang='grc' dir='ltr'>’ἓ</span> 
     </span>
     <span class='ocr_line' id='line_1_14' title="bbox 408 1409 2378 1483; baseline -0.001 -17"><span class='ocrx_word' id='word_1_115' title='bbox 408 1432 524 1472; x_wconf 88' lang='grc' dir='ltr'><em>τους</em></span> <span class='ocrx_word' id='word_1_116' title='bbox 564 1411 1111 1477; x_wconf 85' lang='grc' dir='ltr'><em>Ἀπομνημονεύματα</em></span> <span class='ocrx_word' id='word_1_117' title='bbox 1152 1409 1216 1464; x_wconf 82' lang='lat' dir='ltr'>ad</span> <span class='ocrx_word' id='word_1_118' title='bbox 1252 1409 1675 1480; x_wconf 83' lang='lat' dir='ltr'>redarguendam</span> <span class='ocrx_word' id='word_1_119' title='bbox 1719 1410 2015 1483; x_wconf 82' lang='lat' dir='ltr'>Polycratis</span> <span class='ocrx_word' id='word_1_120' title='bbox 2063 1412 2378 1479; x_wconf 72' lang='grc' dir='ltr'><em>κατηγορίαν</em></span> 
     </span>
     <span class='ocr_line' id='line_1_15' title="bbox 409 1491 2434 1571; baseline 0 -17"><span class='ocrx_word' id='word_1_121' title='bbox 409 1499 711 1567; x_wconf 87' lang='grc' dir='ltr'><em>Σωκράτους</em></span> <span class='ocrx_word' id='word_1_122' title='bbox 753 1516 784 1552; x_wconf 92' lang='lat' dir='ltr'>a</span> <span class='ocrx_word' id='word_1_123' title='bbox 835 1498 1184 1569; x_wconf 88' lang='lat' dir='ltr'>Xenophonte</span> <span class='ocrx_word' id='word_1_124' title='bbox 1226 1499 1518 1569; x_wconf 88' lang='lat' dir='ltr'>composita</span> <span class='ocrx_word' id='word_1_125' title='bbox 1571 1505 1698 1552; x_wconf 91' lang='lat' dir='ltr'>sunt</span> <span class='ocrx_word' id='word_1_126' title='bbox 1757 1506 1809 1552; x_wconf 87' lang='lat' dir='ltr'>et</span> <span class='ocrx_word' id='word_1_127' title='bbox 1863 1498 2024 1555; x_wconf 90' lang='lat' dir='ltr'>edita.</span> <span class='ocrx_word' id='word_1_128' title='bbox 2104 1499 2292 1571; x_wconf 88' lang='lat' dir='ltr'>ltaque</span> <span class='ocrx_word' id='word_1_129' title='bbox 2331 1500 2378 1554; x_wconf 90' lang='lat' dir='ltr'>si</span> <span class='ocrx_word' id='word_1_130' title='bbox 2423 1491 2434 1499; x_wconf 46' lang='lat'><strong><em>⁹</em></strong></span> 
     </span>
     <span class='ocr_line' id='line_1_16' title="bbox 408 1585 2377 1658; baseline 0 -17"><span class='ocrx_word' id='word_1_131' title='bbox 408 1587 620 1658; x_wconf 88' lang='lat' dir='ltr'>quando</span> <span class='ocrx_word' id='word_1_132' title='bbox 661 1603 691 1640; x_wconf 90' lang='lat' dir='ltr'>a</span> <span class='ocrx_word' id='word_1_133' title='bbox 744 1585 1090 1657; x_wconf 90' lang='lat' dir='ltr'>Xenophonte</span> <span class='ocrx_word' id='word_1_134' title='bbox 1130 1586 1153 1638; x_wconf 80' lang='grc' dir='ltr'><em>ὃ</em></span> <span class='ocrx_word' id='word_1_135' title='bbox 1196 1587 1475 1653; x_wconf 86' lang='grc' dir='ltr'><em>κατήγορος</em></span> <span class='ocrx_word' id='word_1_136' title='bbox 1530 1594 2017 1650; x_wconf 83' lang='lat' dir='ltr'>commemoratur,</span> <span class='ocrx_word' id='word_1_137' title='bbox 2076 1603 2180 1640; x_wconf 87' lang='lat' dir='ltr'>non</span> <span class='ocrx_word' id='word_1_138' title='bbox 2224 1587 2377 1642; x_wconf 84' lang='lat' dir='ltr'>Mele-</span> 
     </span>
     <span class='ocr_line' id='line_1_17' title="bbox 402 1673 2376 1745; baseline 0 -16"><span class='ocrx_word' id='word_1_139' title='bbox 402 1682 492 1729; x_wconf 81' lang='lat' dir='ltr'>tus</span> <span class='ocrx_word' id='word_1_140' title='bbox 527 1674 896 1745; x_wconf 83' lang='lat' dir='ltr'>significatur,</span> <span class='ocrx_word' id='word_1_141' title='bbox 930 1679 1023 1727; x_wconf 89' lang='lat' dir='ltr'>aut</span> <span class='ocrx_word' id='word_1_142' title='bbox 1054 1673 1292 1744; x_wconf 77' lang='lat' dir='ltr'>AnyttIS,</span> <span class='ocrx_word' id='word_1_143' title='bbox 1315 1680 1408 1726; x_wconf 86' lang='lat' dir='ltr'>aut</span> <span class='ocrx_word' id='word_1_144' title='bbox 1442 1673 1614 1745; x_wconf 85' lang='lat' dir='ltr'>Lyce,</span> <span class='ocrx_word' id='word_1_145' title='bbox 1654 1675 1697 1728; x_wconf 86' lang='grc' dir='ltr'>οἱ</span> <span class='ocrx_word' id='word_1_146' title='bbox 1719 1674 2047 1742; x_wconf 82' lang='grc' dir='ltr'><em>γραψάμενοι</em></span> <span class='ocrx_word' id='word_1_147' title='bbox 2067 1674 2376 1742; x_wconf 83' lang='grc' dir='ltr'><em>Σωκράτην,</em></span> 
     </span>
     <span class='ocr_line' id='line_1_18' title="bbox 406 1760 2378 1835; baseline -0.001 -17"><span class='ocrx_word' id='word_1_148' title='bbox 406 1763 498 1818; x_wconf 86' lang='lat' dir='ltr'>sed</span> <span class='ocrx_word' id='word_1_149' title='bbox 539 1763 886 1835; x_wconf 83' lang='lat' dir='ltr'>Polycrates,</span> <span class='ocrx_word' id='word_1_150' title='bbox 925 1761 1082 1814; x_wconf 87' lang='lat' dir='ltr'>cuius</span> <span class='ocrx_word' id='word_1_151' title='bbox 1123 1761 1410 1827; x_wconf 70' lang='grc' dir='ltr'><em>κατηγορία</em></span> <span class='ocrx_word' id='word_1_152' title='bbox 1467 1760 1768 1828; x_wconf 74' lang='grc' dir='ltr'><em>Σωκράτους</em></span> <span class='ocrx_word' id='word_1_153' title='bbox 1811 1767 1927 1815; x_wconf 83' lang='lat' dir='ltr'>erat</span> <span class='ocrx_word' id='word_1_154' title='bbox 1962 1768 2078 1816; x_wconf 83' lang='lat' dir='ltr'>tum</span> <span class='ocrx_word' id='word_1_155' title='bbox 2114 1763 2168 1816; x_wconf 89' lang='lat' dir='ltr'>in</span> <span class='ocrx_word' id='word_1_156' title='bbox 2210 1762 2378 1818; x_wconf 85' lang='lat' dir='ltr'>homi-</span> 
     </span>
     <span class='ocr_line' id='line_1_19' title="bbox 405 1847 1278 1921; baseline -0.003 -16"><span class='ocrx_word' id='word_1_157' title='bbox 405 1868 536 1905; x_wconf 90' lang='lat' dir='ltr'>num</span> <span class='ocrx_word' id='word_1_158' title='bbox 582 1850 979 1921; x_wconf 81' lang='lat' dir='ltr'>elegantiorum</span> <span class='ocrx_word' id='word_1_159' title='bbox 1012 1847 1278 1902; x_wconf 76' lang='lat' dir='ltr'>manibus,</span> 
     </span>
    </p>

    <p class='ocr_par' dir='ltr' id='par_1_3' title="bbox 390 1935 2436 3680">
     <span class='ocr_line' id='line_1_20' title="bbox 477 1935 2424 2009; baseline 0 -16"><span class='ocrx_word' id='word_1_160' title='bbox 477 1941 663 1994; x_wconf 87' lang='lat' dir='ltr'>Dicam</span> <span class='ocrx_word' id='word_1_161' title='bbox 715 1937 952 1991; x_wconf 88' lang='lat' dir='ltr'>breviter</span> <span class='ocrx_word' id='word_1_162' title='bbox 1002 1936 1199 2007; x_wconf 89' lang='lat' dir='ltr'>quibus</span> <span class='ocrx_word' id='word_1_163' title='bbox 1245 1935 1460 1990; x_wconf 85' lang='lat' dir='ltr'>indiciis</span> <span class='ocrx_word' id='word_1_164' title='bbox 1512 1943 1566 1990; x_wconf 84' lang='lat' dir='ltr'>et</span> <span class='ocrx_word' id='word_1_165' title='bbox 1607 1937 1940 2007; x_wconf 86' lang='lat' dir='ltr'>argumentis</span> <span class='ocrx_word' id='word_1_166' title='bbox 1981 1937 2034 1991; x_wconf 86' lang='lat' dir='ltr'>id</span> <span class='ocrx_word' id='word_1_167' title='bbox 2070 1937 2374 2009; x_wconf 84' lang='lat' dir='ltr'>collegerim</span> <span class='ocrx_word' id='word_1_168' title='bbox 2420 1991 2424 2009; x_wconf 33' lang='grc' dir='ltr'>Ι</span> 
     </span>
     <span class='ocr_line' id='line_1_21' title="bbox 400 2024 2374 2098; baseline -0.001 -16"><span class='ocrx_word' id='word_1_169' title='bbox 400 2034 454 2083; x_wconf 89' lang='lat' dir='ltr'>et</span> <span class='ocrx_word' id='word_1_170' title='bbox 508 2025 641 2080; x_wconf 90' lang='lat' dir='ltr'>mihi</span> <span class='ocrx_word' id='word_1_171' title='bbox 694 2024 922 2078; x_wconf 87' lang='lat' dir='ltr'>firmiter</span> <span class='ocrx_word' id='word_1_172' title='bbox 973 2025 1352 2095; x_wconf 89' lang='lat' dir='ltr'>persuaserim.</span> <span class='ocrx_word' id='word_1_173' title='bbox 1429 2024 1490 2077; x_wconf 94' lang='lat' dir='ltr'>In</span> <span class='ocrx_word' id='word_1_174' title='bbox 1536 2024 1641 2088; x_wconf 89' lang='lat' dir='ltr'>iis,</span> <span class='ocrx_word' id='word_1_175' title='bbox 1694 2026 1789 2095; x_wconf 88' lang='lat' dir='ltr'>qui</span> <span class='ocrx_word' id='word_1_176' title='bbox 1835 2025 2131 2098; x_wconf 89' lang='lat' dir='ltr'>Polycratis</span> <span class='ocrx_word' id='word_1_177' title='bbox 2184 2027 2374 2080; x_wconf 84' lang='lat' dir='ltr'>oratio-.-</span> 
     </span>
     <span class='ocr_line' id='line_1_22' title="bbox 401 2112 2374 2183; baseline 0 -14"><span class='ocrx_word' id='word_1_178' title='bbox 401 2115 616 2169; x_wconf 88' lang='lat' dir='ltr'>nemin</span> <span class='ocrx_word' id='word_1_179' title='bbox 663 2112 936 2167; x_wconf 87' lang='lat' dir='ltr'>Socratem</span> <span class='ocrx_word' id='word_1_180' title='bbox 995 2114 1248 2183; x_wconf 86' lang='lat' dir='ltr'>scriptam</span> <span class='ocrx_word' id='word_1_181' title='bbox 1300 2118 1760 2175; x_wconf 87' lang='lat' dir='ltr'>commemorant,</span> <span class='ocrx_word' id='word_1_182' title='bbox 1819 2113 1923 2167; x_wconf 88' lang='lat' dir='ltr'>duo</span> <span class='ocrx_word' id='word_1_183' title='bbox 1975 2121 2188 2169; x_wconf 82' lang='lat' dir='ltr'>tantum</span> <span class='ocrx_word' id='word_1_184' title='bbox 2247 2121 2374 2170; x_wconf 76' lang='lat' dir='ltr'>sun-t</span> 
     </span>
     <span class='ocr_line' id='line_1_23' title="bbox 401 2199 2417 2271; baseline 0 -13"><span class='ocrx_word' id='word_1_185' title='bbox 401 2210 566 2258; x_wconf 77' lang='lat' dir='ltr'>testes</span> <span class='ocrx_word' id='word_1_186' title='bbox 606 2201 782 2254; x_wconf 87' lang='lat' dir='ltr'>idonei</span> <span class='ocrx_word' id='word_1_187' title='bbox 823 2207 876 2254; x_wconf 93' lang='lat' dir='ltr'>et</span> <span class='ocrx_word' id='word_1_188' title='bbox 932 2199 1032 2254; x_wconf 86' lang='lat' dir='ltr'>fide</span> <span class='ocrx_word' id='word_1_189' title='bbox 1079 2200 1264 2271; x_wconf 85' lang='lat' dir='ltr'>digni,</span> <span class='ocrx_word' id='word_1_190' title='bbox 1319 2200 1581 2254; x_wconf 87' lang='lat' dir='ltr'>Isocrates</span> <span class='ocrx_word' id='word_1_191' title='bbox 1622 2205 1673 2253; x_wconf 91' lang='lat' dir='ltr'>et</span> <span class='ocrx_word' id='word_1_192' title='bbox 1715 2199 2029 2257; x_wconf 70' lang='lat' dir='ltr'>Favorinus</span> <span class='ocrx_word' id='word_1_193' title='bbox 2109 2205 2374 2258; x_wconf 86' lang='lat' dir='ltr'>Isocrates</span> <span class='ocrx_word' id='word_1_194' title='bbox 2414 2215 2417 2217; x_wconf 82' lang='grc'><strong>’</strong></span> 
     </span>
     <span class='ocr_line' id='line_1_24' title="bbox 403 2287 2419 2362; baseline 0 -17"><span class='ocrx_word' id='word_1_195' title='bbox 403 2291 469 2345; x_wconf 86' lang='lat' dir='ltr'>ad</span> <span class='ocrx_word' id='word_1_196' title='bbox 510 2292 687 2362; x_wconf 88' lang='lat' dir='ltr'>ipsum</span> <span class='ocrx_word' id='word_1_197' title='bbox 738 2288 1071 2361; x_wconf 81' lang='lat' dir='ltr'>Polycratem</span> <span class='ocrx_word' id='word_1_198' title='bbox 1115 2287 1354 2342; x_wconf 86' lang='lat' dir='ltr'>scribens</span> <span class='ocrx_word' id='word_1_199' title='bbox 1390 2289 1444 2341; x_wconf 91' lang='lat' dir='ltr'>in</span> <span class='ocrx_word' id='word_1_200' title='bbox 1489 2287 1732 2341; x_wconf 86' lang='lat' dir='ltr'>Busiride</span> <span class='ocrx_word' id='word_1_201' title='bbox 1789 2291 1817 2358; x_wconf 52' lang='grc' dir='ltr'>ᾗ</span> <span class='ocrx_word' id='word_1_202' title='bbox 1862 2293 1911 2343; x_wconf 86' lang='grc'>4.</span> <span class='ocrx_word' id='word_1_203' title='bbox 1972 2291 2046 2343; x_wconf 88' lang='lat' dir='ltr'>ita</span> <span class='ocrx_word' id='word_1_204' title='bbox 2087 2289 2250 2344; x_wconf 87' lang='lat' dir='ltr'>dicit:</span> <span class='ocrx_word' id='word_1_205' title='bbox 2292 2293 2370 2346; x_wconf 81' lang='grc' dir='ltr'><em>αἱ·</em></span> <span class='ocrx_word' id='word_1_206' title='bbox 2416 2297 2419 2323; x_wconf 76' lang='grc'>’-</span> 
     </span>
     <span class='ocr_line' id='line_1_25' title="bbox 400 2374 2369 2447; baseline 0 -14"><span class='ocrx_word' id='word_1_207' title='bbox 400 2378 702 2444; x_wconf 82' lang='grc' dir='ltr'><em>σθανόμενος</em></span> <span class='ocrx_word' id='word_1_208' title='bbox 743 2374 824 2430; x_wconf 77' lang='grc' dir='ltr'>οὖν</span> <span class='ocrx_word' id='word_1_209' title='bbox 874 2379 976 2444; x_wconf 79' lang='grc' dir='ltr'>οὐχ</span> <span class='ocrx_word' id='word_1_210' title='bbox 1013 2376 1165 2441; x_wconf 77' lang='grc' dir='ltr'><em>ήκιςά</em></span> <span class='ocrx_word' id='word_1_211' title='bbox 1206 2398 1264 2430; x_wconf 89' lang='grc' dir='ltr'><em>σε</em></span> <span class='ocrx_word' id='word_1_212' title='bbox 1309 2375 1818 2442; x_wconf 80' lang='grc' dir='ltr'><em>μεγαλαυχούμενον</em></span> <span class='ocrx_word' id='word_1_213' title='bbox 1867 2377 1954 2430; x_wconf 86' lang='grc' dir='ltr'><em>ε’πί</em></span> <span class='ocrx_word' id='word_1_214' title='bbox 1992 2398 2051 2431; x_wconf 90' lang='grc' dir='ltr'>τε</span> <span class='ocrx_word' id='word_1_215' title='bbox 2091 2384 2156 2447; x_wconf 72' lang='grc' dir='ltr'>τῇ</span> <span class='ocrx_word' id='word_1_216' title='bbox 2195 2380 2369 2433; x_wconf 84' lang='grc' dir='ltr'><em>Βουσί-</em></span> 
     </span>
     <span class='ocr_line' id='line_1_26' title="bbox 398 2463 2372 2536; baseline -0.001 -14"><span class='ocrx_word' id='word_1_217' title='bbox 398 2470 524 2536; x_wconf 89' lang='grc' dir='ltr'><em>ριδος</em></span> <span class='ocrx_word' id='word_1_218' title='bbox 583 2465 849 2534; x_wconf 73' lang='grc' dir='ltr'><em>άπολογία</em></span> <span class='ocrx_word' id='word_1_219' title='bbox 905 2465 991 2519; x_wconf 75' lang='grc' dir='ltr'>καὶ</span> <span class='ocrx_word' id='word_1_220' title='bbox 1052 2473 1124 2533; x_wconf 72' lang='grc' dir='ltr'>τῇ</span> <span class='ocrx_word' id='word_1_221' title='bbox 1176 2463 1562 2531; x_wconf 82' lang='grc' dir='ltr'><em>Σωκράτους</em></span> <span class='ocrx_word' id='word_1_222' title='bbox 1618 2465 1994 2534; x_wconf 72' lang='grc' dir='ltr'><em>κατηγορία</em></span> <span class='ocrx_word' id='word_1_223' title='bbox 2059 2464 2372 2532; x_wconf 84' lang='grc' dir='ltr'><em>πειράσομαί</em></span> 
     </span>
     <span class='ocr_line' id='line_1_27' title="bbox 397 2550 2365 2628; baseline -0.001 -19"><span class='ocrx_word' id='word_1_224' title='bbox 397 2577 472 2610; x_wconf 89' lang='grc' dir='ltr'>σοι</span> <span class='ocrx_word' id='word_1_225' title='bbox 516 2563 721 2618; x_wconf 74' lang='grc' dir='ltr'><em>ποιῆσαι</em></span> <span class='ocrx_word' id='word_1_226' title='bbox 760 2553 1065 2622; x_wconf 76' lang='grc' dir='ltr'><em>καταφανὲς</em></span> <span class='ocrx_word' id='word_1_227' title='bbox 1111 2550 1186 2605; x_wconf 74' lang='grc' dir='ltr'>ἔτι</span> <span class='ocrx_word' id='word_1_228' title='bbox 1227 2556 1315 2605; x_wconf 79' lang='grc' dir='ltr'>τοῦ</span> <span class='ocrx_word' id='word_1_229' title='bbox 1363 2552 1555 2628; x_wconf 79' lang='grc' dir='ltr'><em>δέοντος</em></span> <span class='ocrx_word' id='word_1_230' title='bbox 1599 2552 1650 2605; x_wconf 83' lang='grc' dir='ltr'>ἐν</span> <span class='ocrx_word' id='word_1_231' title='bbox 1691 2552 2000 2620; x_wconf 70' lang='grc' dir='ltr'><em>ἀμφοτέροις</em></span> <span class='ocrx_word' id='word_1_232' title='bbox 2048 2561 2152 2614; x_wconf 81' lang='grc' dir='ltr'><em>τοῖς</em></span> <span class='ocrx_word' id='word_1_233' title='bbox 2190 2553 2365 2619; x_wconf 83' lang='grc' dir='ltr'><em>λόγοις</em></span> 
     </span>
     <span class='ocr_line' id='line_1_28' title="bbox 397 2640 2368 2711; baseline -0.001 -13"><span class='ocrx_word' id='word_1_234' title='bbox 397 2645 692 2710; x_wconf 76' lang='grc' dir='ltr'><em>διήμαρτες.</em></span> <span class='ocrx_word' id='word_1_235' title='bbox 771 2640 1002 2704; x_wconf 86' lang='lat' dir='ltr'>Deinde,</span> <span class='ocrx_word' id='word_1_236' title='bbox 1058 2646 1339 2711; x_wconf 85' lang='lat' dir='ltr'>postquam</span> <span class='ocrx_word' id='word_1_237' title='bbox 1393 2642 1484 2702; x_wconf 80' lang='grc' dir='ltr'>την</span> <span class='ocrx_word' id='word_1_238' title='bbox 1523 2640 1798 2706; x_wconf 79' lang='grc' dir='ltr'><em>Βουσίριδος</em></span> <span class='ocrx_word' id='word_1_239' title='bbox 1838 2641 2127 2706; x_wconf 70' lang='grc' dir='ltr'><em>ἀπολογίαν</em></span> <span class='ocrx_word' id='word_1_240' title='bbox 2180 2641 2368 2697; x_wconf 85' lang='lat' dir='ltr'>acerbe</span> 
     </span>
     <span class='ocr_line' id='line_1_29' title="bbox 395 2727 2407 2802; baseline -0.001 -16"><span class='ocrx_word' id='word_1_241' title='bbox 395 2729 860 2802; x_wconf 79' lang='lat' dir='ltr'>reprehendisset,</span> <span class='ocrx_word' id='word_1_242' title='bbox 899 2729 976 2782; x_wconf 85' lang='lat' dir='ltr'>sic</span> <span class='ocrx_word' id='word_1_243' title='bbox 1011 2729 1218 2799; x_wconf 82' lang='lat' dir='ltr'>pergit:</span> <span class='ocrx_word' id='word_1_244' title='bbox 1262 2727 1562 2795; x_wconf 84' lang='grc' dir='ltr'><em>Σωκράτους</em></span> <span class='ocrx_word' id='word_1_245' title='bbox 1583 2728 1635 2781; x_wconf 80' lang='grc' dir='ltr'>δὲ</span> <span class='ocrx_word' id='word_1_246' title='bbox 1675 2736 1977 2795; x_wconf 83' lang='grc' dir='ltr'><em>κατηγορεῖν</em></span> <span class='ocrx_word' id='word_1_247' title='bbox 2017 2730 2370 2797; x_wconf 80' lang='grc' dir='ltr'><em>ἐγχειρήσας,</em></span> <span class='ocrx_word' id='word_1_248' title='bbox 2394 2761 2407 2767; x_wconf 81' lang='lat'><strong>·</strong></span> 
     </span>
     <span class='ocr_line' id='line_1_30' title="bbox 399 2814 2368 2886; baseline -0.001 -14"><span class='ocrx_word' id='word_1_249' title='bbox 399 2817 563 2886; x_wconf 75' lang='grc' dir='ltr'><em>ὥσπερ</em></span> <span class='ocrx_word' id='word_1_250' title='bbox 611 2816 943 2882; x_wconf 81' lang='grc' dir='ltr'><em>ἐγκωμιάσαι</em></span> <span class='ocrx_word' id='word_1_251' title='bbox 992 2817 1337 2883; x_wconf 81' lang='grc' dir='ltr'><em>βουλόμενος,</em></span> <span class='ocrx_word' id='word_1_252' title='bbox 1396 2814 1736 2881; x_wconf 77' lang='grc' dir='ltr'><em>Ἀλκιβιάδην</em></span> <span class='ocrx_word' id='word_1_253' title='bbox 1779 2816 1968 2878; x_wconf 77' lang='grc' dir='ltr'><em>ἔδωκας</em></span> <span class='ocrx_word' id='word_1_254' title='bbox 2028 2819 2167 2884; x_wconf 81' lang='grc' dir='ltr'><em>αὐτῷ</em></span> <span class='ocrx_word' id='word_1_255' title='bbox 2206 2819 2368 2883; x_wconf 83' lang='grc' dir='ltr'><em>μαθη-</em></span> 
     </span>
     <span class='ocr_line' id='line_1_31' title="bbox 398 2901 2367 2973; baseline 0 -13"><span class='ocrx_word' id='word_1_256' title='bbox 398 2907 521 2969; x_wconf 71' lang='grc' dir='ltr'><em>τὴν,</em></span> <span class='ocrx_word' id='word_1_257' title='bbox 561 2902 611 2958; x_wconf 75' lang='grc' dir='ltr'>ἓν</span> <span class='ocrx_word' id='word_1_258' title='bbox 647 2907 733 2958; x_wconf 81' lang='grc' dir='ltr'>ὑπ’</span> <span class='ocrx_word' id='word_1_259' title='bbox 764 2905 952 2959; x_wconf 81' lang='grc' dir='ltr'><em>ἐκείνου</em></span> <span class='ocrx_word' id='word_1_260' title='bbox 992 2906 1086 2970; x_wconf 78' lang='grc' dir='ltr'><em>μὲν</em></span> <span class='ocrx_word' id='word_1_261' title='bbox 1139 2905 1296 2965; x_wconf 74' lang='grc' dir='ltr'><em>οὐδεὶς</em></span> <span class='ocrx_word' id='word_1_262' title='bbox 1352 2906 1528 2973; x_wconf 69' lang='grc' dir='ltr'><em>ᾔσθετο</em></span> <span class='ocrx_word' id='word_1_263' title='bbox 1576 2903 1972 2969; x_wconf 77' lang='grc' dir='ltr'><em>παιδευόμενον,</em></span> <span class='ocrx_word' id='word_1_264' title='bbox 2022 2901 2099 2958; x_wconf 74' lang='grc' dir='ltr'>ὅτι</span> <span class='ocrx_word' id='word_1_265' title='bbox 2139 2905 2190 2958; x_wconf 78' lang='grc' dir='ltr'>δὲ</span> <span class='ocrx_word' id='word_1_266' title='bbox 2234 2906 2367 2960; x_wconf 75' lang='grc' dir='ltr'><em>πολὺ</em></span> 
     </span>
     <span class='ocr_line' id='line_1_32' title="bbox 397 2989 2406 3058; baseline 0 -10"><span class='ocrx_word' id='word_1_267' title='bbox 397 2995 633 3058; x_wconf 81' lang='grc' dir='ltr'><em>διήνεγκε</em></span> <span class='ocrx_word' id='word_1_268' title='bbox 667 2998 762 3046; x_wconf 83' lang='grc' dir='ltr'>τῶν</span> <span class='ocrx_word' id='word_1_269' title='bbox 799 2991 972 3046; x_wconf 72' lang='grc' dir='ltr'><em>ἄλλων</em></span> <span class='ocrx_word' id='word_1_270' title='bbox 1013 2989 1247 3054; x_wconf 72' lang='grc' dir='ltr'><em>ἅπαντες</em></span> <span class='ocrx_word' id='word_1_271' title='bbox 1279 2992 1344 3047; x_wconf 71' lang='grc' dir='ltr'>ἂν</span> <span class='ocrx_word' id='word_1_272' title='bbox 1384 2994 1771 3058; x_wconf 82' lang='grc' dir='ltr'><em>ὁμολογήσειαν.</em></span> <span class='ocrx_word' id='word_1_273' title='bbox 1857 2992 2000 3046; x_wconf 85' lang='lat' dir='ltr'>Unde</span> <span class='ocrx_word' id='word_1_274' title='bbox 2033 2993 2365 3048; x_wconf 86' lang='lat' dir='ltr'>occasionem</span> <span class='ocrx_word' id='word_1_275' title='bbox 2404 3029 2406 3033; x_wconf 65' lang='grc'><em>»</em></span> 
     </span>
     <span class='ocr_line' id='line_1_33' title="bbox 398 3078 2366 3153; baseline 0 -17"><span class='ocrx_word' id='word_1_276' title='bbox 398 3082 632 3153; x_wconf 89' lang='lat' dir='ltr'>arripuit</span> <span class='ocrx_word' id='word_1_277' title='bbox 681 3079 912 3132; x_wconf 88' lang='lat' dir='ltr'>hominis</span> <span class='ocrx_word' id='word_1_278' title='bbox 956 3079 1131 3134; x_wconf 89' lang='lat' dir='ltr'>odiose</span> <span class='ocrx_word' id='word_1_279' title='bbox 1181 3081 1255 3134; x_wconf 81' lang='lat' dir='ltr'>sic</span> <span class='ocrx_word' id='word_1_280' title='bbox 1312 3078 1605 3133; x_wconf 82' lang='lat' dir='ltr'>irridendi:</span> <span class='ocrx_word' id='word_1_281' title='bbox 1661 3080 1894 3133; x_wconf 82' lang='lat' dir='ltr'>Socrates</span> <span class='ocrx_word' id='word_1_282' title='bbox 1951 3082 2093 3151; x_wconf 81' lang='lat' dir='ltr'>ipse,</span> <span class='ocrx_word' id='word_1_283' title='bbox 2154 3082 2366 3152; x_wconf 89' lang='lat' dir='ltr'>inquit,</span> 
     </span>
     <span class='ocr_line' id='line_1_34' title="bbox 398 3167 2436 3239; baseline 0 -15"><span class='ocrx_word' id='word_1_284' title='bbox 398 3171 446 3224; x_wconf 73' lang='lat' dir='ltr'>si</span> <span class='ocrx_word' id='word_1_285' title='bbox 485 3177 626 3222; x_wconf 80' lang='lat' dir='ltr'>luam</span> <span class='ocrx_word' id='word_1_286' title='bbox 667 3167 1042 3221; x_wconf 73' lang='lat' dir='ltr'>accusationem</span> <span class='ocrx_word' id='word_1_287' title='bbox 1084 3185 1381 3238; x_wconf 68' lang='lat' dir='ltr'>coquosccre</span> <span class='ocrx_word' id='word_1_288' title='bbox 1416 3175 1621 3239; x_wconf 79' lang='lat' dir='ltr'>posset,</span> <span class='ocrx_word' id='word_1_289' title='bbox 1674 3167 1928 3228; x_wconf 83' lang='grc' dir='ltr'><em>τοσαύτην</em></span> <span class='ocrx_word' id='word_1_290' title='bbox 1969 3167 2044 3221; x_wconf 77' lang='grc' dir='ltr'>άν</span> <span class='ocrx_word' id='word_1_291' title='bbox 2085 3189 2178 3222; x_wconf 90' lang='grc' dir='ltr'>σοι</span> <span class='ocrx_word' id='word_1_292' title='bbox 2220 3169 2360 3238; x_wconf 77' lang='grc' dir='ltr'><em>ἔχοι</em></span> <span class='ocrx_word' id='word_1_293' title='bbox 2435 3187 2436 3204; x_wconf 76' lang='lat'>³</span> 
     </span>
     <span class='ocr_line' id='line_1_35' title="bbox 396 3254 2356 3325; baseline 0.001 -15"><span class='ocrx_word' id='word_1_294' title='bbox 396 3256 596 3325; x_wconf 78' lang='grc' dir='ltr'><em>χάριν</em></span> <span class='ocrx_word' id='word_1_295' title='bbox 636 3262 727 3318; x_wconf 75' lang='grc' dir='ltr'>τῆς</span> <span class='ocrx_word' id='word_1_296' title='bbox 768 3256 1080 3321; x_wconf 87' lang='grc' dir='ltr'><em>κατηγορίας</em></span> <span class='ocrx_word' id='word_1_297' title='bbox 1119 3255 1237 3316; x_wconf 74' lang='grc' dir='ltr'><em>ὅσην</em></span> <span class='ocrx_word' id='word_1_298' title='bbox 1270 3254 1424 3308; x_wconf 80' lang='grc' dir='ltr'><em>οὐδενὶ</em></span> <span class='ocrx_word' id='word_1_299' title='bbox 1466 3260 1562 3308; x_wconf 83' lang='grc' dir='ltr'>τῶν</span> <span class='ocrx_word' id='word_1_300' title='bbox 1593 3256 1818 3309; x_wconf 83' lang='grc' dir='ltr'><em>ἐπαινεῖν</em></span> <span class='ocrx_word' id='word_1_301' title='bbox 1855 3257 2010 3309; x_wconf 79' lang='grc' dir='ltr'><em>αὐτὸν</em></span> <span class='ocrx_word' id='word_1_302' title='bbox 2050 3258 2356 3322; x_wconf 79' lang='grc' dir='ltr'><em>εἰθισμένων.</em></span> 
     </span>
     <span class='ocr_line' id='line_1_36' title="bbox 396 3342 2436 3415; baseline 0 -18"><span class='ocrx_word' id='word_1_303' title='bbox 396 3345 566 3410; x_wconf 86' lang='lat' dir='ltr'>Quam</span> <span class='ocrx_word' id='word_1_304' title='bbox 609 3342 890 3414; x_wconf 88' lang='lat' dir='ltr'>ignorabat</span> <span class='ocrx_word' id='word_1_305' title='bbox 945 3342 1178 3395; x_wconf 86' lang='lat' dir='ltr'>Socratis</span> <span class='ocrx_word' id='word_1_306' title='bbox 1214 3343 1464 3395; x_wconf 64' lang='lat' dir='ltr'>animum,</span> <span class='ocrx_word' id='word_1_307' title='bbox 1497 3349 1548 3395; x_wconf 94' lang='lat' dir='ltr'>et</span> <span class='ocrx_word' id='word_1_308' title='bbox 1585 3342 1859 3411; x_wconf 88' lang='lat' dir='ltr'>ingenium</span> <span class='ocrx_word' id='word_1_309' title='bbox 1903 3342 2098 3398; x_wconf 91' lang='lat' dir='ltr'>lividus</span> <span class='ocrx_word' id='word_1_310' title='bbox 2140 3344 2368 3410; x_wconf 70' lang='lat' dir='ltr'>rhetor,</span> <span class='ocrx_word' id='word_1_311' title='bbox 2433 3356 2436 3415; x_wconf 46' lang='grc' dir='ltr'>ζ</span> 
     </span>
     <span class='ocr_line' id='line_1_37' title="bbox 394 3429 2355 3503; baseline 0.001 -18"><span class='ocrx_word' id='word_1_312' title='bbox 394 3433 487 3503; x_wconf 86' lang='lat' dir='ltr'>qui</span> <span class='ocrx_word' id='word_1_313' title='bbox 527 3431 658 3485; x_wconf 90' lang='lat' dir='ltr'>haec</span> <span class='ocrx_word' id='word_1_314' title='bbox 699 3430 944 3501; x_wconf 86' lang='lat' dir='ltr'>scripsit,</span> <span class='ocrx_word' id='word_1_315' title='bbox 998 3436 1105 3483; x_wconf 89' lang='lat' dir='ltr'>tam</span> <span class='ocrx_word' id='word_1_316' title='bbox 1148 3429 1441 3483; x_wconf 88' lang='lat' dir='ltr'>admirator</span> <span class='ocrx_word' id='word_1_317' title='bbox 1480 3429 1564 3483; x_wconf 91' lang='lat' dir='ltr'>sui</span> <span class='ocrx_word' id='word_1_318' title='bbox 1605 3446 1763 3500; x_wconf 90' lang='lat' dir='ltr'>quam</span> <span class='ocrx_word' id='word_1_319' title='bbox 1820 3429 2054 3485; x_wconf 86' lang='lat' dir='ltr'>Socratis</span> <span class='ocrx_word' id='word_1_320' title='bbox 2093 3439 2144 3486; x_wconf 91' lang='lat' dir='ltr'>et</span> <span class='ocrx_word' id='word_1_321' title='bbox 2185 3433 2355 3487; x_wconf 76' lang='lat' dir='ltr'>Plato-</span> 
     </span>
     <span class='ocr_line' id='line_1_38' title="bbox 391 3517 2436 3591; baseline 0 -18"><span class='ocrx_word' id='word_1_322' title='bbox 391 3520 478 3573; x_wconf 86' lang='lat' dir='ltr'>nis</span> <span class='ocrx_word' id='word_1_323' title='bbox 523 3526 576 3573; x_wconf 88' lang='lat' dir='ltr'>et</span> <span class='ocrx_word' id='word_1_324' title='bbox 636 3517 1027 3572; x_wconf 84' lang='lat' dir='ltr'>Socraticorum</span> <span class='ocrx_word' id='word_1_325' title='bbox 1070 3519 1307 3571; x_wconf 92' lang='lat' dir='ltr'>omnium</span> <span class='ocrx_word' id='word_1_326' title='bbox 1367 3534 1485 3571; x_wconf 90' lang='lat' dir='ltr'>osor</span> <span class='ocrx_word' id='word_1_327' title='bbox 1524 3523 1576 3571; x_wconf 90' lang='lat' dir='ltr'>et</span> <span class='ocrx_word' id='word_1_328' title='bbox 1619 3524 1932 3572; x_wconf 87' lang='lat' dir='ltr'>contemtor.</span> <span class='ocrx_word' id='word_1_329' title='bbox 2015 3519 2093 3573; x_wconf 88' lang='lat' dir='ltr'>Ex</span> <span class='ocrx_word' id='word_1_330' title='bbox 2135 3520 2218 3575; x_wconf 91' lang='lat' dir='ltr'>his</span> <span class='ocrx_word' id='word_1_331' title='bbox 2258 3522 2354 3591; x_wconf 89' lang='lat' dir='ltr'>igi·</span> <span class='ocrx_word' id='word_1_332' title='bbox 2435 3535 2436 3541; x_wconf 53' lang='lat'>¹</span> 
     </span>
     <span class='ocr_line' id='line_1_39' title="bbox 390 3605 2436 3680; baseline -0.002 -19"><span class='ocrx_word' id='word_1_333' title='bbox 390 3614 480 3662; x_wconf 84' lang='lat' dir='ltr'>tur</span> <span class='ocrx_word' id='word_1_334' title='bbox 537 3605 878 3663; x_wconf 81' lang='lat' dir='ltr'>manifestum</span> <span class='ocrx_word' id='word_1_335' title='bbox 938 3614 1016 3661; x_wconf 89' lang='lat' dir='ltr'>est</span> <span class='ocrx_word' id='word_1_336' title='bbox 1060 3605 1403 3678; x_wconf 62' lang='lat' dir='ltr'>,Polycratem</span> <span class='ocrx_word' id='word_1_337' title='bbox 1449 3605 1647 3676; x_wconf 82' lang='lat' dir='ltr'>ingenii</span> <span class='ocrx_word' id='word_1_338' title='bbox 1692 3606 1995 3663; x_wconf 85' lang='lat' dir='ltr'>ostentandi</span> <span class='ocrx_word' id='word_1_339' title='bbox 2038 3623 2194 3664; x_wconf 84' lang='lat' dir='ltr'>causa</span> <span class='ocrx_word' id='word_1_340' title='bbox 2245 3615 2358 3680; x_wconf 77' lang='lat' dir='ltr'>post</span> <span class='ocrx_word' id='word_1_341' title='bbox 2434 3652 2436 3657; x_wconf 92' lang='lat'><em>.</em></span> 
     </span>
    </p>
   </div>
  </div>
 </body>
</html>
