2436 4068
1037 207 1144 291 399

89 356 232 418 veri,
271 352 363 407 uhi
405 350 766 424 philosophiae
805 351 1110 406 Socraticae
1149 357 1433 423 praecepta
1471 358 1526 406 et
1561 351 1770 407 Atticae
1807 351 2069 409 humani-

92 445 219 498 tatis
258 449 312 496 et
344 439 640 511 elegantiae
674 448 729 494 et
764 439 1097 494 urbanitatis
1137 439 1342 512 lepores
1379 456 1506 494 cum
1546 439 1904 497 Barbarorum
1950 460 2066 514 per-

87 532 232 585 sonis
269 537 323 584 et
373 527 616 583 moribus
653 535 707 583 et
742 528 1006 581 institutis
1052 544 1156 582 non
1197 526 1485 583 admodum
1545 527 1682 584 salse
1731 537 1826 584 aut
1881 530 2066 602 proba-

85 618 265 672 biliter
313 618 719 687 coniunguntur
756 622 810 669 et
850 615 1259 686 permiscentur.
1340 615 1511 683 Quam
1554 615 1765 673 diversa
1803 625 1885 673 est
1924 618 2066 674 Ana-

83 706 266 761 baseos
317 706 483 769 ratio,
536 705 590 758 in
638 719 745 774 qua
784 703 973 757 vivunt
1023 703 1203 756 omnia
1248 710 1302 757 et
1341 704 1550 775 spirant
1590 711 1643 759 et
1683 713 1960 778 tamquam
2007 707 2062 761 in

83 793 251 848 oculis
289 793 584 865 legentium
623 797 925 862 geruntur,
982 797 1040 844 ut
1079 806 1183 843 non
1223 790 1440 846 auditor
1486 799 1697 849 tantum
1752 793 1844 850 sed
1900 796 2063 850 etiam

82 888 350 955 spectator
383 897 499 935 esse
538 881 679 935 inter
716 877 1003 950 legendum
1049 877 1150 932 tibi
1191 877 1437 933 videaris,
1519 880 1691 936 Tanta
1730 890 1812 938 est
1852 886 1882 947 ἦ
1920 892 2060 957 Ξενο-

82 976 279 1038 Φῶντος
322 968 563 1037 ἐνάργεια
616 966 883 1035 μονονουχὶ
920 966 1227 1028 δεικνύοντος
1280 967 1395 1037 ὄψει
1449 969 1536 1022 καὶ
1594 978 1702 1031 ’τοῖς
1752 971 2065 1039 πράγμασιν

83 1063 149 1119 ὥς
188 1061 243 1113 οὐ
282 1058 645 1123 γεγενημένοις
678 1055 827 1110 ἀλλὰ
856 1055 1179 1122 γιγνομένοις
1220 1055 1498 1124 ἑφιςοὶντος
1552 1058 1633 1112 ἀεὶ
1677 1060 1763 1114 τὸν
1812 1062 2067 1127 ἀκροατὴν

87 1149 140 1202 ἐν
176 1145 327 1202 πάθει
369 1144 456 1199 καὶ
496 1146 991 1209 συγκινδυνεύοντα,
1031 1150 1093 1197 ut
1141 1144 1444 1198 rectissime
1483 1143 1550 1200 de
1590 1146 1822 1201 Anabasi
1863 1148 2069 1204 iudicat

83 1233 404 1290 Plutarchus
443 1234 499 1287 in
547 1233 842 1288 Artoxerxe
892 1247 1007 1304 cap.
1043 1230 1185 1286 vm.
1265 1231 1420 1286 Hunc
1471 1233 1641 1304 igitur
1687 1234 1888 1290 librum
1926 1238 1972 1291 si
2013 1244 2066 1292 et

83 1322 414 1379 emblematis
452 1320 834 1394 complusculis
872 1329 926 1376 et
956 1318 1164 1376 mendis
1204 1320 1588 1393 erroribusque
1631 1321 1926 1379 liberavero
1959 1342 2064 1380 non

83 1411 222 1467 male
270 1412 441 1466 otium
493 1409 627 1465 mihi
668 1409 954 1464 collocasse
998 1407 1219 1464 videbor
1258 1415 1310 1464 et
1365 1407 1599 1482 aliquam
1637 1412 1867 1482 gratiam
1922 1414 2064 1487 apud

83 1516 267 1554 omnes
318 1500 411 1571 qni
467 1498 874 1571 Xenophontem
931 1505 1117 1552 amant
1173 1498 1429 1553 initurus.
1523 1497 1677 1553 Multi
1730 1500 1837 1555 iam
1892 1502 2064 1558 multa
2119 1544 2121 1547 s

81 1595 237 1642 acute
275 1587 528 1643 viderunt
566 1595 620 1643 et
665 1587 976 1658 sequiorum
1020 1584 1209 1658 putida
1256 1585 1623 1642 additamenta
1672 1591 1905 1645 resecari
1950 1593 2061 1648 ius-

80 1682 298 1741 serunt,
339 1674 432 1730 sed
465 1692 591 1731 raro
610 1674 859 1731 Editores
893 1672 1123 1730 audiunt
1156 1680 1254 1730 aut
1289 1673 1388 1728 hoc
1428 1682 1633 1746 agunt,
1674 1693 1780 1749 quo
1817 1678 2062 1735 crebrius

82 1765 148 1819 iis
187 1763 427 1820 vellenda
459 1765 608 1818 auris
641 1770 753 1827 est,
812 1765 859 1817 si
908 1761 1045 1818 forte
1085 1762 1383 1818 multorum
1432 1779 1697 1819 consensu
1745 1777 2064 1824 moveantur

83 1860 136 1907 et
172 1869 309 1925 quae
356 1852 539 1925 spuria
573 1857 627 1906 et
658 1851 1008 1924 suppositicia
1044 1851 1155 1906 sint
1188 1849 1451 1922 expellere
1485 1850 1774 1924 aliquando
1805 1854 2062 1912 audeant:

83 1939 430 2012 quamobrem
480 1939 706 1995 subinde
745 1939 975 1994 aliorum
1021 1939 1383 2012 suspicioneS,
1439 1957 1577 2011 quae
1621 1941 1837 2014 quidem
1884 1943 2062 1999 admo-

78 2029 207 2083 dum
265 2026 563 2101 probabiles
614 2045 677 2083 ac
722 2043 889 2100 paene
937 2036 1117 2083 certae
1176 2027 1312 2082 mihi
1364 2027 1687 2095 videantur,
1741 2047 2062 2088 commemo·

79 2115 243 2181 mbo,
293 2117 611 2188 praesertim
668 2117 735 2171 iis
789 2117 842 2170 in
898 2116 1063 2181 lociS‚
1122 2132 1257 2188 quos
1305 2115 1515 2187 pridem
1566 2117 1679 2190 ipse
1731 2118 2064 2177 adulterinos

78 2221 195 2261 esse
237 2205 544 2278 suspicatus
594 2203 788 2259 deinde
837 2203 1067 2259 aliorum
1126 2204 1411 2258 sententiis
1462 2212 1516 2260 et
1575 2209 1913 2278 argumentis
1964 2227 2062 2282 pro

78 2294 279 2366 spuriis
331 2298 543 2347 notatos
595 2299 651 2347 et
702 2291 1060 2364 deprehensos
1110 2308 1226 2348 esse
1276 2294 1653 2366 compererim.
1747 2296 2060 2354 Cuiusmodi

77 2383 262 2437 statim
302 2379 369 2436 ab
408 2381 564 2435 initio
614 2379 722 2436 duo
772 2379 874 2436 loci
928 2387 1057 2435 sunt
1096 2380 1139 2435 1.
1184 2398 1216 2434 1.
1262 2383 1313 2435 2.
1354 2388 1407 2436 et
1451 2381 1490 2436 I.
1534 2398 1569 2437 1.
1615 2386 1664 2438 7.
1744 2384 2062 2443 Planissime

78 2471 222 2525 enim
279 2470 544 2525 assentior
588 2469 684 2534 iis,
723 2470 816 2542 qui
853 2468 1015 2524 verba
1066 2470 1324 2532 οὶποςῆναι
1363 2471 1486 2538 πρὸς
1525 2475 1683 2540 Κῦρον
1735 2490 1764 2527 a
1803 2474 1942 2529 male
1977 2492 2063 2531 se-

78 2557 206 2613 dulo
256 2557 454 2613 lectore
514 2557 786 2630 adscripta
849 2573 965 2613 esse
1033 2566 1362 2613 monuerunt
1422 2560 1475 2613 in
1537 2563 1565 2632 §
1611 2565 1659 2615 7.
1720 2563 2060 2631 ἄφες-ἥκεσαν

78 2649 199 2715 πρὸς
256 2650 412 2714 Κῦρον
453 2649 638 2702 πᾶσαι
689 2648 827 2709 πλὴν
884 2647 1140 2709 Μιλήτου.
1201 2648 1253 2701 έν
1308 2650 1528 2717 Μιλήτῳ
1588 2648 1641 2703 δὲ
1693 2652 2060 2721 Τισσαφέρνης

77 2734 463 2803 προαισθόμενος
503 2735 574 2789 τὰ
616 2734 758 2790 αὐτοὶ
796 2738 973 2789 ταῦτα
1015 2736 1416 2801 βουλευομένους
1477 2736 1758 2810 [οὶποςῆναι
1798 2741 1922 2808 πρὸς
1959 2748 2060 2797 Κῦ-

78 2825 180 2898 ρον]
221 2825 339 2886 τοὺς
385 2825 481 2889 μὲν
534 2826 701 2878 αὐτῶν
751 2823 1026 2877 ἀπέκτεινε
1065 2826 1183 2884 τοὺς
1224 2825 1268 2879 δ’
1309 2823 1582 2890 ἐξέβαλεν.
1663 2826 1766 2895 Qui
1816 2828 2061 2885 homines

79 2909 220 2966 docti
283 2910 548 2967 insulsum
598 2909 860 2967 emblema
913 2910 1256 2969 retinendum
1310 2929 1427 2968 esse
1482 2912 1854 2983 arbitrantur,
1908 2935 2061 2974 num-

76 3014 236 3071 quam
278 3000 377 3073 ipsi
418 3001 473 3054 in
515 2998 607 3054 tali
647 3015 706 3054 re
740 3006 849 3055 tam
896 2998 1178 3071 pueriliter
1215 3000 1473 3073 scripturi
1509 3001 1773 3069 fuissent,
1816 3007 1907 3062 sed
1954 3027 2058 3065 non

79 3090 211 3142 satis
250 3094 331 3143 est
369 3086 529 3143 verba
567 3089 752 3160 spuria
802 3088 1102 3144 resecuisse
1153 3087 1219 3143 ad
1274 3088 1375 3144 loci
1422 3090 1852 3151 emendationem
1906 3098 2059 3170 perli-

77 3173 352 3230 ciendam:
415 3191 646 3247 namque
682 3182 735 3230 et
776 3174 1092 3231 vocabulum
1133 3178 1495 3234 necessarium
1538 3180 1774 3247 excidit,
1813 3192 1866 3241 et
1913 3187 2059 3244 aliud

80 3277 359 3336 perperam
418 3262 674 3319 abundat.
755 3265 939 3320 Dicam
999 3265 1127 3337 quid
1171 3266 1304 3321 mihi
1346 3267 1689 3325 scribendum
1733 3288 1847 3327 esse
1884 3274 2057 3331 videa·

79 3357 206 3412 tur,
259 3352 415 3406 euius
465 3353 817 3409 correctionis
866 3362 1184 3425 argumenta
1226 3355 1271 3409 si
1308 3355 1429 3427 quis
1472 3356 1568 3411 hoc
1617 3359 1729 3430 agit
1780 3378 1881 3416 non
1922 3362 2057 3418 diffi-

82 3438 255 3493 culter
306 3442 551 3512 reperiet.
645 3441 1052 3498 Emendandum
1112 3451 1291 3499 autem
1342 3461 1458 3499 esse
1516 3462 1738 3501 censeo:
1799 3455 2059 3516 προαισθό-

81 3528 231 3590 μενός
284 3546 472 3588 τινας
521 3530 697 3583 ταύτὰ
740 3531 1139 3597 βουλευομένους
1190 3536 1308 3594 τοὺς
1360 3534 1454 3599 μὲν
1507 3538 1726 3588 αὐτῶν
1785 3538 2057 3598 ἀπέκτεινε

81 3618 192 3669 'tc-22.-
235 3614 278 3666 δ’
319 3613 585 3679 ἐξέβαλεν.
668 3617 906 3672 Alterum
952 3620 1004 3674 in
1049 3622 1160 3692 ipso
1196 3620 1381 3675 limine
1422 3620 1679 3675 emblema
1723 3632 1803 3676 est.
1845 3626 1869 3695 ᾗ
1910 3632 1957 3681 2.
2004 3633 2057 3687 in
