2436 4068
983 229 1089 279 427

62 379 201 434 idem
262 377 615 447 compositum
674 373 1069 429 restituendum
1124 390 1240 427 esse
1294 391 1484 428 censeo
1532 376 1934 443 ἀποκτείναιμεν
1989 386 2043 433 ct

61 467 476 524 ἀποκτείναντες.
557 465 614 517 In
673 467 702 534 §
744 466 828 515 12.
882 461 1031 516 ἄλλα
1073 462 1175 527 μὴν
1215 462 1303 529 ἐρῶ
1355 463 1476 529 γάρ
1515 465 1602 517 καὶ
1657 469 1835 518 ταῦτα
1875 469 2043 520 corri-

59 554 292 626 gendum
333 569 448 606 esse
487 553 574 619 ἐρῶ
614 572 693 616 γε
733 550 821 603 καὶ
867 554 1044 603 ταῦτα
1081 549 1206 602 olim
1242 549 1592 604 Leonclavius
1630 554 1900 624 perspexit
1951 554 2044 609 sed

62 660 216 699 nemo
261 642 460 714 optime
510 640 750 693 monenti
790 639 985 709 paruit.
1064 637 1124 690 Iu
1165 638 1231 691 11.
1274 655 1321 691 v.
1370 642 1452 692 13.
1507 641 1828 705 Αἰγυπτίους
1877 643 1929 695 δὲ
1970 676 2044 686 —-

59 733 161 799 οὐχ
193 734 280 797 ὁρῶ
315 730 439 798 ποίᾳ
469 727 683 793 δυνάμει
718 724 992 793 συμμάχῳ
1028 725 1345 792 χρησάμενοι
1386 730 1596 792 μᾶλλον
1635 729 1699 783 ἂν
1728 729 2045 795 κολάσεσθε,

60 819 325 874 soloecum
381 832 498 870 esse
536 814 601 868 ἂν
636 813 919 868 κολάσεσθε
959 820 1169 868 certum
1210 819 1309 867 est.
1389 815 1590 880 Pauci,
1630 817 1820 882 cred0,
1861 817 2046 891 super·

61 913 223 968 sunt,
273 904 469 976 quibus
510 902 573 957 ἄν
630 920 757 956 cum
799 901 999 955 suturis
1052 907 1199 956 recte
1246 902 1502 971 coniungi
1565 921 1716 974 posse
1766 906 2046 973 videatur,

61 995 237 1055 ἄνυσις
274 994 317 1047 δ’
356 995 446 1047 οὐκ
481 992 692 1046 ἔσσεται
733 993 933 1052 αὐτῶν,
976 990 1069 1061 qui
1103 988 1215 1042 sola
1254 988 1514 1043 librorum
1556 995 1880 1049 auctoritate
1921 995 2047 1050 freti

61 1101 182 1139 cum
219 1088 444 1135 naturae
485 1080 711 1134 veritate
755 1084 1012 1150 pugnant.
1092 1075 1358 1148 Equidem
1398 1076 1463 1132 άν
1512 1082 1899 1151 expunxerim:
1943 1083 2045 1138 for-

63 1189 150 1227 ma
185 1169 467 1226 κολάσεσθε
514 1168 737 1238 antiqua
788 1173 871 1220 est
918 1165 1207 1220 admodum
1250 1171 1303 1219 et
1358 1166 1699 1237 sequioribus
1750 1169 2045 1235 inusitata,

61 1261 155 1333 qui
205 1275 391 1314 omnes
442 1256 647 1311 κολάσω
698 1254 949 1309 dicebant
985 1271 1082 1327 pro
1136 1254 1316 1308 Attico
1366 1255 1659 1322 κολάσομαι
1709 1263 1761 1311 et
1812 1264 2045 1325 κολῶμαι

64 1350 148 1423 (ut
201 1347 544 1414 ἀναβιβῶμαι
571 1387 583 1407 ,
635 1343 824 1407 ἔξει-ὦ,
863 1349 1180 1415 ‘zaraa-215³,
1223 1341 1368 1415 alia).
1451 1351 1596 1414 Κολᾷ
1638 1352 1692 1399 et
1731 1347 2047 1412 κολωμένους

62 1435 202 1509 apud
241 1432 650 1505 Aristophanem
692 1438 903 1486 exstant
943 1431 1151 1503 Equiti.
1193 1434 1320 1485 456.
1373 1430 1564 1499 χῶπως
1622 1440 1786 1504 κολᾷ
1827 1436 1933 1489 τὸν
1959 1435 2047 1490 άν-

61 1526 190 1593 δρα,
230 1522 320 1577 uhi
361 1528 517 1576 vetus
561 1520 730 1574 l'orma
767 1521 971 1574 intacta
1017 1520 1213 1583 evasit,
1263 1527 1317 1573 et
1364 1521 1415 1573 in
1459 1521 1616 1593 Vesp.
1658 1525 1784 1576 244.
1838 1526 1901 1585 ὡς
1953 1545 2048 1579 κο-
2120 1539 2122 1542 ’

59 1612 393 1678 λωμένους
457 1608 522 1664 ὧν
582 1611 850 1673 ἠδίκησεν,
909 1607 1002 1662 uhi
1060 1609 1406 1674 καλουμένους
1470 1610 1523 1663 in
1576 1609 1886 1667 Ravennate
1938 1620 2050 1679 est,

58 1701 372 1769 χολούμενος
410 1700 464 1752 in
500 1698 733 1763 Venet0‚
773 1696 865 1752 sed
900 1697 1264 1768 superscripto
1298 1698 1446 1753 κολώ.
1529 1697 1683 1769 Apud
1718 1699 2049 1773 Hesychium

59 1790 118 1844 ἐκ
168 1796 262 1851 τῆς
322 1794 562 1853 Κωμικῆς
622 1785 810 1850 λέξεως
876 1791 1153 1856 superest:
1226 1786 1656 1851 Κολωμένουςε
1716 1790 2049 1850 κολάσαντας

62 1874 441 1950 (κολάσοντας).
522 1874 826 1940 Κολάσομαι
880 1878 1111 1927 aetatem
1153 1873 1276 1928 tulit
1317 1873 1457 1945 apud
1514 1873 1915 1948 Theopompum
1957 1878 2050 1933 Co-

59 1966 263 2020 micum
304 1964 359 2018 in
400 1962 562 2018 Bekk.
605 1961 802 2016 Anecd.
841 1965 981 2022 461,
1028 1964 1115 2014 19.

362 2051 657 2117 κολάσομαί
695 2053 743 2103 σ’
784 2051 888 2115 ἐγὼ
923 2048 934 2125 Ι
967 2050 1054 2103 καὶ
1096 2049 1183 2104 τὸν
1224 2051 1310 2104 σὸν
1338 2052 1547 2104 ’Ἂν-τιν.

134 2138 284 2208 Quod
326 2139 468 2211 apud
516 2137 845 2211 Hesycliium
901 2144 982 2191 est
1035 2143 1243 2192 Κολῶε
1300 2136 1540 2198 κολάσω,
1597 2155 1862 2211 nusquam
1916 2141 2050 2197 mihi

59 2227 296 2291 lectum,
335 2226 428 2282 sed
466 2225 826 2299 periculosum
867 2233 949 2280 est
988 2224 1257 2299 Hesychio
1303 2224 1538 2280 credere.
1620 2226 1882 2299 Imposuit
1922 2229 2050 2284 Din-

60 2315 227 2372 dorsso
256 2331 423 2388 quum
465 2314 762 2370 scriberet:
810 2313 1160 2382 Κολάζεινε
1203 2314 1490 2382 περαίνειν,
1549 2317 1824 2381 ὀγκᾶσθαι.
1906 2318 2050 2374 Bona

60 2402 164 2460 nde
212 2403 443 2459 credidit
498 2403 789 2475 castiyandi
843 2402 1065 2458 verbum
1122 2418 1274 2474 posse
1331 2419 1738 2476 nonnumquam
1794 2407 2048 2474 περαίνειν

58 2491 363 2565 significare
414 2498 468 2547 et
519 2508 583 2546 ex
632 2490 956 2564 Alciphrone
1002 2492 1046 2546 Ι.
1098 2494 1190 2545 58.
1250 2490 1574 2556 κολάσματα
1636 2493 1841 2548 »simili
1895 2513 2048 2550 sensu

57 2579 247 2636 δίαιθ’
287 2581 636 2653 comparavit.

132 2667 397 2742 Equidem
437 2668 690 2740 incipiam
743 2667 963 2723 credere
1015 2667 1252 2736 κολάζειν
1293 2669 1366 2723 ita
1406 2685 1561 2740 posse
1614 2673 1871 2742 usurpari
1910 2678 2050 2744 post-

0 2780 2 2812 ε
62 2772 223 2831 quam
276 2773 420 2812 unus
472 2762 526 2811 et
561 2756 699 2811 alter
752 2755 901 2812 locus
941 2763 1189 2829 repertus
1241 2757 1382 2821 erit,
1435 2756 1528 2812 ubi
1586 2757 1825 2827 κολάζειν
1888 2760 2051 2833 (quod

0 2827 3 2922 l
60 2843 359 2921 Hesychius
399 2846 611 2916 primus
650 2851 703 2900 et
750 2844 896 2900 solus
949 2845 1154 2918 docuit)
1212 2845 1481 2917 significet
1523 2847 1799 2911 ὀγκᾶσθαι.
1881 2848 2052 2904 Haec·

59 2933 203 2990 cine‘
252 2934 307 2988 in
363 2932 582 2988 Graecis
641 2932 861 2987 Litteris
912 2934 1180 3006 patienter
1251 2932 1380 2989 ferri
1436 2941 1490 2990 et
1544 2937 1805 3008 concoqui
1858 2939 2048 3009 posse!

0 2956 10 3087 s
64 3019 325 3094 Equidem
369 3022 526 3076 istam
570 3021 833 3076 rationem
870 3022 935 3076 iis
972 3021 1381 3093 relinquendam
1422 3039 1538 3077 esse
1577 3040 1800 3089 cense0,
1838 3027 1931 3097 qui
1975 3034 2050 3081 ta·

0 3110 10 3165 l
64 3106 215 3166 bulas
235 3109 548 3181 Eugubinas
587 3116 640 3164 et
682 3108 784 3164 alia
808 3110 1009 3165 similia
1052 3112 1508 3182 interpretantur,
1553 3112 1641 3167 ubi
1684 3129 1852 3184 quum
1895 3131 2051 3168 nemo

0 3168 13 3336 '[
66 3211 225 3252 unam
279 3197 495 3269 linguae
550 3196 808 3270 syllabam
863 3198 1163 3270 intelligat,
1214 3199 1466 3270 perfacile
1521 3208 1602 3255 est
1660 3201 2051 3273 interpretandi

66 3286 371 3356 negotium,
408 3286 452 3341 si
493 3286 615 3357 quis
657 3302 792 3357 quac
835 3304 1047 3342 mecum
1092 3289 1302 3359 ignorat
1339 3287 1484 3342 solus
1529 3289 1643 3343 vult
1681 3290 1819 3343 scire
1861 3289 2050 3343 videri.

69 3371 248 3439 Quid?
308 3374 352 3427 si
412 3375 535 3445 quis
590 3376 846 3447 cusliqarc
901 3376 952 3429 in
1012 3376 1375 3431 Romanorum
1433 3376 1584 3431 libris
1644 3394 2048 3448 nonnumquam

67 3460 372 3531 significare
441 3459 642 3516 diceret
706 3465 1009 3533 paedia-ari,
1071 3481 1477 3537 nonnumquam
1540 3465 1762 3528 rudere,
1822 3464 2053 3521 delirare

6 3540 10 3547 ⁴
71 3547 338 3601 hominem
387 3555 479 3602 aut
521 3549 755 3605 insanire
811 3558 1161 3622 ρυιυιὈῐυυε,
1218 3552 1309 3608 sed
1367 3570 1468 3607 non
1526 3554 1704 3607 minus
1755 3553 2049 3610 absurdum

0 3554 15 4068 Ι
69 3643 148 3690 cst
193 3636 424 3702 κολάζειν
466 3637 539 3691 sic
585 3638 944 3709 interpretari.
1030 3641 1203 3696 Facile
1240 3649 1459 3714 apparet
1494 3643 1746 3706 περαίνειν
1791 3643 2052 3713 interpre-
