2436 4068
1041 204 1146 254 259

102 352 191 407 scd
232 364 509 422 perperam
545 348 599 400 in
643 346 1080 401 Acharnensibus
1118 363 1194 400 vs.
1236 350 1357 400 150.

403 436 514 501 ἐμοὶ
552 438 616 490 σὺ
656 435 884 490 ταυτασὶ
923 436 1105 500 λαβὼν
1143 435 1272 488 ὀκτὼ
1310 432 1557 501 δραχμάς

403 524 629 586 σπονδὰς
669 524 878 586 ποίησαι
918 524 1041 589 πρὸς
1080 522 1522 587 Λακεδαιμονίους
1560 520 1712 589 μόνῳ.

104 612 199 669 ubi
251 620 475 683 apparet
536 611 822 684 legendum
877 625 995 665 esse
1057 611 1295 672 ποίησον,
1354 609 1496 681 quod
1553 608 1759 664 dudum
1820 611 2090 682 praecepit
2137 667 2139 669 ,

102 700 389 757 Elmsleius
432 700 499 754 ad
546 716 623 754 vs,
660 703 752 755 58.
809 698 1089 753 verissima
1142 696 1450 752 admonens
1529 698 1643 754 Non
1680 713 1802 751 raro
1841 698 1921 752 sic
1971 713 2091 770 pec·

101 795 284 845 catum
340 805 456 844 esse
514 787 715 841 videbis
764 787 891 858 quia
944 783 1198 839 facillime
1244 786 1298 838 in
1352 785 1538 840 multis
1582 785 1770 840 formis
1821 793 1984 841 ποιεῖν
2037 793 2091 841 et

102 879 354 933 ποιεῖσθαι
420 876 815 948 permiscentur
865 874 948 947 (ut
1001 874 1055 927 in
1106 874 1296 944 quavis
1347 872 1618 944 farragine
1668 873 2090 946 discrepantium

103 965 397 1021 lectionum
453 963 700 1034 cognosci
749 961 952 1034 potest)
1013 968 1068 1015 et
1118 959 1352 1015 editores
1417 960 1545 1031 quid
1607 962 1663 1014 in
1713 979 1926 1033 quoque
1961 963 2094 1018 ‘loeo

105 1060 291 1126 poscat.
344 1059 399 1107 et
451 1054 694 1122 requirat
748 1034 1395 1120 Graecitatis-ingenium
1449 1055 1502 1103 et
1542 1048 1757 1103 dicendi
1803 1067 1935 1104 usus
1988 1068 2092 1104 non

104 1142 237 1197 satis
275 1141 514 1212 cogitare
551 1146 607 1194 et.
650 1155 841 1194 curare
866 1138 1060 1203 solent.
1140 1137 1460 1209 Exemplum
1501 1136 1566 1191 de
1609 1138 1918 1209 permultiS‚
1959 1154 2095 1210 quae

104 1228 240 1287 mihi
277 1229 334 1283 in
376 1234 592 1300 promtu
632 1234 791 1291 sunt,
834 1225 1098 1299 proferam
1142 1241 1312 1280 unum
1354 1243 1419 1280 ex
1463 1225 1744 1280 Aeschinis
1778 1227 2097 1282 Timarchea

107 1322 143 1392 ς
179 1321 304 1373 169.
361 1318 451 1372 ἐὰν
504 1318 548 1371 δ’
603 1316 648 1390 (ὃ
697 1314 976 1387 Φίλιππος)
1032 1315 1057 1368 ὃ
1099 1315 1256 1375 αὐτὸς
1298 1315 1349 1368 ἐν
1401 1320 1507 1374 τοῖς
1559 1314 1680 1382 πρὸς
1732 1316 1872 1382 ὑμᾶς
1930 1314 2092 1382 ἔργοις

24 1433 25 1436 “
106 1407 325 1474 γένηται
376 1403 475 1466 οἷος
514 1410 599 1460 νῦν
646 1405 753 1462 ἕςὶν
792 1406 844 1458 ἐν
889 1410 997 1464 τοῖς
1050 1402 1466 1468 ἐπαγγέλμασιν
1517 1403 1746 1472 ἀσφαλῆ
1800 1403 1888 1459 καὶ
1933 1403 2096 1474 ῥᾴδιον

106 1497 195 1551 τὸν
228 1497 343 1549 καθ’
379 1495 565 1549 ἑαυτοῦ
602 1495 871 1558 ποιήσεται
913 1491 1133 1546 ἔπαινον.
1189 1490 1510 1562 Significant
1551 1491 1681 1546 haec
1726 1491 1886 1546 verba
1918 1492 2097 1561 ἄσφα-
2139 1523 2142 1525 ‡

107 1585 210 1646 λῶς
248 1584 339 1638 καὶ
376 1583 556 1653 ῥαδίως
594 1583 751 1643 αὐτὸς
792 1581 971 1635 ἑαυτὸν
1004 1578 1364 1642 ἐπαινέσεται,
1408 1578 1548 1651 quod
1588 1579 1654 1634 ab
1698 1579 1938 1635 Oratoris
1978 1596 2098 1636 sen·

107 1672 280 1727 tentia
328 1687 551 1744 prorsus
591 1669 844 1725 abhorret
890 1676 946 1724 et
989 1667 1284 1723 absurdum
1328 1674 1447 1730 est,
1504 1666 1598 1723 sed
1650 1666 1785 1722 nihil
1832 1669 1978 1724 aliud
2015 1678 2097 1725 est
2166 1663 2168 1668 ’

110 1762 315 1818 ἔπαινον
341 1758 485 1815 κατά
527 1779 660 1820 τινος
698 1760 949 1813 ποιεῖσθαι
986 1773 1148 1828 quam
1186 1757 1411 1811 ἐπαινεῖν
1442 1756 1580 1811 τινα.
1658 1756 1978 1829 Exemplum
2017 1766 2100 1813 ost

0 1819 9 1907 l
112 1850 170 1904 in
212 1849 410 1904 vicinia
466 1848 494 1918 S
533 1851 660 1903 157.
710 1845 786 1900 ἔτι
833 1846 887 1900 δὲ
934 1847 1098 1900 εἰπεῖν
1131 1844 1265 1914 ἔχων
1307 1846 1532 1906 πολλοὺς
1577 1845 1848 1911 παύσομαι
1898 1844 1980 1901 ἵνα
2022 1848 2098 1913 μὴ

0 1926 6 1951 ²
110 1939 235 1994 δοκῶ
278 1939 367 1993 τὸν
402 1936 605 1991 ἔπαινον
643 1935 890 2004 θεραπεία
924 1935 1020 1989 τινὶ
1055 1939 1176 1989 κατ’
1211 1935 1381 1989 αὐτῶν
1414 1935 1698 1998 ποιεῖσθαι,
1739 1934 1880 2005 quod
1923 1936 2100 2007 quivis

111 2027 299 2082 statim
338 2023 484 2079 videt
521 2023 830 2096 significare
877 2022 960 2078 ἵνα
995 2024 1070 2088 μὴ
1116 2022 1238 2076 δοκῶ
1284 2024 1530 2092 θεραπείᾳ
1576 2024 1673 2077 τινὶ
1720 2024 1907 2085 αὐτοὺς
1953 2026 2098 2079 ἐπαι-

0 2102 5 2199 ξ
109 2121 227 2169 νεῖν.
305 2113 496 2185 Itaque
546 2114 600 2167 in
652 2112 829 2184 priore
881 2110 996 2165 loco
1036 2126 1204 2182 quum
1245 2109 1530 2166 manifesta
1569 2111 1641 2164 sit
1696 2108 1937 2166 Oratoris
1981 2129 2098 2168 sen·

0 2211 10 2335 ἱ
112 2203 283 2263 tentia
321 2200 583 2256 emenda:
621 2202 708 2255 τὸν
742 2202 855 2254 καθ’
896 2201 1081 2254 ἑαυτοῦ
1119 2200 1390 2262 ποιήσει
1438 2197 1661 2254 ἔπαινον.

204 2290 286 2346 Ex
338 2289 425 2344 his
474 2289 607 2343 satis
665 2303 933 2359 superque
982 2302 1240 2360 apparere
1299 2287 1533 2343 arbitror
1582 2306 1610 2343 a
1652 2287 1789 2342 bono
1839 2290 2100 2362 scriptore

23 2442 29 2455 ‚
112 2396 208 2454 pro
246 2378 553 2447 σπουδάζειν
593 2376 699 2431 dici
740 2385 985 2449 oportere
1024 2377 1246 2439 σπουδὴν
1285 2378 1537 2432 ποιεῖσθαι
1565 2417 1578 2441 ,
1624 2394 1728 2431 non
1781 2385 1940 2432 ποιεῖν
1969 2421 1980 2442 ,
2023 2376 2100 2434 id-

24 2481 36 2517 ι
111 2485 218 2542 que
245 2469 421 2540 ipsum
463 2464 691 2521 subinde
722 2466 994 2529 occurrit,
1037 2473 1099 2520 ut
1137 2464 1278 2537 apud
1321 2464 1648 2520 Herodotum
1679 2465 1742 2522 V.
1784 2470 1878 2523 50.
1919 2472 2101 2523 πᾶσαν

23 2529 37 2574 ³
110 2558 332 2619 σπουδὴν
362 2556 687 2621 ποιεύμενος,
724 2562 778 2608 et
807 2553 950 2626 apud
984 2553 1398 2610 Demosthenem
1439 2555 1495 2607 in
1517 2554 1811 2609 Prooemiis
1847 2572 1897 2627 p.
1925 2560 2099 2622 1454,

116 2650 203 2701 11.
244 2651 343 2700 τῶν
382 2643 469 2698 ἐπὶ
509 2643 672 2711 τούτῳ
705 2643 925 2706 σπουδὴν
960 2642 1312 2709 ποιησαμένων
1346 2639 1481 2705 ὅπως
1521 2645 1662 2710 ὑμᾶς
1700 2643 2099 2712 ἐξαπατήσωσιν

115 2733 347 2808 (corrige
386 2730 858 2803 ἐξαπατήσωσιν),
914 2738 967 2786 et
1007 2730 1279 2786 Platonem
1324 2732 1378 2785 in
1419 2732 1761 2806 Euthydemo
1797 2749 1850 2806 p.
1889 2739 1997 2790 504
2037 2735 2099 2791 E.

48 2810 58 2827 ⁷
113 2821 390 2889 ληρούντων
420 2822 507 2874 καὶ
551 2820 662 2887 περὶ
701 2819 896 2880 οὐδενὸς
928 2818 1085 2884 ἀξίων
1135 2818 1356 2885 ἀναξίαν
1403 2822 1623 2883 σπουδὴν
1671 2822 2008 2889 ποιουμένων,
2047 2833 2101 2880 ct

114 2910 314 2981 passim
368 2908 514 2963 alibi.

191 2995 259 3052 Ut
297 2997 526 3068 quisque
566 2997 766 3068 optime
818 2995 1072 3068 intelligit
1109 3003 1270 3051 ποιεῖν
1309 2999 1529 3062 σπουδήν
1568 3014 1665 3071 pro
1700 3002 1953 3055 ποιεῖσθαι
1995 2999 2103 3056 dici

117 3100 221 3141 non
282 3100 468 3158 posse,
529 3086 603 3138 ita
657 3082 910 3140 facillime
963 3100 1176 3139 mecum
1229 3085 1536 3141 emendabit
1590 3095 1824 3143 veterem
1877 3090 2099 3143 maximi

117 3174 280 3246 pretii
331 3174 768 3245 inscriptionem,
822 3173 878 3226 iu
915 3189 1022 3244 qua
1053 3172 1384 3229 Chandlerus
1422 3182 1476 3230 et
1514 3173 1812 3231 Boeckhius
1850 3178 2101 3248 gravissi-

6 3291 49 3316 ι.
120 3278 236 3318 mos
274 3264 661 3317 commiserunt
700 3277 910 3315 errores
949 3261 1183 3327 multos,
1236 3261 1302 3317 de
1339 3263 1535 3334 quibus
1580 3265 1684 3319 alio
1736 3273 1974 3337 tempore
2022 3264 2101 3319 ‹li-

123 3366 274 3415 cam,
311 3367 455 3406 nunc
486 3351 752 3420 corrigam
788 3349 931 3405 bunc
972 3366 1158 3404 unum.
1239 3351 1335 3406 Est
1373 3355 1636 3422 ψήφισμα
1670 3355 1975 3419 Καλυμνίων
2017 3370 2102 3409 re-

126 3446 334 3509 pertum
364 3446 417 3494 et
457 3439 660 3494 editum
703 3455 732 3492 a
770 3438 1065 3493 Cluandlero
1106 3439 1399 3512 (inscriptt.
1451 3443 1634 3514 Antiq.
1674 3443 1713 3495 l.
1758 3458 1806 3513 p.
1846 3442 1968 3513 20),
2021 3456 2101 3498 rc·

127 3527 351 3596 potitium
398 3535 450 3581 ct
492 3528 579 3582 hic
620 3527 727 3582 illic
768 3534 1032 3582 tentatum
1072 3545 1101 3581 a
1144 3528 1405 3583 Boeckliio
1445 3530 1498 3584 G.
1531 3530 1569 3584 1.
1619 3530 1727 3583 Vol.
1766 3530 1829 3583 11.
1876 3546 1921 3600 p.
1960 3533 2098 3594 460,

129 3617 180 3668 in
241 3630 345 3685 quo
395 3617 465 3668 ita
519 3617 776 3685 seriptum
829 3633 941 3671 csse
1003 3616 1275 3673 creditur:
1333 3619 1606 3674 ἀπέ-,τειλεν
1667 3616 1847 3682 ἄνδρας
1910 3619 2096 3682 καλοὺς

13 1074 27 1161 -ι-σν
0 1039 25 1061 J
13 974 26 1028 *an*
15 928 17 930 ¹

16 1831 25 1836 '-
22 1785 29 1808 ο
