2436 4068
1298 206 1404 256 206

367 348 520 403 ribus
539 348 670 403 haec
693 348 802 403 fere
826 347 1080 402 dictitans
1102 361 1347 401 sermone
1382 345 1654 417 populari:
1696 346 1773 408 τίς
1811 349 1885 404 ἐςι
1918 350 2010 415 πρὸ
2046 356 2137 412 τῆς
2175 349 2352 417 θύρας;

368 439 458 492 οὐκ
508 437 670 499 bin-813
726 438 799 502 μὴ
853 435 1157 503 πράγματα
1209 433 1414 500 πάρεχε
1455 434 1526 500 τῷ
1580 433 1804 502 δεσπότῃ
1854 436 1974 502 πρὸς
2015 439 2106 500 τὴν
2148 437 2351 491 αὔλειον

368 525 519 592 θύραν
571 525 860 591 προσεςώς,
914 523 940 585 ἢ
997 523 1246 576 οὲποθανεῖ
1291 521 1492 583 Ἕλλην
1547 521 1642 584 ὢν,
1692 518 1761 582 οἷς
1803 524 1890 576 οὐκ
1938 522 2042 581 ἔςιν
2094 523 2350 591 ἐπιμιξία.

373 612 469 666 Cui
511 612 814 666 Menelaus:

677 696 711 751 ὦ
754 705 950 766 γραῖα,
992 703 1168 752 ταῦτα
1211 696 1365 751 πάντ’
1407 696 1504 758 ἔπη
1547 702 1718 757 καλῶς
1758 698 1953 762 λέγεις.

374 786 513 840 satin
557 801 720 839 sanus
750 786 1028 850 videatur,
1069 786 1161 856 qui
1198 785 1304 838 illis
1343 784 1473 839 haec
1515 783 1876 856 respondeat?
1957 785 2134 839 Etiam
2177 784 2359 839 absur-

376 872 526 926 diora
564 872 741 926 addit:

677 959 829 1024 ἕξεςι.
871 949 1117 1026 πείσομαι
1156 959 1279 1028 γαρ.
1322 962 1447 1014 αλλ’
1489 958 1606 1020 ἄνες
1646 959 1821 1024 λόγον.

371 1050 402 1102 ὀ
443 1048 667 1102 miseros
702 1048 1056 1120 interpreteS,
1099 1047 1294 1118 quibus
1342 1047 1473 1102 haec
1521 1047 1777 1118 explicari
1818 1062 1970 1119 posse
2015 1047 2268 1103 videntur
2306 1056 2359 1104 et

371 1136 465 1206 qui
505 1135 739 1207 aliquam
784 1137 957 1191 inesse
993 1137 1047 1190 in
1089 1136 1209 1190 istis
1250 1136 1574 1189 sententiam
1611 1135 1840 1190 firmiter
1881 1134 2137 1200 credunt,
2194 1153 2355 1207 quam

371 1223 592 1278 nitendo
632 1224 824 1278 elicere
882 1230 1165 1295 satagunt,
1207 1229 1270 1277 ut
1306 1222 1395 1277 ille
1445 1224 1539 1294 qui
1586 1232 1758 1277 versat
1797 1222 1998 1277 Saxum
2053 1223 2246 1278 sudans
2284 1225 2359 1278 ni-

377 1311 526 1364 tendo
565 1329 728 1383 neque
762 1312 968 1384 proficit
1011 1312 1198 1365 hilum.
1281 1310 1464 1381 Neque
1506 1310 1681 1367 adhuc
1738 1310 1893 1382 plane
1939 1317 2146 1366 exemta
2185 1319 2265 1366 est
2301 1330 2366 1367 ex

371 1398 736 1470 Interpretum
779 1399 975 1453 animis
1032 1399 1121 1453 illa
1176 1398 1528 1469 simplicitas,
1585 1398 1758 1469 qualis
1805 1406 1920 1454 erat
1971 1399 2088 1453 eius
2141 1400 2233 1470 qui
2292 1400 2358 1455 ad

371 1485 570 1540 Phoen.
613 1503 689 1540 vs.
728 1482 856 1543 916.

675 1571 808 1641 ἅπερ
851 1573 1054 1643 πέφυκε
1093 1579 1270 1629 ταῦτα
1308 1573 1548 1639 κοὲνοὶγκη
1590 1595 1648 1628 σε
1690 1575 1829 1642 δρᾶν.

374 1662 685 1715 annotavit:
730 1661 904 1714 »Dum
943 1662 1128 1715 melior
1169 1661 1314 1715 lectio
1355 1680 1381 1715 e
1424 1661 1691 1716 Codicibus
1727 1667 1940 1715 eruatur
1979 1660 2255 1715 videndum
2293 1680 2362 1716 an

375 1748 632 1819 emplicari
679 1749 862 1802 saltem
924 1750 1065 1803 locus
1111 1749 1335 1821 possic.''
1417 1749 1548 1816 Quis
1596 1750 1767 1820 igitur
1807 1747 2130 1813 mirabitur,
2184 1750 2230 1803 si
2285 1751 2364 1805 sic

373 1842 617 1891 monstra
658 1842 711 1890 et
751 1843 999 1908 portenta
1058 1837 1568 1907 interpretationum
1630 1836 2159 1892 comminiscuntur?
2240 1838 2364 1894 Post

368 1941 541 1996 pauca
581 1925 778 1978 iterum
821 1925 1091 1980 Menelaus
1132 1931 1290 1995 urget
1330 1941 1405 1979 vs,
1448 1928 1576 1980 449.

676 2011 930 2078 ἄγγειλον
971 2012 1087 2067 εἴσω
1129 2012 1431 2066 δεσπόταισι
1473 2018 1602 2066 τοῖσι
1644 2019 1767 2074 σοῖς.

371 2101 467 2156 Cui
510 2116 674 2155 anus:

675 2194 860 2255 πικρῶς
902 2187 966 2241 ἂν
1006 2185 1153 2252 οἶμαί
1193 2190 1249 2252 γ’
1290 2188 1551 2252 ἀγγελεῖν
1591 2188 1709 2249 τοὺς
1746 2188 1862 2247 σοὺς
1900 2188 2106 2254 λόγους.

370 2278 424 2330 in
466 2292 570 2347 quo
609 2292 768 2330 versu
803 2276 848 2329 si
898 2273 1028 2346 quid
1068 2274 1341 2328 emendari
1382 2280 1557 2345 potest
1597 2276 1804 2343 πικρούς
1846 2275 1950 2330 erit
1988 2276 2359 2347 probandum,

368 2380 474 2435 quo
526 2379 689 2417 sensu
742 2368 974 2416 utuntur
1025 2361 1280 2416 vocabulo
1319 2362 1493 2430 πικρός
1548 2363 1639 2432 qui
1688 2361 1850 2416 alicui
1891 2362 2092 2418 malum
2154 2367 2359 2422 minan-

369 2458 498 2515 tur,
538 2457 599 2504 ut
641 2451 696 2504 in
734 2449 833 2504 hac
873 2451 989 2520 ipsa
1027 2465 1086 2502 re
1126 2450 1509 2521 Aristophanes
1551 2448 1870 2520 Thesmoph.
1909 2453 2038 2508 855.

676 2538 864 2605 πικραν
903 2536 1112 2598 Ἑλένην
1154 2537 1268 2605 όψει
1309 2537 1477 2605 τάχ’,
1519 2539 1561 2591 εἷ
1602 2539 1675 2603 μὴ
1713 2538 1932 2604 κοσμίως

678 2623 844 2690 ἕξεις,
885 2622 975 2685 ἕως
1017 2625 1079 2679 ἂν
1121 2630 1218 2678 τῶν
1258 2624 1550 2691 πρυτάνεων
1590 2646 1668 2685 τις
1708 2629 1870 2695 φανῇ.

375 2714 467 2769 sed
508 2713 639 2785 quid
679 2729 875 2784 quaeso
916 2713 992 2767 sic
1035 2711 1384 2783 proficimus?
1446 2729 1620 2783 neque
1660 2714 1919 2779 ἀγγελεῖν
1956 2713 2020 2768 ἄν
2061 2714 2166 2770 ullo
2206 2716 2362 2772 modo
2428 2703 2436 2730 ⁷

377 2819 568 2858 sanum
609 2818 723 2856 esse
759 2806 933 2873 potest
967 2817 1140 2871 neque
1178 2821 1243 2865 γε
1283 2799 1619 2871 ineptissime
1655 2801 2050 2872 interpositum.

453 2890 518 2943 In
563 2887 870 2944 istiusmodi
926 2887 1056 2942 locis
1111 2894 1357 2952 mortuo,
1412 2895 1472 2942 ut
1520 2889 1710 2950 aiunt,
1767 2888 2088 2943 medicinam
2131 2890 2361 2948 facimus
2426 2951 2427 2954 ,

379 2984 433 3032 et
473 2976 834 3048 nequidquam
877 2992 973 3029 nos
1015 2976 1389 3029 excruciamus
1431 2981 1483 3029 et
1524 2976 1753 3039 ἀνήνυτα
1792 2979 2106 3044 μοχθοῦμεν.
2189 2979 2358 3046 Quam
2431 2962 2436 2968 ’

377 3064 551 3119 multa
585 3064 650 3118 de
685 3079 879 3134 genere
922 3062 1021 3116 hoe
1069 3062 1262 3117 habeat
1305 3062 1580 3134 Euripidis
1629 3063 1863 3128 Helena,
1906 3081 2042 3136 quae
2083 3066 2136 3119 in
2180 3070 2364 3138 paucis

379 3152 533 3206 libris
571 3151 877 3206 deterrimis
918 3157 970 3203 et
1012 3149 1275 3221 flagitiose
1327 3150 1661 3221 interpolatis
1700 3151 1766 3205 ad
1816 3169 1912 3207 nos
1967 3155 2233 3224 pervenit,
2274 3173 2361 3227 pa-

380 3241 489 3294 lam
542 3238 747 3294 saciunt
802 3237 1084 3292 Editorum
1141 3238 1380 3293 infelices
1432 3238 1902 3309 interpretationes
1957 3247 2009 3294 et
2061 3241 2364 3299 levissimae

381 3328 754 3389 coniecturae,
798 3327 853 3379 in
894 3325 1088 3396 quibus
1130 3326 1264 3380 nihil
1305 3325 1555 3396 estquod
1596 3333 1838 3398 repertae
1874 3329 2118 3382 veritatis
2161 3330 2362 3385 virtute

379 3415 538 3470 feriat
583 3415 856 3477 animum,
916 3412 1008 3467 sed
1063 3422 1246 3469 contra
1295 3414 1499 3476 multa,
1555 3413 1749 3483 quibus
1807 3421 1988 3469 certus
2042 3415 2361 3472 Graecitatis

384 3520 513 3557 usus
553 3509 647 3556 aut
682 3517 1029 3556 numerorum
1072 3503 1208 3556 ratio
1251 3503 1482 3574 turpiter
1522 3501 1751 3555 violetur
1777 3542 1789 3566 ,
1843 3508 1902 3555 ut
1950 3503 2084 3558 nihil
2125 3505 2195 3559 sit
2248 3522 2359 3560 cor-

377 3592 592 3663 ruptius
633 3606 792 3661 quam
835 3589 887 3643 id
930 3590 1103 3661 ipsum
1161 3590 1301 3662 quod
1358 3596 1622 3662 reponunt
1664 3590 1894 3646 amissae
1934 3593 2178 3648 veritatis
2220 3593 2362 3650 inda·
