2436 4068
1055 205 1157 257 541

120 357 332 423 τονομία
381 352 618 419 προσήκει
673 366 767 421 pro
810 349 1099 415 προσέοικε,
1141 362 1468 422 ‹piamquam
1494 393 1506 414 ‚
1550 366 1615 403 nc
1664 349 1795 421 quid
1848 348 2101 402 dissimu-

118 446 259 505 lem,
313 457 480 512 paene
541 455 624 492 ine
678 437 906 491 retrahit
962 438 1108 491 locus
1165 440 1215 491 in
1266 439 1467 493 Hellen.
1522 438 1698 492 11.1v.
1742 441 1814 491 40
1890 437 2002 490 ἐπεὶ
2045 437 2097 490 δὲ

114 530 427 588 δικαιοσύνης
480 528 616 581 οὐδὲν
672 527 792 590 ὑμῖν
846 527 1119 591 προσήκει,
1161 533 1214 579 et
1256 526 1543 580 Oratorum
1586 525 1688 579 loci
1737 525 1826 579 ubi
1866 523 2095 594 legitur:

114 619 293 674 τούτου
340 620 430 669 τοῦ
496 614 816 681 πράγματος
870 612 1010 666 οὐδέν
1062 633 1147 676 μοι
1203 616 1441 680 προσήκει
1500 612 1579 667 vel
1651 613 1763 679 ἐμοὶ
1819 612 2096 676 οὐδαμόθεν
2152 672 2154 674 Γ

112 707 369 773 προσήκει.
449 702 652 756 Ibidem
708 700 1087 770 turpissimum
1140 700 1393 754 mendum
1448 701 1699 755 Editores
1755 701 1988 755 tolerant
2041 701 2096 752 in

114 794 311 848 ἐοίκατε
354 790 617 856 ἡδόμενοι,
672 787 763 843 sed
805 787 1081 842 Graeculis
1123 787 1222 840 ista
1264 788 1613 858 relinquenda
1655 794 1783 842 sunt
1824 787 2095 858 negligen-

114 882 320 935 tissime
359 877 733 951 loquentibuS,
782 876 876 947 qui
920 891 986 929 ne
1027 874 1445 946 suspicabantur
1496 875 1712 945 quidem
1753 892 1913 946 quani
1956 880 2096 928 essct

112 966 403 1023 absurdum
444 966 625 1020 dicere
676 965 817 1019 ἔοικα
870 963 1105 1028 ἡδόμενος
1153 979 1246 1034 pro
1287 963 1530 1016 laetantis
1581 964 1802 1032 speciem
1853 962 2094 1034 praebeo.

113 1057 334 1112 Veteres
386 1060 639 1108 accurate
686 1053 985 1123 cogitantes
1043 1049 1294 1104 dicebant
1348 1050 1552 1105 ἐοίκατε
1593 1051 1877 1116 ἡδομένοις,
1935 1050 2096 1120 idque

110 1142 439 1200 reddendum
502 1139 838 1212 Xenophonti
886 1146 1004 1202 est,
1057 1138 1147 1209 qui
1190 1155 1349 1209 saepe
1402 1139 1481 1191 sic
1535 1138 1678 1209 loqui
1738 1137 1871 1191 solet
1929 1137 2096 1191 veluti

111 1233 200 1289 lv.
240 1249 289 1286 V.
333 1235 384 1285 7.
443 1229 659 1290 ἐοικότος
694 1227 1080 1295 ἀγαλλομένῳ,
1118 1235 1171 1281 et
1218 1227 1271 1280 in
1313 1226 1483 1281 Anab.
1535 1229 1747 1282 V..V111.
1797 1230 1882 1280 10.
1942 1224 2094 1278 εἰδότι

110 1320 357 1383 ἐοικέναι,
410 1325 464 1373 et
506 1317 560 1371 in
611 1314 902 1389 Cyropaed.
949 1315 1035 1370 VI.
1079 1331 1133 1367 11.
1183 1318 1266 1368 14.
1320 1315 1430 1369 ἰδών
1471 1335 1616 1375 τινας
1653 1307 1884 1374 ἐοικότας
1923 1318 2096 1379 πεφο-

109 1410 385 1476 βημένοις,
423 1413 478 1462 et
518 1406 571 1459 in
607 1403 809 1459 Hellen.
829 1403 942 1458 Vll.
977 1420 1025 1457 v·
1068 1405 1156 1456 22.
1197 1403 1515 1468 πεισομένοις
1552 1424 1603 1457 τι
1645 1406 1853 1468 μᾶλλον
1892 1402 1920 1465 ἢ
1955 1401 2094 1463 ποιή·

108 1517 279 1553 σουσιν
312 1495 565 1560 ἐῴκεσαν,
613 1500 668 1548 et
715 1494 771 1546 V.
814 1497 867 1547 4.
913 1497 1003 1547 40.
1056 1491 1282 1559 ἐῴκεσαν
1330 1490 1693 1545 ὑποπεπωκόσι
1755 1511 1851 1545 που
1892 1491 1942 1543 ἐν
1996 1510 2091 1555 με-
2150 1528 2152 1530 -

106 1586 359 1655 σημβρία.
438 1580 693 1637 Eiusdem
734 1582 948 1652 generis
991 1587 1072 1634 est
1114 1579 1253 1650 quod
1297 1579 1495 1650 legitur
1537 1581 1589 1633 in
1634 1578 1835 1633 Hellen.
1878 1577 1995 1631 Vll.
2039 1594 2088 1629 v.

107 1678 199 1729 22.
257 1672 356 1731 ὅτε
412 1669 624 1731 εἰκάσθη
669 1668 1164 1736 ςρατοπεδευομένῳ.
1243 1667 1388 1721 Novo
1442 1668 1571 1723 vitio
1621 1667 1764 1736 ἐῴκει
1826 1666 2092 1737 scriptum

105 1770 188 1818 est
228 1761 429 1817 Hellen.
470 1758 564 1813 Ill.
605 1774 679 1811 ιιι.
722 1761 774 1811 8.
814 1758 1156 1821 λυμαίνεσθαι
1201 1756 1244 1810 δ’
1287 1755 1481 1825 ἐῴκει
1522 1757 1658 1818 τοὺς.
1688 1754 2090 1824 ἀφικνουμένους

106 1849 555 1916 Λακεδαιμονίων,
608 1846 874 1900 sententia
923 1845 1068 1899 enim
1125 1843 1227 1898 loci
1270 1844 1505 1916 postulat
1542 1843 1940 1898 utscribatur:
1997 1855 2093 1896 λυ-

105 1939 381 2003 μαίνεσθαι
435 1937 479 1991 δ’
525 1934 770 1997 ἐδόκει,
832 1950 934 1987 non
977 1933 1121 1987 enim
1174 1931 1239 1986 de
1292 1933 1470 2003 specie
1530 1948 1691 2003 quam
1751 1930 1840 1985 illa
1898 1929 2093 1985 mulier

16 2046 17 2050 ¹
107 2023 392 2099 praebebat
434 2022 534 2078 hoc
574 2023 813 2087 dicitur,
854 2020 947 2076 sed
986 2020 1053 2076 de
1090 2020 1232 2076 sanna
1284 2020 1562 2076 hominum
1607 2028 1661 2074 et
1694 2018 2092 2074 existimatione

106 2130 211 2187 qua
253 2111 524 2168 utebatur.

182 2202 483 2258 Atticorum
525 2206 607 2255 est
652 2198 831 2253 dicere
870 2198 943 2252 τοὶ
998 2198 1218 2253 ναυτικοὶ
1260 2198 1347 2253 καὶ
1382 2197 1455 2252 τοὶ
1500 2218 1574 2251 πε
1592 2197 1625 2265 ζ
1635 2195 1705 2260 οὶ,
1748 2213 1849 2251 non
1891 2195 1964 2250 τοὶ
2001 2216 2088 2249 πε-

105 2290 260 2361 ζικά,
300 2287 441 2362 quod
481 2287 682 2359 legitur
722 2286 810 2341 vl.
853 2303 927 2339 ιιι.
975 2289 1071 2350 18,
1111 2295 1165 2340 et
1203 2294 1309 2342 τοῖν
1349 2287 1530 2355 μόραιν
1584 2302 1686 2339 ιιοη
1727 2291 1846 2340 ταῖν
1891 2284 1975 2339 VI.
2017 2301 2087 2338 ιν.

112 2385 195 2435 17.
274 2377 539 2433 Barbarae
597 2375 798 2430 formae
852 2376 1266 2447 conspiciuntur
1323 2377 1409 2431 Vl.
1466 2392 1512 2428 v.
1570 2377 1659 2428 ⁶20.
1714 2372 2087 2440 ἐξωρμήσατο,

105 2475 159 2523 et
193 2465 234 2541 S
264 2470 354 2521 24.
394 2465 749 2531 συνειδόμενοι.
829 2463 1128 2535 Perpetuus
1168 2466 1408 2519 oninium
1454 2479 1583 2518 usus
1623 2462 1855 2534 requirit
1900 2468 1957 2515 ut
1999 2461 2087 2515 VI.

104 2573 153 2610 v,
196 2560 283 2611 55.
342 2554 554 2626 legatur
608 2552 895 2620 παρίςαντο
951 2552 1036 2606 ἐπ’
1076 2554 1259 2622 ἀγαθῷ
1309 2570 1405 2625 pro
1443 2553 1526 2606 ἐπ’
1568 2552 1805 2616 ἀγαθοῖς.
1886 2549 2087 2604 Recen-

107 2645 303 2700 tiorum
352 2641 536 2697 sordes
585 2639 948 2696 adhaeserunt
985 2639 1097 2694 Vll.
1140 2658 1192 2695 11.
1239 2645 1288 2696 7.
1347 2640 1436 2695 ubi
1474 2638 1710 2707 χαμόθεν
1750 2637 1951 2709 legitur
1990 2655 2087 2711 pro

103 2732 324 2805 antiqua
379 2730 549 2785 forma
599 2730 865 2797 χαμᾶθεν.
947 2728 1108 2784 Recte
1169 2727 1478 2784 Dindorfius
1519 2727 1633 2782 Vll.
1676 2744 1731 2781 ιι.
1778 2729 1867 2780 22.
1928 2726 2086 2782 Grae·

27 2815 29 2818 ’
103 2819 346 2876 culorum
388 2819 520 2873 vitio
559 2825 742 2872 natam
782 2816 1064 2872 lectionem
1105 2818 1406 2883 λουομένους
1446 2815 1753 2872 emendavit
1802 2815 1857 2869 in
1901 2817 2087 2882 λουμέ-

101 2928 231 2971 νους.
312 2908 575 2979 Perpetuo
616 2906 667 2960 in
721 2905 806 2959 his
856 2904 1103 2960 Graeculi
1156 2904 1223 2959 ad
1272 2922 1425 2960 suam
1480 2903 1694 2960 dicendi
1740 2903 2084 2958 consuetudi-

21 2990 26 2996 ’
103 3012 225 3053 nem
264 2994 590 3051 delabuntur
629 2994 838 3049 λούεται
893 2991 1191 3048 scribentes
1230 3000 1283 3048 et
1322 2994 1590 3058 λούονται,
1629 2991 1904 3056 λούεσθαι,
1943 2993 2084 3047 λουό-

101 3104 249 3151 μενος
307 3100 403 3156 pro
454 3087 676 3145 λοῦται,
731 3085 983 3147 λοῦνται,
1024 3083 1271 3145 λοῦσθαι,
1327 3082 1589 3148 λούμενος.
1682 3082 1745 3136 In
1793 3080 2082 3136 Clementis

102 3170 384 3228 Alexandr.
426 3170 735 3242 paedagogo
771 3169 864 3225 111.
907 3187 956 3241 p.
989 3173 1097 3225 218
1140 3169 1284 3244 Sylb.
1326 3187 1512 3225 omnes
1551 3167 1770 3223 Codices
1802 3169 2083 3224 exhibent:

21 3303 28 3318 .
103 3262 481 3328 σμήχεται,
533 3259 816 3328 κτενίζετ’,
870 3258 1168 3324 ἐκβέβηκε,
1207 3259 1483 3326 τρίβεται,
1535 3257 1833 3320 λούεται,
1877 3263 2079 3311 σκοπεῖ-

16 3384 18 3387 -
103 3369 223 3411 ται,
260 3347 548 3410 τέλλεται,
589 3347 876 3415 μυρίζεται.
959 3346 1043 3401 Bis
1084 3354 1231 3402 certo
1277 3347 1437 3401 metri
1484 3344 1682 3400 indicio
1723 3344 1962 3400 fraudem
2005 3351 2081 3398 te-

14 3407 26 3456 4

16 3500 20 3508 ⁸
108 3452 296 3492 nemus
338 3434 691 3490 manifestam.
773 3435 934 3489 Recte
973 3434 1272 3490 Meinckius
1312 3435 1574 3490 correxit:

413 3530 660 3587 Σμῆται
681 3566 694 3586 ,
735 3524 982 3591 κτενίζετ’
1006 3565 1019 3586 ,
1060 3523 1319 3589 ἐκβέβηκε
1345 3566 1357 3587 ,
1398 3524 1672 3590 τρίβεται,

413 3620 458 3664 Α
477 3615 693 3675 οῦται,
734 3619 1003 3667 σκοπεῖν-αι
1028 3655 1039 3674 ,
1080 3613 1328 3669 ςέλλεται
1354 3653 1367 3673 ,
1410 3611 1694 3677 μυρίζεται.
