2436 4068
1335 180 1438 229 584

395 329 507 382 σθοιι
563 324 763 379 (licitur
814 323 858 375 si
901 321 1022 392 quis
1076 321 1235 374 semel
1290 321 1590 389 ἐξέρχεται,
1646 322 1735 376 sed
1777 324 1819 376 si
1860 326 2066 395 saepius
2111 331 2360 384 ποιεῖσθαι

389 414 585 479 ἐξόδους
627 417 720 465 aut
759 407 941 473 ἐξιένοιι
981 408 1175 472 ἐξόδους
1221 408 1305 482 (ut
1338 410 1479 480 apud
1520 411 1928 466 Demosthenem
1972 431 2020 483 p.
2054 419 2229 480 1182,
2271 420 2359 472 25.

386 501 593 557 ἐπειδάν
633 500 771 565 ὁρῶσι
812 498 904 559 τὴν
950 499 1129 551 τούτου
1183 498 1390 564 ἑτοιίροιν
1431 529 1504 537 —
1544 496 1738 560 ἐξόδους
1786 502 2039 567 λάμπροὶς
2080 501 2355 577 ἐξιοῦσαν).

387 591 464 644 sic
516 590 677 642 πλοῦν
732 586 980 639 ποιεῖσθαι
1024 584 1284 638 usitatum
1339 591 1454 639 erat
1507 584 1682 639 dicere
1737 593 1788 640 et
1844 589 1960 655 πλῷ
2012 592 2234 656 χρῆσθαι
2290 590 2356 645 de

384 696 489 730 una
532 673 906 744 navigatione,
960 670 1051 725 sed
1099 676 1259 732 πλοῦς
1302 674 1552 727 ποιεῖσθαι
1595 679 1646 726 et
1682 681 1830 735 πλοῖς
1881 678 2100 743 χρῆσθαι
2137 677 2202 732 de
2237 678 2355 748 plu-

385 765 547 818 ribus,
618 759 887 832 Antiphon
949 759 1001 812 in
1055 757 1201 814 Orat.
1246 758 1306 814 V.
1364 765 1457 815 85.
1520 758 1649 821 ὅό·οις
1706 762 2033 817 συνέπλευσοο
2088 766 2358 827 κάλλίςοις

383 853 670 921 ἐχρήσαντο
728 853 897 908 πλοῖς.
994 846 1283 919 Xenophon
1346 848 1545 902 Hellen.
1589 848 1677 902 VI.
1729 867 1783 902 11.
1838 854 1927 904 50.
1984 852 2035 904 ἐν
2085 859 2191 913 τοῖς
2243 855 2358 919 μεθ’

388 939 578 1007 ἡμέραν
618 943 842 1000 πλοῖς,
883 941 935 989 et
978 935 1030 988 in
1075 933 1424 990 Oeconomico
1464 936 1603 991 XXI.
1652 940 1702 990 5.
1755 935 1879 991 ὅταν
1922 938 2006 1006 δέῃ
2041 943 2200 1006 περᾶν
2238 943 2362 1007 ἦμε-

384 1028 577 1096 pua-love,-
629 1027 857 1085 πλοῦς.
949 1021 1010 1076 In
1064 1021 1296 1077 Anahasi
1338 1023 1400 1077 V.
1442 1041 1530 1078 vn.
1575 1027 1627 1077 7.
1682 1024 1870 1096 optimi
1930 1025 2052 1080 libri
2105 1027 2359 1084 exhibent

384 1115 472 1171 κοοὶ
518 1114 773 1179 λέγεται,
823 1109 948 1166 δ’τοον
990 1111 1176 1179 βορρᾶς
1225 1112 1371 1180 πνέῃ,
1424 1115 1486 1173 ὡς
1528 1114 1728 1167 κοιλοὶ
1773 1121 1938 1168 πλοῖ
1983 1116 2108 1170 εἷο-ιν
2153 1117 2226 1177 εἷς
2265 1119 2359 1182 τὴν

383 1202 663 1264 Ἑλλάδοο,
719 1200 810 1254 uhi
861 1200 1052 1264 λέγετε
1094 1216 1189 1270 pro
1240 1201 1458 1266 λέγεται
1501 1201 1898 1255 restituendum
1939 1211 2039 1257 est.
2121 1203 2179 1259 In
2227 1207 2362 1278 opti-

386 1307 474 1346 mo
514 1290 774 1344 Vaticano
813 1287 959 1342 πλόοι
1007 1286 1234 1358 legitur,
1276 1289 1331 1341 in
1358 1277 1598 1343 “caeteris
1637 1297 1799 1345 πλοῖά
1839 1289 2158 1346 stultissima
2201 1292 2362 1349 Grae-

386 1378 629 1434 culorum
688 1376 1055 1439 correctione,
1110 1376 1202 1446 qui
1251 1392 1416 1446 quum
1463 1376 1745 1431 haererent
1796 1378 1849 1431 in
1899 1379 2076 1433 verbis
2136 1389 2364 1437 ΩΣΚΑ-

385 1470 894 1521 ΛΟΙΠΛΟΙΕΙΣΙΝ
934 1461 1000 1516 de
1060 1479 1156 1517 suo
1196 1462 1460 1518 dederunt
1506 1464 1602 1521 ὦςε
1656 1466 1815 1520 καλὸν
1875 1475 2035 1521 πλοῖοο
2093 1465 2221 1524 εἶναι
2271 1470 2358 1525 aaa}

388 1554 633 1609 άπελθεῖν
669 1552 739 1611 εἷς
779 1551 870 1613 τὴν
911 1550 1168 1605 Ἑλλάδος.
1249 1551 1417 1606 Viden
1479 1559 1536 1606 ut
1579 1552 1965 1608 homunciones
2006 1555 2206 1610 nullius
2242 1574 2361 1629 pre-

386 1642 451 1696 tii
491 1639 822 1695 confidenter
861 1637 1109 1693 Veterem
1150 1640 1478 1711 scripturam
1520 1640 1882 1712 interpolent?
1964 1642 2160 1697 Eodem
2205 1645 2362 1700 modo

386 1734 527 1794 πλῶν
569 1727 729 1799 periit
768 1726 822 1779 in
854 1725 1220 1798 Xenophontis
1262 1728 1391 1799 Rep.
1436 1727 1628 1782 Athen.
1664 1729 1701 1782 Ι.
1748 1732 1835 1784 ⁶:20.
1879 1732 2187 1798 κυβερνῆται
2221 1735 2361 1799 azyac-

386 1819 466 1874 θο-ὶ-
493 1817 764 1884 γίγνονται
807 1815 868 1868 δι’
905 1815 1172 1882 ἐμπειρίαν
1210 1837 1268 1870 τε
1302 1821 1399 1870 τῶν
1434 1817 1678 1871 πλοίων
1714 1818 1800 1871 καὶ
1842 1818 1927 1872 διὰ
1965 1819 2192 1884 μελέτην
2214 1864 2228 1886 ,
2269 1821 2362 1876 ubi

384 1905 490 1960 duo
526 1903 743 1958 Codices
782 1902 952 1957 πλόων
993 1902 1289 1961 dederunt.
1346 1904 1485 1975 quod
1527 1904 1870 1960 festinantius
1925 1915 2198 1978 receptum
2243 1915 2360 1974 est,

386 2010 508 2049 nam
570 1996 712 2047 πλῶν
767 1989 1110 2044 scribendum
1167 2007 1283 2045 esse
1346 2000 1582 2064 apparet.
1677 1990 1820 2047 Idem
1884 2011 2104 2065 prorsus
2167 1997 2359 2054 vitium

385 2083 737 2137 commissum
771 2084 854 2133 est
889 2079 942 2131 in
987 2077 1221 2132 Platonis
1264 2080 1484 2134 Politice
1526 2098 1574 2152 p.
1610 2084 1716 2135 298
1761 2080 1816 2135 C.
1859 2084 1972 2137 καθ’
2002 2081 2032 2137 δ’
2066 2105 2116 2139 τι
2155 2087 2258 2153 χρὴ
2283 2117 2358 2129 --

386 2172 607 2239 χρῆσθοοι
661 2175 766 2228 τοῖς
816 2167 1007 2227 πλοίοις
1057 2187 1116 2221 τε
1173 2169 1350 2229 αὐτοῖς
1405 2168 1490 2222 xx>
1542 2175 1647 2229 τοῖς
1703 2178 1956 2231 νοουτικοῖς
2007 2172 2237 2240 ὀργάνοις
2289 2175 2360 2236 εἰς

385 2260 478 2322 τὴν
517 2264 614 2312 τῶν
651 2255 896 2310 πλοίων
935 2255 1147 2323 χρείαν,
1189 2255 1279 2309 uhi
1319 2255 1617 2327 philosophi
1660 2273 1851 2312 manus
1891 2265 1972 2312 est
2022 2262 2094 2320 εἰς
2136 2262 2227 2323 τὴν
2262 2266 2361 2316 τῶν

386 2352 557 2402 πλῶν
595 2344 811 2413 χρείαν,
856 2343 995 2414 quod
1036 2350 1090 2398 et
1142 2343 1280 2397 ratio
1329 2345 1496 2398 vincit
1535 2351 1588 2398 et
1634 2345 1678 2399 si
1710 2347 1798 2399 cui
1837 2325 2085 2402 ‘nondum
2136 2348 2188 2402 id
2229 2349 2361 2404 satis

386 2443 466 2491 est
515 2435 565 2490 ei
604 2448 884 2487 assensum
932 2431 1268 2503 extorquebit
1308 2431 1545 2503 perdocti
1599 2433 1948 2488 Grammatici
2005 2437 2213 2507 antiqui
2270 2453 2361 2491 au-

385 2515 623 2580 ctoritas·
705 2520 948 2575 Servavit
997 2521 1139 2574 enim
1185 2520 1406 2574 Photius
1444 2537 1505 2574 ex
1549 2523 1771 2592 antiqua
1815 2522 1953 2587 λέξει
1995 2523 2271 2586 Πλάτωνος
2308 2531 2361 2580 et

386 2613 488 2672 alia
511 2610 682 2666 multa
715 2609 931 2680 egregia
967 2614 1019 2662 et
1043 2607 1180 2662 hanc
1214 2609 1640 2665 annotationem:
1683 2619 1868 2692 UMT}
1913 2614 1970 2667 τὸ
2005 2613 2357 2676 πληθυντικόν.

384 2704 426 2757 οἱ
476 2700 652 2760 πλόες.
707 2697 952 2758 καὶτοὺς
1008 2701 1200 2758 πλοῦς·
1257 2698 1314 2758 ἐς
1366 2698 1474 2760 τὴν
1513 2705 1628 2753 τῶν
1676 2705 1851 2755 πλῶν
1893 2702 2168 2769 χρείαν,
2225 2701 2356 2772 φησὶ

383 2790 636 2852 Πλάτων,
678 2803 814 2858 quae
852 2787 1088 2857 primum
1139 2785 1381 2839 nonnihil
1424 2787 1700 2858 purganda
1740 2795 1837 2843 est.
1916 2789 2116 2862 Nempe
2156 2806 2355 2862 expun-

384 2894 451 2950 ge
500 2879 542 2931 οἱ
584 2875 740 2935 πλόες
775 2891 806 2928 a
847 2873 1106 2930 Graeculo
1152 2875 1446 2929 insertum:
1489 2875 1715 2929 istorum
1759 2877 1948 2931 vitiosa
1992 2880 2226 2942 συνήθειά
2265 2894 2354 2933 no·

383 2967 530 3021 mina
581 2967 722 3026 νοῦς,
776 2967 938 3024 πλοῦς
989 2969 1041 3017 et
1081 2966 1189 3031 ῥοῦς
1241 2961 1487 3016 flectebat
1540 2962 1722 3018 eodem
1778 2965 1931 3020 modo
1986 2973 2144 3037 atque
2194 2968 2353 3033 βοῦς,

380 3058 536 3124 χροῦς
591 3058 644 3106 et
682 3055 844 3118 χοῦςε
906 3053 1087 3122 itaque
1143 3051 1231 3127 isti
1281 3050 1385 3112 νοός
1424 3057 1476 3105 et
1531 3052 1634 3116 νοΐ,
1689 3053 1792 3120 ῥοός
1841 3060 1893 3107 et
1935 3055 2044 3122 ῥοΐ,
2101 3055 2255 3117 πλοός
2298 3061 2352 3112 et

379 3139 780 3200 omofdicebant
809 3146 864 3193 et
908 3139 1160 3194 similiter
1202 3142 1245 3193 οἱ
1285 3138 1390 3199 νόες
1432 3147 1484 3193 et
1517 3143 1560 3194 οἱ
1597 3139 1772 3201 πλόες.
1855 3141 1988 3196 Vide
2043 3159 2180 3213 quae
2227 3159 2348 3197 con·
2393 3139 2395 3142 ⁴

377 3232 542 3305 gessit
582 3227 804 3283 Loheck.
846 3226 913 3281 ad
954 3226 1248 3301 Phrynich.
1290 3245 1343 3299 p.
1367 3231 1473 3282 455
1498 3244 1576 3298 sq.
1641 3229 1920 3283 Praeterea
1960 3230 2132 3285 scribe
2173 3232 2342 3286 κατὰ

379 3322 524 3381 τοὺς
584 3320 809 3377 πλοῦς.
870 3315 929 3375 ἐς
989 3316 1096 3377 τὴν
1154 3321 1268 3369 τῶν
1339 3320 1509 3369 πλῶν
1572 3317 1837 3384 χρείοιν,
1911 3318 2042 3387 φησὶ
2100 3318 2340 3373 Πλάτων.

373 3409 574 3479 Nempe
617 3405 764 3460 Plato
803 3403 859 3456 in
901 3402 1116 3457 Timaeo
1155 3420 1206 3474 p.
1238 3405 1306 3457 89
1349 3402 1411 3458 A.
1456 3402 1590 3457 dixit
1629 3404 1806 3458 κοιτά
1849 3400 1908 3459 ’τε
1951 3406 2103 3467 τοὺς
2139 3410 2338 3465 πλοῦς

377 3498 464 3552 καὶ
504 3494 602 3565 ὅπῃ
648 3514 742 3561 περ
781 3491 845 3546 ἂν
888 3492 1094 3559 ὅχήσεις
1136 3489 1315 3545 άκοποι
1367 3491 1668 3556 γίγνωνται.
1749 3492 1973 3548 Ubinam
2015 3493 2163 3548 Plato
2202 3493 2341 3548 dixe-

374 3587 446 3640 rit
486 3586 536 3645 ἐς
585 3584 676 3644 τὴν
725 3587 821 3636 τῶν
863 3585 1034 3635 πλῶν
1077 3580 1257 3647 χρείοιν
1300 3597 1454 3633 nemo
1498 3581 1717 3650 posthac
1772 3581 1970 3637 frustra
2011 3589 2245 3653 quaeret.
