2436 4068
1292 230 1399 280 618

363 380 564 452 passim
626 375 767 448 apud
818 374 1112 430 Platonem.
1197 372 1384 444 ltaque
1439 388 1685 445 expunge
1737 373 1998 430 emblema
2044 377 2097 430 in
2151 378 2347 450 Lyside

364 485 417 540 p.
459 470 584 520 211.
627 465 684 517 Β.
739 466 865 517 αλλ’
920 461 1054 536 [ὅρα]
1107 458 1241 522 ὅπως
1298 462 1643 528 ἐπικουρήσεις
1690 482 1807 528 μοι,
1867 462 1960 517 ubi
2013 465 2185 519 maior
2225 482 2348 536 pars

365 555 627 609 librorum
683 556 862 605 servat
899 551 1262 620 ε’πικουρήσνις,
1317 549 1459 620 quod
1510 551 1703 604 vitium
1757 550 1978 605 inolevit
2017 553 2071 605 in
2113 553 2350 607 Platonis
2426 543 2436 572 *¹

368 641 649 715 Symposio
689 656 739 710 p.
773 641 901 692 222.
931 639 990 692 D.
1033 635 1167 698 ὅπως
1211 638 1303 703 ἐμὲ
1343 638 1432 691 καὶ
1474 639 1530 692 σὲ
1567 638 1746 703 μηδεὶς
1778 639 2039 707 διαβάλῃ,
2083 641 2190 694 imo
2223 657 2349 695 vero
2418 655 2424 707 J

365 731 631 797 διαβαλεῖ.
714 726 1041 781 Grassantur
1079 725 1283 796 passim
1326 726 1378 778 in
1421 725 1618 779 talibus
1662 726 1900 788 scribae,
1943 727 2035 781 sed
2073 727 2228 782 facile
2270 734 2352 782 est

366 835 397 872 a
438 814 719 871 fraudibus
770 813 973 868 dudum
1027 813 1323 885 perspectis
1374 812 1477 867 sibi
1514 829 1720 868 cavere.
1798 814 2097 870 Emendate
2148 816 2349 886 legitur
2415 815 2423 877 ἕ

366 907 422 958 in
478 902 848 974 Xenophontis
901 901 1182 974 Symposio
1220 900 1311 955 IV.
1359 903 1448 954 20.
1503 898 1609 965 ἄγε
1662 922 1783 966 νυν,
1833 901 1966 964 ὅπως
2026 906 2347 970 μεμνήσει

362 994 672 1060 διακριθῆναι
733 990 975 1058 περὶτοῦ
1030 989 1258 1049 κάλλους
1298 989 1407 1042 κτὲ.
1466 988 1571 1041 nisi
1615 988 1755 1059 quod
1808 993 2047 1061 μεμνήσῃ
2098 992 2347 1047 Editores
2414 967 2423 1028 3⁷

361 1082 628 1144 retinent,
663 1094 796 1150 quas
847 1077 1047 1132 formas
1086 1094 1270 1131 omnes
1310 1093 1341 1131 a
1383 1075 1577 1130 scribis
1617 1092 1732 1132 esse
1771 1079 2011 1134 invectas
2047 1097 2192 1135 nunc
2227 1082 2350 1151 qui·
2410 1111 2415 1134 r

359 1169 479 1224 dem
522 1169 654 1223 satis
697 1172 1031 1238 compertum
1074 1171 1174 1220 est.

436 1257 499 1311 In
555 1259 584 1326 ᾗ
627 1260 678 1310 9.
740 1256 812 1315 εἷς
862 1254 957 1319 μὲν
1020 1253 1127 1321 γάρ
1172 1251 1358 1319 μάχην
1410 1251 1680 1322 ὁρμωμένῳ
1737 1255 1908 1316 καλῶς
1970 1254 2082 1323 ἔχει
2134 1257 2346 1324 κρόμυον

360 1345 705 1412 ὑποτρώγειν,
746 1339 914 1409 ὥσπερ
950 1340 1060 1396 ἔνιοι
1095 1340 1214 1401 τοὺς
1250 1340 1600 1407 ἀλεκτρυόνας
1641 1341 1915 1409 σκόροδα
1956 1345 2344 1405 σιτίσαντες
2416 1400 2417 1403 ,

359 1432 797 1500 συμβάλλουσιν,
838 1436 890 1482 et
933 1429 1126 1483 vitium
1162 1435 1245 1483 est
1291 1427 1638 1482 manifestum
1679 1436 1732 1483 et
1771 1431 2071 1486 remedium
2115 1439 2343 1487 certum.
2414 1427 2423 1452 ²

362 1521 588 1589 Σκόροδα
622 1518 831 1585 σιτίζειν
867 1523 946 1570 est
981 1516 1110 1570 allia
1139 1534 1352 1589 pascere
1390 1534 1495 1570 non
1527 1516 1701 1581 αἰίίίε,
1742 1517 1987 1573 ridicule.
2066 1520 2344 1592 Corrigen·
2412 1554 2431 1592 ¹‚2

360 1610 490 1665 dum
533 1614 614 1664 est
667 1607 783 1667 τοὺς
824 1604 1173 1672 ἀλεκτρυόνας
1228 1604 1748 1672 σκοροδίσαντες
1802 1606 2237 1672 συμβάλλουσιν,
2290 1607 2346 1663 id
2412 1588 2433 1605 ¹

358 1705 440 1754 est
496 1694 897 1763 συμβάλλουσιν
952 1691 1419 1759 ἐσκοροδισμένους,
1478 1699 1710 1764 utroque
1763 1695 1906 1747 enim
1966 1695 2123 1749 modo
2180 1696 2344 1751 Athe·
2407 1692 2433 1753 ’Ξῗ

357 1788 573 1841 nienses
614 1785 928 1854 loquuntur.
1008 1779 1301 1834 Notissima
1341 1796 1428 1833 res
1469 1787 1550 1834 est
1594 1797 1660 1834 ex
1701 1781 2078 1852 Aristophanis
2110 1783 2344 1841 Acharn.

362 1879 487 1930 166.
543 1879 596 1927 et
651 1871 860 1941 Equitt.
898 1872 1024 1923 494.
1106 1867 1185 1921 Ad
1230 1867 1382 1921 illum
1424 1867 1602 1921 locum
1645 1869 1879 1939 pertinet
1925 1869 2140 1943 Didymi
2179 1889 2343 1927 anno-
2400 1872 2422 1938 ².

354 1963 488 2018 tatio
529 1964 586 2015 ἐκ
621 1967 712 2023 τῆς
749 1965 989 2024 Κωμικῆς
1027 1955 1230 2019 Λέξεως
1274 1962 1486 2010 servata
1520 1956 1659 2028 apud
1702 1956 2032 2029 Hesychium
2074 1976 2125 2015 v.
2167 1963 2343 2016 Ἐσκο-
2399 1977 2436 2027 ῃ

355 2049 659 2120 ροδισμένος.
740 2045 891 2114 Quod
950 2043 1090 2115 apud
1129 2042 1359 2098 eundem
1400 2042 1601 2114 legitur
1643 2061 1690 2098 v.
1749 2045 2079 2111 Σκοροδίσαι,
2121 2048 2166 2100 si
2208 2065 2343 2114 non,
2395 2044 2411 2109 ξ
2435 2097 2436 2101 ,

356 2140 439 2194 uti
481 2137 760 2207 suspicor,
801 2151 864 2188 ex
904 2133 1004 2185 hoc
1044 2132 1159 2203 ipso
1200 2130 1315 2184 loco
1352 2131 1721 2202 Xenophontis
1757 2139 2002 2187 sumtum
2038 2141 2154 2198 est,
2196 2143 2342 2193 certe
2396 2116 2436 2187 ¹⁷.ss

357 2227 573 2300 egregie
633 2222 761 2277 facit
821 2220 886 2274 ad
940 2219 1371 2274 emendationem
1420 2227 1658 2273 nostram
1717 2220 2110 2275 stabiliendam.
2191 2233 2344 2279 Σκο-
2428 2239 2436 2284 ’.

359 2315 657 2384 ροδίσαι,
699 2309 914 2380 inquit,
972 2309 1030 2362 τὸ
1074 2307 1165 2374 πρὸ
1204 2314 1298 2368 τῆς
1335 2305 1521 2373 μάχης
1579 2307 1825 2374 σκορόδοις
1866 2311 2166 2377 ’άνατρῒψαι
2222 2315 2340 2374 τοὺς
2384 2374 2387 2378 ³

358 2400 706 2469 ἀλεκτρυόνας
734 2441 747 2463 ,
792 2412 928 2468 quae
967 2411 1179 2449 omnem
1233 2393 1625 2450 dubitationem
1673 2394 1806 2449 mihi
1851 2398 2068 2469 quidem
2106 2402 2343 2458 eximere
2390 2388 2392 2390 ’
2428 2438 2436 2458 ,

353 2491 624 2547 videntur.
2433 2479 2436 2483 ·

436 2579 497 2634 In
543 2580 571 2647 ᾗ
613 2579 697 2628 11.
759 2573 800 2626 εἰ
842 2573 884 2626 δ’
926 2573 1073 2637 ὑμεῖς
1113 2571 1192 2625 τά
1233 2570 1404 2625 αὐτοὶ
1446 2571 1568 2638 πρὸς
1608 2573 1702 2638 ἐμὲ
1732 2573 1978 2642 πάσχετε
2020 2573 2199 2646 οἷάπερ
2240 2579 2342 2645 ἐγὼ

361 2667 484 2736 πρὸς
526 2666 613 2720 τὸν
648 2661 759 2728 ε’μοὶ
794 2661 1037 2714 δοκοῦντα
1090 2660 1250 2714 καλὸν
1298 2655 1463 2722 εἶναι,
1507 2660 1723 2730 requiro
1774 2666 2053 2717 τοιαῦτα
2095 2665 2221 2739 (non
2273 2668 2344 2722 τοὶ
2428 2707 2429 2711 =

310 2820 321 2826 N
362 2753 530 2818 αὐτά)
572 2749 751 2817 οἷάπερ
789 2749 911 2813 ἐγώ.
990 2747 1050 2801 In
1093 2746 1392 2801 decantatis
1433 2746 1710 2818 Euripidis
1750 2750 2032 2804 versiculis
2067 2753 2208 2823 apud
2245 2755 2343 2811 Ae·

364 2842 607 2899 schinem
666 2840 720 2893 in
781 2835 1099 2890 Timarchea
1151 2838 1179 2906 §
1225 2839 1362 2899 152,
1403 2841 1456 2889 et
1497 2835 1622 2889 hinc
1671 2838 1916 2909 repetitis
1970 2839 2108 2910 apud
2161 2842 2347 2898 Demo·
2429 2891 2436 2911 ‚

363 2929 608 2986 sthenem
652 2926 717 2980 de
755 2925 895 2979 Fals,
942 2924 1123 2994 Legat.
1173 2925 1201 2993 ᾗ
1249 2927 1378 2978 245.

666 3012 770 3074 δ’ςις
811 3015 853 3067 δ’
895 3013 1084 3076 ὁμιλῶν
1125 3009 1300 3074 ἥδεται
1342 3019 1519 3072 κακοῖς
1558 3014 1713 3081 άνήρ,

663 3103 717 3155 οὐ
761 3100 958 3154 πώποτ’
1000 3100 1234 3167 ἠρώτησα
1273 3100 1574 3165 γιγνώσκων
1614 3100 1690 3155 ὅτι

663 3187 887 3248 τοιοῦτός
929 3189 1067 3241 ἐστιν
1109 3185 1283 3256 οἷσπερ
1325 3188 1500 3253 ἥδεται
1542 3187 1716 3251 ξυνών.

358 3280 516 3335 unice
557 3293 685 3333 vera
725 3275 885 3330 lectio
926 3274 1061 3328 mihi
1105 3292 1316 3346 semper
1355 3277 1470 3330 visa
1509 3282 1625 3329 est:

660 3363 883 3425 τοιοῦτός
925 3364 1064 3416 ἐσθ’
1105 3363 1398 3431 οἵοισπερ
1440 3362 1615 3426 ἥδεται
1655 3362 1842 3427 Ξυνών,

355 3457 479 3512 olim
523 3472 553 3510 a
593 3453 790 3510 Wolfio
844 3449 1253 3517 commendata,
1313 3451 1405 3506 sed
1447 3468 1620 3522 neque
1671 3452 1737 3506 ab
1787 3453 2070 3510 Aeschinis
2107 3456 2344 3513 Editori-

348 3544 451 3599 hus
495 3559 669 3613 neque
705 3558 734 3595 a
775 3539 1147 3596 Demosthenis
1192 3539 1432 3611 probata.
1517 3538 1691 3593 Verba
1741 3539 1959 3611 οἵοισπερ
2000 3543 2174 3608 ἥδεται
2226 3546 2342 3611 ξυν-
2387 3526 2428 3598 ἓῖ

351 3634 413 3688 ὠν
470 3630 760 3689 admonent
815 3646 901 3685 me
959 3627 1062 3684 loci
1110 3628 1374 3685 Platonici
1436 3628 1492 3685 in
1550 3627 1880 3702 Protagora,
1937 3649 2094 3704 quem
2138 3634 2393 3690 scribae
