2436 4068
1055 248 1178 285 xxm

128 393 320 448 riam?
397 391 536 445 Num
579 398 638 444 tu
677 396 870 462 putas,
926 390 999 443 mi
1041 388 1343 452 Badhame,
1384 386 1653 441 hominem
1700 386 1776 441 vel
1825 388 2102 444 mediocri-

127 503 212 549 ter
262 492 478 548 doctum
531 492 618 546 καὶ
666 492 904 559 μέτριον,
962 487 1044 543 ἵνα
1078 490 1235 555 μηδὲν
1276 489 1505 558 ἐπαχθὲς
1545 488 1707 552 εἴπω,
1765 490 2101 544 committere

127 611 281 666 posse
322 601 381 648 ut
417 610 553 665 quae
593 609 722 647 sana
761 607 875 646 esse
912 590 1047 644 sciat
1080 591 1259 645 inutili
1299 591 1609 646 coniectura
1650 589 1934 645 sollicitet?
1993 591 2102 645 Nae

123 696 172 748 si
208 694 285 749 illi
329 694 491 768 (quod
533 695 639 748 tuis
674 690 1018 764 popularibus
1056 707 1118 744 ac
1158 692 1293 745 meis
1330 691 1578 764 contigit)
1621 689 1849 746 fuissent
1891 697 2099 762 παλαιᾷ

125 796 382 866 ἐλευθερίᾳ
419 793 807 862 ε’ντεθρωμμένοι
827 834 844 858 ,
884 808 1021 864 quae
1070 793 1125 845 in
1165 793 1406 847 omnium
1447 794 1684 863 ἰσηγορίᾳ
1715 791 1803 846 καὶ
1845 794 2101 863 παρρησίᾳ

123 896 287 950 simul
330 894 535 950 foedam
589 893 951 948 adulationem
1002 899 1057 947 et
1096 893 1460 964 importunam
1518 893 1869 966 petulantiam
1930 893 2101 957 tollit,

121 996 327 1060 multa,
367 994 561 1059 cred0,
613 994 718 1047 alio
757 992 912 1047 modo
946 1009 1109 1064 quam
1146 1010 1291 1048 nunc
1332 1000 1386 1048 et
1435 992 1672 1048 facerent
1713 1001 1764 1048 et
1822 994 2100 1065 loqueren-

122 1104 229 1151 tur.
309 1095 447 1151 Sunt
486 1096 579 1166 qui
619 1097 675 1148 in
714 1093 1176 1149 emendationibus
1215 1093 1348 1147 meis
1390 1092 1464 1147 nil
1520 1093 1811 1165 quidquam
1852 1094 1977 1148 honi
2019 1095 2096 1149 in-

119 1215 235 1253 esse
274 1195 577 1261 affirment,
636 1203 763 1250 sunt
804 1195 898 1267 qui
947 1211 1122 1249 meam
1171 1194 1395 1249 Critices
1450 1193 1776 1249 exercendae
1834 1196 2097 1250 rationem

117 1316 181 1353 ac
231 1296 545 1352 methodum
603 1295 739 1350 nihil
799 1296 935 1350 certi
995 1312 1183 1368 parere
1239 1303 1291 1350 et
1346 1312 1568 1368 prorsus
1621 1311 1926 1367 perversam
1983 1313 2098 1351 esse

115 1399 366 1455 clament.
446 1398 550 1453 Alii
591 1415 678 1453 me
711 1414 924 1453 omnem
965 1397 1182 1452 modum
1224 1395 1476 1452 excedere
1518 1404 1570 1452 et
1608 1397 1730 1466 ὑπὲρ
1783 1398 1855 1452 τοὶ
1900 1399 2097 1464 ἐσκαμ-

114 1502 248 1568 μένα
302 1500 469 1563 πηδᾶν
525 1500 901 1554 criminantur.
994 1499 1177 1570 Aequo
1233 1498 1414 1552 animo
1468 1497 1599 1553 haec
1654 1498 1834 1553 onmia
1886 1515 2098 1572 semper

115 1602 215 1657 tuli
270 1609 323 1656 et
379 1601 581 1666 seram,
641 1617 813 1672 neque
885 1616 1140 1671 umquam
1205 1599 1404 1654 talibus
1470 1598 1763 1671 quidquam
1821 1616 2094 1672 reponam.
2148 1620 2150 1622 ’

114 1699 438 1755 Contendam
498 1717 622 1754 cum
685 1699 1056 1772 principibus,
1116 1716 1219 1752 non
1280 1699 1428 1753 iuvat
1485 1697 1768 1770 digladiari
1828 1701 1946 1769 πρὸς
2006 1702 2093 1756 τὸν

112 1803 252 1858 δεῖνα
291 1802 378 1856 καὶ
419 1802 504 1856 τὸν
543 1802 684 1856 δεῖνα
722 1799 872 1861 ὄντας
912 1801 1104 1861 οὐδενὸς
1156 1798 1345 1863 ἀξίους.
1426 1800 1651 1871 Pergam
1696 1801 1788 1855 σὺν
1833 1804 1922 1871 θεῷ
1961 1804 2089 1858 scri·

110 1910 325 1976 ptorum
366 1902 691 1957 Graecorum
746 1909 1095 1955 monumenta
1153 1899 1364 1955 assidue
1418 1900 1596 1972 legere
1649 1907 1700 1956 et
1752 1902 1989 1975 relegere
2036 1911 2090 1960 et

108 2005 156 2059 si
196 2003 326 2075 quid
369 2003 492 2058 honi
529 2003 663 2056 mihi
702 2003 970 2074 reperisse
1011 2001 1192 2056 videar
1233 2018 1357 2056 cum
1399 2002 1518 2056 aliis
1563 2005 1963 2060 communicare
2004 2007 2085 2060 iu-

107 2105 417 2176 diciumque
450 2101 874 2173 intelligentibus
913 2101 1241 2173 permittere.
1325 2101 1439 2156 Non
1476 2102 1690 2157 inanem
1725 2104 1859 2158 mihi
1900 2122 1959 2160 ex
2001 2106 2083 2160 his

105 2205 300 2260 studiis
339 2202 618 2276 gloriolam
658 2209 829 2275 capto,
912 2202 1140 2256 Animus
1182 2201 1315 2256 mihi
1358 2203 1599 2274 pascitur
1643 2204 1734 2259 illa
1774 2205 2084 2277 quotidiana

103 2324 230 2363 cum
281 2304 601 2377 capitalibus
652 2303 885 2375 ingeniis
942 2301 1308 2358 familiaritate
1362 2311 1414 2358 et
1454 2306 1881 2371 consuetudine,
1944 2309 2082 2364 unde

101 2407 167 2463 ad
208 2406 477 2480 praeclara
531 2406 708 2459 omnia
766 2405 1029 2476 erigimur
1079 2411 1131 2459 et
1182 2404 1541 2462 incendimur.
1625 2406 1679 2462 Si
1722 2409 1844 2479 quis
1897 2417 2077 2466 autem

102 2526 167 2565 ex
213 2509 515 2564 Atticorum
558 2514 611 2561 et
652 2505 888 2560 Socratis
929 2505 1318 2560 consuetudine
1363 2505 1600 2561 nondum
1637 2506 1825 2563 didicit
1862 2509 2075 2564 inanem

99 2608 322 2683 gloriam
367 2614 420 2662 et
462 2607 605 2678 vulgi
656 2605 906 2678 plausum
967 2613 1310 2661 contemnere
1364 2607 1598 2662 nondum
1659 2608 1785 2663 illuc
1838 2611 2079 2681 pervenit

99 2727 203 2783 quo
253 2725 370 2765 esse
420 2707 701 2780 philologis
759 2705 1177 2779 perveniendum
1234 2724 1389 2761 nemo
1443 2707 1671 2780 lepidius
1731 2708 1864 2766 dixit
1917 2727 2077 2783 quam

98 2810 383 2867 Menander
422 2826 588 2882 quum
629 2807 863 2863 diceret:

400 2909 703 2979 γράμματα
743 2909 925 2975 μαθεῖν
966 2910 1046 2963 δεῖ
1080 2908 1166 2962 καὶ
1206 2908 1440 2974 μαθόντα
1482 2915 1590 2965 νοῦν
1632 2910 1788 2980 ἔχειν.

172 3014 417 3068 Poteram
459 3010 688 3081 denique
741 3008 981 3064 absoluta
1021 3008 1122 3064 hac
1165 3016 1317 3081 parte
1376 3012 1551 3082 operis
1591 3029 1760 3084 pauca
1811 3013 2071 3085 quaedam

96 3115 366 3186 corrigere
415 3119 508 3167 aut
549 3110 795 3183 supplere
832 3126 968 3182 quae
1011 3127 1095 3166 me
1142 3111 1372 3179 δεύτεραι
1414 3114 1675 3182 φροντίδες
1727 3115 2074 3182 μετεδίδαξαεν

97 3224 191 3272 aut
227 3216 292 3271 ab
330 3215 448 3271 aliis
502 3213 704 3268 rectius
753 3212 1125 3267 animadversa
1167 3230 1284 3268 esse
1335 3216 1589 3286 comperi.
1671 3215 1774 3271 Sed
1818 3217 2070 3289 pleraque

97 3317 229 3373 mihi
267 3334 409 3371 nunc
449 3314 676 3371 aliarum
717 3331 898 3369 rerum
939 3315 1204 3386 satagenti
1247 3315 1300 3370 in
1343 3314 1488 3370 aliud
1535 3324 1746 3389 tempus
1782 3318 2071 3374 reiieienda

95 3426 238 3472 sunt.
320 3417 433 3471 Duo
477 3423 688 3471 tantum
731 3415 926 3487 raptim
961 3416 1241 3487 attingam.
1323 3417 1575 3485 Δεύτεραι
1615 3419 1875 3487 φροντίδες
1931 3419 2072 3473 inter

98 3518 440 3574 scribendum
483 3524 764 3574 mutarunt
805 3516 1126 3573 sententiam
1171 3534 1346 3574 meam
1385 3517 1450 3574 de
1499 3525 1716 3575 auctore
1758 3517 1918 3574 libelli
1956 3519 2067 3589 περὶ
