2436 4068
1294 235 1398 283 268

808 380 1028 447 ἔπταζον
1069 377 1156 434 ὦς’
1198 379 1373 445 ὄρνιθες
1416 377 1540 430 ὠκύν

813 467 981 520 αἰετὸν
1022 465 1270 529 ἐξαπίνας
1311 465 1567 535 φανέντα.

355 560 720 624 comparatum
765 570 887 607 cum
935 553 1048 607 loco
1088 553 1362 625 Sophoclis
1410 553 1464 605 in
1507 551 1669 606 Aiace
1718 564 1792 601 VS.
1828 552 1952 602 167.
1996 548 2333 620 praeclarum

359 647 568 710 poetam
612 640 814 695 insulso
847 641 1210 695 additamento
1250 641 1445 712 poterit
1484 638 1727 692 liberare.
1806 636 2033 691 Editur:

735 731 861 782 ἀλλ’
899 727 984 782 ὅτε
1023 729 1128 795 γαρ
1167 730 1224 791 δη
1262 730 1320 783 τὸ
1361 729 1444 781 σὸν
1485 726 1611 791 ὄμμ’
1652 724 1877 791 οἷπέδραν

737 821 1067 882 παταγοῦσιν
1105 815 1203 871 ἅτε
1243 822 1442 878 πτηνῶν
1483 815 1696 880 ἀγέλαι.

733 905 910 970 μέγαν
950 906 1194 970 αἱγυπιὸν
1235 907 1278 959 δ’
1320 904 1676 961 ὑποδείσαντες

737 992 869 1060 τάχ’
910 992 974 1047 ἂν
1014 992 1261 1061 ἐξαίφνης
1310 993 1373 1064 [εἷ
1414 992 1476 1045 σὺ
1516 988 1755 1061 φανείης]

962 1090 1087 1150 σιγῇ
1129 1080 1378 1144 πτήξειαν
1421 1077 1630 1143 ἄφωνοι.

359 1168 568 1237 quoties
606 1167 749 1222 hunc
801 1168 975 1223 locum
1020 1169 1197 1240 relego
1236 1167 1444 1221 offendo
1487 1180 1698 1236 semper
1738 1164 1793 1215 in
1830 1161 2006 1216 verbis
2041 1163 2083 1215 εἰ
2126 1162 2187 1214 σὺ
2227 1165 2335 1228 φα-

356 1257 518 1320 νείης,
572 1274 708 1327 quae
762 1256 1100 1328 splendidum
1150 1255 1355 1309 dictum
1412 1259 1636 1307 onerant
1694 1258 1748 1304 et
1809 1249 2112 1304 obscurant.
2201 1250 2335 1302 Aiax

356 1345 469 1414 ipse
521 1352 603 1398 est
655 1346 677 1398 ὂ
718 1345 894 1410 μέγας
949 1343 1234 1410 αἱγυπιός,
1296 1359 1453 1414 quem
1506 1342 1596 1393 isti
1655 1341 1698 1394 οἱ
1753 1342 2120 1403 παταγοῦντες
2178 1344 2334 1391 antea

356 1432 716 1494 ὑποδείσαντες
766 1434 1095 1495 πτήσσουσιν.
1176 1433 1457 1485 Praeterea
1513 1427 1914 1483 rescribendum
1954 1425 2168 1479 videtur
2206 1446 2335 1486 πτη-

355 1525 445 1572 νῶν
485 1521 664 1584 ἀγέλα
706 1537 800 1591 pro
839 1522 1066 1585 αγέλαι,
1111 1519 1250 1591 quod
1292 1526 1508 1590 propter
1543 1520 1875 1582 παταγοῦσιν
1915 1516 2187 1569 invectum
2221 1529 2338 1568 esse

357 1607 607 1661 arbitror.

434 1694 679 1750 Solemne
719 1696 911 1750 vitium
955 1695 1151 1750 insidet
1192 1712 1269 1750 vs.
1307 1699 1443 1750 932:

731 1782 806 1838 ὅτ’
848 1785 904 1838 ἐκ
946 1790 1195 1846 Μυκηνῶν
1236 1783 1506 1851 πολυπόνῳ
1545 1784 1634 1836 σὺν
1676 1781 1852 1835 οξσπίδι

734 1871 908 1940 ἔςειχε
948 1872 1105 1939 μείζω
1145 1879 1238 1935 τῆς
1278 1872 1447 1938 τύχης
1488 1875 1676 1939 φρονῶν
1717 1868 1867 1923 πολύ.

357 1953 556 2030 Nempe
610 1960 830 2014 Veteres
884 1961 1315 2014 constantissime
1354 1958 1542 2013 dicunt
1582 1958 1730 2023 μέγα
1781 1961 2018 2025 φρονεῖν,
2077 1955 2218 2016 unde
2256 1973 2336 2011 se-

359 2048 546 2117 quitur
596 2047 778 2102 eodem
816 2048 971 2102 modo
1010 2050 1218 2116 σμικρὸν
1254 2053 1454 2115 φρονεῖν
1494 2046 1599 2100 dici
1640 2045 1864 2107 debere,
1906 2051 1959 2098 et
1996 2045 2202 2112 μεῖζον,
2243 2045 2334 2109 με’·

355 2156 531 2200 γιςον,
571 2136 791 2190 ἔλαττον
829 2142 1028 2206 φρονεῖν
1063 2144 1115 2190 et
1154 2136 1369 2190 similia.
1449 2132 1695 2189 Graeculi
1735 2139 1921 2186 contra
1952 2132 2178 2198 μεγαλα
2213 2138 2333 2200 φρο·

358 2231 456 2277 νεῖν
514 2223 848 2294 negligenter
897 2223 1145 2279 dicebant
1186 2230 1239 2277 et
1286 2227 1727 2290 μεγαλοφρονεῖν,
1773 2221 1901 2290 quin
1954 2221 2116 2274 etiam
2161 2241 2334 2286 μεγα-

356 2306 743 2380 λοφρονεῖσθαιε
802 2313 983 2383 itaque
1031 2319 1084 2366 et
1129 2312 1322 2378 σμικροὶ
1360 2315 1558 2379 φρονεῖν
1611 2315 1664 2363 et
1714 2308 1872 2375 μείζω
1928 2315 1980 2362 et
2030 2309 2231 2374 μέγιςα
2281 2315 2335 2362 et

357 2399 561 2454 ἐλάττω
603 2404 801 2467 φρονεῖν
846 2408 897 2453 et
938 2399 1042 2453 alia
1089 2397 1412 2453 huiusmodi.
1493 2396 1730 2459 Deinde,
1790 2396 1870 2449 uti
1922 2395 2015 2462 fit,
2081 2397 2334 2467 antiquae

356 2487 574 2558 linguae
619 2487 946 2542 consuetudo
986 2505 1048 2542 ex
1097 2487 1287 2540 vitiosa
1329 2486 1635 2556 sequiorum
1693 2484 1927 2553 συνηθείᾳ
1978 2486 2335 2538 contaminari

359 2582 545 2646 coepta
585 2582 698 2639 est,
735 2583 918 2630 ettam
961 2592 1116 2646 saepe
1157 2591 1281 2627 suas
1323 2573 1506 2627 sordes
1547 2577 1600 2625 in
1643 2567 1990 2643 antiquorum
2028 2573 2227 2643 scripta
2258 2574 2334 2626 in-

358 2670 649 2727 vexerunt,
686 2672 747 2717 ut
786 2682 930 2718 nunc
971 2665 1023 2717 in
1067 2663 1267 2734 optimo
1307 2678 1518 2733 quoque
1566 2661 1825 2732 scriptore
1868 2661 2065 2731 passim
2107 2668 2335 2732 utraque

359 2752 498 2805 ratio
546 2752 803 2822 permista
859 2770 974 2807 esse
1025 2751 1287 2805 videatur.
1384 2751 1443 2804 In
1506 2748 1779 2820 Sophoclis
1831 2748 1992 2802 Aiace
2053 2765 2125 2801 vs·
2174 2752 2335 2804 1120.

360 2839 567 2894 scribae
607 2839 670 2893 de
709 2858 805 2895 suo
836 2841 1129 2895 dederunt:

455 2988 460 2993 ,
741 2931 763 2982 ὂ
804 2929 1012 2993 τοξότης
1056 2928 1209 2982 ἔοικεν
1249 2929 1303 2981 οὐ
1344 2927 1536 2994 σμικροὶ
1576 2931 1810 2993 φρονεῖν,

362 3033 458 3087 pro
497 3017 728 3087 genuina
762 3017 987 3071 lectione
1013 3059 1026 3082 ‚
1071 3032 1231 3086 quam
1282 3021 1515 3068 metrum
1565 3030 1775 3084 quoque
1817 3013 2085 3084 reposcit,
2127 3017 2181 3067 οὐ
2216 3035 2332 3080 σμι·

361 3106 473 3171 κρόν
513 3110 741 3173 φρονεῖν,
781 3105 919 3175 quod
963 3111 1015 3158 et
1051 3103 1176 3157 alibi
1226 3109 1371 3156 recte
1409 3108 1680 3156 servatum
1715 3107 1798 3155 est
1835 3107 1889 3153 et
1929 3101 1984 3153 in
2038 3101 2334 3156 Heraclidis

361 3197 502 3246 587:

588 3278 743 3342 εἶσιν,
786 3280 918 3348 σαφ’
959 3277 1104 3343 οἶδα,
1144 3279 1230 3332 καὶ
1272 3277 1406 3343 μαλ’
1446 3280 1500 3331 οὐ
1542 3279 1748 3344 σμικρὸν
1787 3278 1992 3343 φρονῶν.

361 3367 995 3439 Quicumque'‚d1uturna
1043 3366 1408 3425 observatione
1445 3373 1496 3419 et
1544 3365 1699 3435 longo
1747 3363 2000 3417 Codicum
2043 3379 2145 3417 usu
2192 3381 2333 3418 com-

359 3458 560 3529 pererit
599 3474 685 3510 me
720 3463 864 3510 recte
903 3457 1164 3509 rationem
1201 3455 1446 3508 Veterem
1482 3471 1512 3507 a
1556 3453 1862 3523 sequiorum
1896 3451 2104 3522 loquela
2141 3452 2330 3507 distin-
2399 3474 2408 3484 ·

359 3547 500 3599 xisse
551 3544 698 3598 dabit
747 3544 879 3598 mihi
934 3544 1031 3598 hoc
1081 3560 1290 3614 quoque
1339 3542 1452 3595 loco
1493 3539 1834 3595 scribendum
1880 3556 1995 3593 esse
2026 3540 2198 3607 μεῖζον
2237 3548 2328 3603 τῆς

358 3634 527 3701 τύχης
549 3638 763 3702 φρονῶν,
805 3632 1253 3702 quemadmodum
1286 3630 1564 3686 emendate
1592 3629 1853 3700 scriptum
1887 3635 2060 3683 exstat
2091 3646 2164 3684 vs.
2193 3632 2343 3683 979:
