2436 4068
1326 232 1426 281 172

681 381 1771 431 ΠΩΣΎΠΕΡΒΑΣΤΟΝΛΤΧΝΟΤΧΟΝ

681 469 1579 519 ΕΛΑΘΕΣΕΕΝΔΕΤΟΙΣΕΞΗΣ

381 548 634 604 librarius
686 568 850 621 quum
907 550 1130 603 tertium
1184 566 1398 603 versum
1453 550 1823 623 descripsisset
1877 551 2007 605 alias
2058 568 2144 607 res
2197 570 2364 625 agens

383 639 678 692 secundum
722 641 919 692 iterum
960 637 1243 709 descripsit
1283 645 1336 691 et
1377 639 1454 692 sic
1494 646 1745 708 quartum
1785 639 2031 694 subiecit.

460 726 517 779 In
555 724 923 796 Aristophanis
963 724 1154 796 fragm.
1193 725 1332 797 apud
1369 725 1513 780 Stob.
1557 726 1741 784 Floril.
1773 727 1904 781 LVI.
1949 732 1969 780 1
2010 731 2243 796 Γεωργίοι
2283 729 2362 783 di-

385 814 553 867 citur:

762 907 868 961 τοῖς
903 904 1063 955 πᾶσιν
1101 902 1423 968 ἀνθρώποιο-ιν
1460 903 1672 969 Εἰρήνης
1710 903 1872 971 φίλης

759 991 884 1052 πιςὴ
925 989 1140 1058 τροφός,
1179 990 1383 1054 ταμίαι,
1427 989 1698 1057 συνεργός,
1738 992 2036 1058 ἐπίτροπος,

382 1083 529 1131 recte
564 1076 780 1147 quidem
823 1085 875 1132 et
914 1094 1038 1132 vere
1072 1076 1226 1130 modo
1266 1077 1572 1147 scripseris:

759 1173 852 1229 τῆς
892 1169 1052 1219 πᾶσιν
1092 1165 1415 1232 ἀνθρώποισιν
1455 1165 1665 1232 Εἰρήνης
1702 1167 1881 1234 φίλης.

458 1253 747 1308 Dubitatur
791 1255 844 1307 in
895 1253 1268 1325 Aristophanis
1309 1253 1520 1306 senario
1563 1251 1704 1324 apud
1757 1253 1930 1309 Schol.
1975 1255 2040 1310 ad
2077 1255 2211 1311 Nub.
2253 1260 2365 1311 699
2434 1322 2436 1326 Ι

380 1349 432 1395 et
475 1341 694 1396 Suidam
731 1360 781 1397 v.
823 1343 1056 1408 Τήμερος
2375 1345 2382 1360 ⁷

757 1432 809 1485 ἰὼ
850 1429 1227 1494 Λακεδαίμων,
1267 1428 1322 1482 τί
1355 1426 1456 1495 ἄροο
1490 1429 1655 1494 πείσει
1687 1431 1920 1498 τήμεροις

380 1526 564 1572 utrum
605 1520 683 1573 sic
728 1535 793 1572 an
832 1518 1166 1582 Λακεδαιῖμον
1219 1517 1290 1570 sit
1338 1515 1701 1571 scribendum.
1781 1519 2007 1573 Dirimet
2056 1518 2193 1574 hanc
2234 1537 2360 1574 con-

378 1607 692 1660 troversiam
750 1605 1067 1660 emendatus
1123 1605 1272 1659 locus
1323 1603 1529 1665 Photii‚
1590 1604 1682 1658 ubi
1729 1605 1930 1661 editur:
1985 1609 2362 1674 Λακεδαιμῶνε

378 1697 470 1756 τὴν
506 1696 754 1757 uma-iniqu
789 1699 1126 1762 περισπῶσιν.
1169 1691 1324 1752 οὕτως
1364 1692 1737 1761 Ἀριςοφοένης,
1779 1693 2042 1750 edendum
2082 1703 2190 1754 est:
2247 1704 2360 1750 Λοι-

380 1784 650 1849 κεδοιῖμονε
691 1785 783 1846 τὴν
823 1782 1069 1843 κλητικὴν
1111 1786 1532 1848 προπερισπῶσιν.

454 1871 740 1924 Mirificum
783 1869 1154 1940 Aristophanis
1195 1867 1558 1938 fragmentum
1599 1868 1899 1925 Macrobius
1941 1869 2094 1924 affert
2140 1870 2360 1927 Saturn.

381 1959 443 2012 V.
486 1963 554 2013 18
585 1959 740 2024 ἤμουν
775 1956 951 2025 ἄγριον
980 1957 1170 2024 βάρος.
1213 1959 1404 2023 ἤτειρεν
1438 1955 1542 2022 γάρ
1576 1975 1650 2009 τοι
1684 1959 1743 2022 μ’
1777 1954 1897 2018 οἶνος
1933 1960 1986 2012 οὐ
2021 1960 2199 2025 μιγεὶς
2233 1959 2361 2024 πόμ’

381 2046 660 2115 Ἀχελῴῳ,
702 2045 842 2099 unde
881 2046 1142 2115 Bergkius
1183 2044 1580 2097 infelicissimos
1621 2045 1858 2099 senarios
1896 2047 2204 2117 exsculpsit.
2261 2047 2359 2101 Ha-

379 2136 569 2190 bemus
615 2135 785 2206 ipsius
826 2133 1080 2187 Macrobii
1136 2133 1632 2203 interpretationem
1683 2132 1846 2186 hanc:
1909 2133 2174 2187 Gravabar
2214 2135 2359 2197 υἰηο,

381 2224 465 2277 cui
502 2241 636 2295 aqua
675 2240 775 2275 non
812 2222 996 2294 suisset
1034 2219 1301 2276 admioela.
1347 2236 1482 2289 quae
1522 2219 1708 2274 Latina
1745 2220 1960 2274 Graecis
2001 2238 2104 2275 non
2147 2239 2364 2295 respon·-

381 2312 541 2374 dent,
583 2317 636 2364 et
676 2316 977 2380 repugnant
1020 2307 1175 2379 plane
1210 2307 1526 2377 Bergkianis

756 2399 926 2465 ἤγειρε
965 2397 1146 2465 γάρτοι
1187 2401 1246 2461 μ’
1286 2393 1408 2455 οἶνος
1447 2398 1500 2449 οὐ
1541 2395 1718 2461 μιγεὶς
1760 2398 1895 2463 ποτῷ

759 2486 1047 2553 Ἀχελωίῳ.

382 2575 648 2628 contraria
697 2591 916 2645 prorsus
964 2579 1089 2626 sunt
1138 2573 1397 2643 qravabar
1433 2572 1550 2625 vino
1591 2578 1643 2625 et
1684 2571 1854 2640 ἤγειρε
1893 2573 1953 2638 μ’
1994 2570 2149 2634 οἶνος,
2193 2580 2252 2627 ut
2283 2574 2359 2626 vi·

383 2663 491 2717 des,
574 2663 682 2715 Hoc
718 2679 886 2715 unum
925 2660 1172 2732 expedire
1210 2677 1453 2732 possum:
1497 2660 1550 2713 in
1587 2660 1856 2731 scriptura
1894 2669 2193 2714 ΗΓΕΙΡΕΝ
2232 2661 2362 2715 latet

384 2751 598 2817 ἔτειρεν,
637 2749 778 2820 qnod
810 2750 1031 2804 verbum
1075 2749 1140 2802 ab
1179 2748 1340 2802 huius
1378 2747 1480 2802 loci
1519 2748 1726 2802 ratione
1766 2766 1868 2802 non
1915 2753 1995 2802 est
2035 2748 2270 2803 alienum
2307 2756 2362 2803 et
2412 2791 2413 2794 η

385 2839 584 2908 legitur
623 2836 760 2908 apud
804 2836 1211 2907 Aristophanem
1257 2843 1310 2889 et
1351 2835 1507 2896 alibi,
1564 2852 1720 2906 quem
1772 2836 1945 2890 locum
1996 2835 2258 2907 proferam
2301 2844 2363 2891 ut
2420 2883 2421 2886 ,

385 2928 557 2981 obiter
585 2926 752 2979 veteri
786 2924 978 2978 mendo
1016 2924 1259 2978 liberem.
1343 2924 1563 2994 Legitur
1598 2924 1650 2976 in
1688 2925 1990 2997 Lysistrata
2030 2941 2105 2978 vs,
2137 2928 2246 2979 959

838 3014 888 3066 ἐν
929 3013 1066 3080 δεινῷ
1106 3015 1181 3078 γ’,
1225 3010 1259 3065 ὦ
1296 3012 1505 3075 Etis-uve,
1545 3014 1686 3080 κακῷ

839 3102 989 3167 τείρει
1031 3101 1210 3167 ψυχὴν
1251 3098 1610 3162 ἐξαπατηθείς.

387 3191 479 3245 sed
535 3191 718 3244 vitiose
767 3187 1001 3241 abundat
1054 3188 1373 3258 praepositio
1417 3188 1469 3239 in
1521 3187 1697 3240 verbis
1737 3189 1787 3241 ἐν
1824 3189 1960 3256 δεινῷ
2012 3190 2151 3256 κακῷ
2191 3190 2360 3257 τείρει.

390 3279 585 3334 Omnes
627 3276 873 3330 dicebant
905 3278 1152 3343 τείρεσθαι
1185 3283 1386 3339 κακοῖς,
1426 3276 1650 3338 ὀδύναις,
1690 3276 1910 3338 λύποιις,
1934 3277 2069 3335 ,sim.
2124 3277 2362 3332 Emenda

388 3369 580 3438 igitur:
639 3361 668 3427 ἦ
704 3365 841 3431 δεινῷ
881 3364 958 3428 γ’,
998 3362 1031 3416 ὦ
1072 3365 1277 3425 Bais-uve,
1329 3366 1467 3431 κοικῷ
1519 3365 1667 3430 τείρει
1710 3365 1913 3431 ψυχήν,
1968 3363 2105 3434 quod
2154 3365 2359 3420 dictum

390 3462 471 3508 est
511 3454 693 3509 eodem
736 3452 892 3506 modo
933 3458 1092 3521 atque
1131 3468 1206 3504 vs
1251 3456 1382 3506 1051

612 3540 642 3604 ἦ
680 3541 828 3606 μέγ’,
869 3538 903 3593 ὦ
942 3544 1071 3603 Ζεῦ,
1109 3540 1278 3606 χρῆμ’
1312 3540 1430 3592 ἰδεῖν
1466 3547 1557 3602 τῆς
1598 3539 1807 3603 ἐμπίδος
1851 3539 1982 3594 ἔνεςί
2020 3560 2109 3593 σοι.

385 3637 436 3684 et
477 3630 530 3682 in
568 3628 844 3701 Eupolidis
875 3627 1172 3698 fragmento
1215 3627 1266 3679 in
1307 3625 1518 3681 Orionis
1559 3626 1768 3681 Anthol.
1811 3644 1860 3698 p.
1897 3631 1963 3679 54
