2436 4068
1022 162 1124 212 727

10 302 13 314 ³
74 306 166 363 sed
205 306 363 362 redeo
402 306 468 360 ad
510 307 696 376 Remp.
736 304 1300 375 Lacedaemoniorum.

149 394 280 462 Quis
319 412 422 449 non
459 393 701 449 subridet
741 392 807 447 ad
847 392 978 446 baec
1017 393 1177 447 verba
1206 393 1271 447 ΙΙ.
1319 398 1404 446 11.
1454 391 1598 455 ἔθηκε
1637 400 1729 456 τῆς
1770 393 1883 457 ἴλης
1927 394 2042 449 ἑκα-

72 504 163 546 ςης
197 484 283 537 τὸν
338 486 707 549 τορώτατον
758 488 855 535 τῶν
895 482 1085 548 εἰρένων
1126 481 1345 549 ἄρχειν,
1400 481 1443 535 si
1486 481 1640 536 modo
1674 483 1873 553 cogitat
1915 483 2046 554 quid

8 549 9 570 ¹
72 569 287 627 tandem
321 572 344 624 ὅ
377 570 658 637 τορώτατος
697 569 980 639 significet.
1062 570 1296 624 Pessime
1336 568 1578 624 habitum
1616 568 1780 626 fuisse
1822 580 2045 643 apparet

47 665 303 713 veterem
344 657 580 722 librum,
622 656 762 711 unde
803 657 932 711 baec
985 657 1112 712 olim
1154 664 1404 728 excerpta
1450 664 1610 723 sunt,
1666 665 1724 714 ut
1770 661 2045 728 τορώτα-

69 766 175 801 τον
233 751 329 800 τῶν
387 746 664 814 ἀρρένων
728 745 980 818 (namque
1028 745 1127 800 hoc
1177 753 1394 799 servant
1439 745 1563 800 libri
1616 747 1822 821 omnes)
1879 747 2044 803 scribi

67 835 302 907 potuerit
340 850 439 905 pro
490 834 981 900 πρεσβύτατον
1038 839 1134 888 τῶν
1186 833 1466 899 εἰρένων.
1548 834 1688 890 Haec
1729 836 1872 890 enim
1916 851 2040 890 vera

31 924 336 994 ‚scriptura
380 920 591 975 videtur
630 936 791 992 quam
841 923 956 993 ipsa
990 922 1071 976 rei
1107 929 1301 977 natura
1350 922 1611 991 suggerit.
1693 923 1839 978 Conf.
1884 924 1944 978 V.
1988 928 2040 979 8.

65 1008 292 1073 ἐπέταξε
343 1011 429 1064 τὸν
467 1010 548 1064 ἀεὶ
599 1010 961 1076 πρεσβύτατον
1002 1011 1053 1063 ἐν
1099 1011 1170 1077 τῷ
1222 1010 1495 1077 γυμνασίῳ
1549 1010 1715 1080 ἓκοὶςῳ
1772 1014 2042 1077 ἐπιμελεῖ-

65 1100 214 1161 σθαι,
255 1103 309 1152 et
347 1097 488 1152 Xlll.
533 1102 583 1151 7.
637 1095 719 1158 οὓς
759 1100 811 1152 δὲ
851 1100 931 1153 δεῖ
966 1098 1050 1152 ἐπὶ
1089 1097 1284 1157 τούτοις
1318 1096 1579 1164 τετάχθαι
1617 1098 1639 1150 ὂ
1674 1100 2037 1166 πρεσβύτατος

30 1192 163 1265 Ι,τῶν
202 1187 315 1253 περὶ
358 1186 609 1251 δαμοσίαν
650 1186 944 1240 συνταττει.
1024 1185 1212 1256 Lepidi
1253 1193 1381 1239 sunt
1436 1186 1753 1240 Lexicorum
1805 1187 2041 1240 condito-

28 1291 38 1324 ·.
61 1290 188 1339 res,
241 1274 334 1346 qui
374 1290 539 1345 quum
581 1274 830 1328 omnibus
871 1281 1048 1327 notam
1107 1273 1558 1344 significationem
1600 1274 1846 1328 vocabuli
1901 1275 2041 1342 τορός

0 1394 41 1429 ‚·.
63 1362 315 1437 plurimis
353 1362 609 1433 exemplis
661 1363 1028 1433 aperuissent,
1081 1361 1405 1416 addiderunt
1457 1363 1510 1415 in
1567 1362 1660 1417 hoc
1715 1381 1817 1417 uno
1871 1363 2040 1417 Xeno-

8 1437 33 1486 '1'
62 1450 280 1522 phontis
318 1450 434 1505 loco
471 1452 557 1505 τὸν
597 1451 878 1518 τορώτατον
919 1450 1226 1521 significare
1265 1450 1666 1505 validissimum.

23 1534 28 1537 ’
138 1538 289 1606 Quod
330 1555 487 1610 saepe
525 1539 576 1592 in
618 1538 716 1593 boc
754 1538 891 1592 libro
930 1538 1134 1594 factum
1176 1546 1286 1603 est,
1328 1546 1387 1593 ut
1427 1540 1615 1594 multis
1659 1541 1874 1594 omissis
1918 1541 2039 1596 reli-

62 1628 222 1700 quiae
260 1629 559 1699 scripturae
611 1629 808 1682 veteris
858 1627 1088 1684 absurde
1138 1627 1677 1699 conglutinarentur,
1733 1637 1794 1684 ut
1838 1630 2036 1685 intelli-

58 1715 260 1788 ligendi
301 1716 478 1781 nulla,
532 1716 886 1782 emendandi,
924 1718 958 1771 i.
1001 1735 1046 1772 e.
1091 1717 1401 1789 supplendi,
1442 1719 1731 1789 perexigua
1774 1735 1894 1790 spes
1926 1720 2036 1783 ¹sit,

14 1868 27 1881 s
61 1804 116 1859 id
150 1803 351 1859 factum
387 1820 504 1860 esse
541 1804 746 1859 videbis
781 1806 834 1858 in
875 1804 941 1858 11.
976 1809 1141 1860 5—6.
1184 1805 1275 1860 ubi
1309 1806 1592 1879 Lycurgus
1626 1814 1882 1860 narratur
1914 1806 2036 1863 ador

59 1892 415 1956 lescentibuS‚
469 1910 603 1965 quos
650 1893 841 1961 εἵρενας
894 1893 1146 1966 Spartani
1196 1894 1501 1966 appellant,
1561 1901 1698 1948 σῖτον
1748 1894 1906 1959 τάξαι
1954 1915 2035 1951 το-

59 1986 236 2038 σοῦτον
278 1984 343 2043 ὥς
383 1983 481 2036 ὑπὸ
531 1990 830 2048 πλησμονῆς
877 1982 972 2048 μὲν
1017 1985 1221 2048 μήποτε
1273 1984 1620 2055 βαρύνεσθαι,
1677 1988 1766 2037 τοῦ
1808 1985 1860 2037 δὲ
1900 1986 2035 2039 ἐνδε-

59 2071 239 2139 εςέρως
286 2070 484 2136 διάγειν
522 2073 597 2137 μὴ
632 2073 852 2139 ἀπείρως
890 2071 1050 2139 ἔχειν.
1132 2071 1276 2126 Scite
1316 2079 1371 2126 et
1406 2072 1686 2143 perspicue
1721 2070 1851 2126 haec
1892 2071 2036 2127 dicta

14 2187 21 2198 ·
58 2166 220 2214 sunt:
262 2160 423 2214 etiam
465 2176 600 2231 quae
635 2157 939 2231 sequuntur
975 2160 1184 2231 integra
1240 2167 1400 2225 sunt,
1439 2167 1493 2214 et
1533 2166 1811 2231 propterea
1853 2159 1919 2214 ad
1954 2161 2033 2214 in-

13 2239 20 2281 *
57 2246 408 2318 telligendum
432 2246 715 2312 facillima,
756 2255 971 2319 praeter
1006 2264 1067 2302 ea
1107 2265 1244 2319 quae
1264 2248 1520 2320 leguntur
1557 2249 1613 2301 in
1649 2247 1780 2302 fine:
1823 2249 2033 2317 νομίζων

11 2316 25 2390 ς,
55 2338 174 2397 τοὺς
229 2333 357 2391 οὕτω
399 2336 791 2402 παιδευομένους
846 2336 1185 2404 ὑγιεινοτέρας
1235 2337 1298 2392 ἂν
1349 2336 1546 2402 διάγειν
1600 2337 1686 2390 καὶ
1740 2339 1810 2398 εἷς
1870 2342 2032 2402 μῆκος

12 2425 121 2480 :iv
172 2422 483 2487 αὐξάνεσθαι
541 2427 632 2487 τὴν
670 2425 847 2493 ῥαδινοὶ
903 2425 975 2479 τα
1032 2426 1256 2491 σώματα
1298 2429 1540 2479 ποιοῦσαν
1593 2427 1784 2493 τροφὴν
1822 2429 2031 2490 μᾶλλον

16 2504 19 2507 ’
56 2511 455 2578 συλλαμβάνειν
497 2514 730 2578 ἡγήσατο
771 2514 800 2576 ἢ
842 2516 933 2576 τὴν
963 2514 1417 2569 διαπλατύνουσαν
1457 2516 1526 2582 τῷ
1563 2515 1703 2582 σίτῳ.
1786 2513 2031 2568 Ridicule

58 2598 191 2656 baec
230 2599 521 2679 dicuntur:
579 2600 796 2672 perinde
835 2602 946 2657 sere
994 2609 1075 2656 est
1117 2603 1170 2657 in
1216 2602 1307 2656 tali
1350 2619 1408 2656 re
1448 2604 1517 2663 εἰς
1572 2610 1732 2667 μῆκος
1788 2601 2028 2666 αὐξάνειν

56 2689 128 2743 τὰ
164 2690 388 2753 σώματα
428 2695 482 2743 et
520 2689 592 2743 τα
631 2691 854 2755 σώματα
894 2691 1070 2759 ῥαδινα
1123 2698 1316 2745 ποιεῖνε
1373 2691 1465 2761 qul
1518 2691 1595 2744 sic
1639 2689 1938 2744 educantur
1976 2698 2031 2745 et

57 2778 378 2831 nutriuntur
433 2794 616 2831 eorum
671 2794 892 2850 corpora
934 2796 1148 2851 procera
1200 2778 1458 2833 dicuntur
1511 2785 1564 2832 et
1619 2778 1840 2847 ‚qracilia
1895 2777 2028 2834 fieri.

56 2863 244 2936 ltaque
284 2865 572 2937 Xenophon
618 2882 760 2920 nunc
799 2867 873 2920 ita
915 2866 1023 2921 sere
1061 2866 1329 2939 loquitur,
1373 2873 1432 2921 ut
1473 2866 1728 2920 Plautus:
1773 2866 1864 2919 loos
1904 2885 2030 2938 quos

8 2983 10 2986 >
55 2951 239 3007 videtis
278 2963 443 3017 stare,
483 2952 538 3006 1ιί
569 2961 706 3007 stant
746 2954 895 3008 ambo
934 2973 1034 3008 non
1074 2954 1276 3019 sedent,
1318 2971 1550 3026 namque
1587 2954 1749 3008 dicit:
1792 2957 2028 3019 ἡγήσατο

54 3042 147 3104 τὴν
183 3042 359 3109 baama
398 3042 468 3095 τα
523 3042 747 3106 σώματα
796 3048 1036 3098 ποιοῦσαν
1090 3045 1280 3112 τροφὴν
1333 3041 1733 3108 συλλαμβάνειν
1791 3044 1911 3109 πρὸς
1969 3046 2026 3100 τὸ

55 3130 129 3186 τὰ
164 3132 390 3195 σώματα
428 3130 604 3198 ραδινά
643 3137 834 3194 ποιεῖν,
895 3132 997 3186 nisi
1039 3131 1179 3203 quod
1231 3130 1314 3185 bis
1356 3130 1493 3185 idem
1538 3148 1639 3185 non
1681 3129 1869 3184 iisdem
1911 3148 2025 3185 ver-

53 3214 139 3272 bis
176 3216 323 3272 dicit.
406 3217 544 3285 Quid
587 3218 797 3273 multa?
861 3218 1050 3275 Omnia
1089 3228 1235 3276 recte
1278 3218 1571 3292 procedunt
1625 3234 1789 3288 usquc
1825 3217 1890 3271 ad
1931 3221 2029 3273 αὖ·

54 3301 332 3369 ξάνεσθαιε
375 3306 583 3375 νομίζων
622 3308 739 3369 τοὺς
781 3307 907 3364 οὕτω
962 3309 1351 3375 παιδευομένους
1393 3339 1466 3348 -
1505 3307 1592 3360 καὶ
1640 3308 1710 3367 εἷς
1760 3313 1920 3371 μῆκος
1962 3306 2026 3361 ἂν

56 3390 407 3457 αὐξάνεσθαι,
445 3411 581 3465 quae
631 3398 910 3452 verissima
950 3414 1066 3453 esse
1121 3396 1362 3452 videmus
1419 3411 1619 3449 omnes.
1699 3393 1899 3447 Deinde
1941 3410 2028 3465 pe·

55 3480 266 3535 rierunt
306 3480 564 3552 quaedam
608 3484 660 3538 in
705 3483 839 3540 lianc
880 3485 991 3541 sere
1032 3484 1381 3541 sententiam:
1431 3483 1573 3556 [πρὸς
1614 3481 1718 3549 γὰρ
1758 3483 1923 3550 ῥώμην
1963 3502 2022 3537 τε

48 3569 132 3622 κα)
192 3568 387 3641 τάχος]
445 3568 523 3624 vel
572 3570 662 3643 [εἷς
716 3574 820 3640 γὰρ
863 3575 1016 3642 ἰσχύν
1072 3596 1128 3628 τε
1187 3573 1272 3628 καὶ
1318 3572 1508 3644 ταχος]
1576 3571 1664 3631 τὴν
1721 3572 1895 3638 ραδινα
1951 3571 2021 3626 τοὶ
