2436 4068
1056 197 1123 215 -1-

1016 199 1124 248 ἴω.)

143 343 293 398 Alter
347 340 714 411 Xenophontis
751 341 935 405 locuS‚
993 340 1086 395 ubi
1131 339 1208 395 ὅτι
1258 357 1380 396 cum
1424 341 1691 396 infinitivo
1731 342 2051 396 coniunctus

67 430 341 492 occurrit,
382 430 437 482 in
473 428 759 484 Hellenicis
797 430 997 500 legitur
1028 429 1097 484 Π.
1137 447 1193 483 ιι.
1237 432 1288 482 2.
1329 430 1467 490 εἰδὼς
1517 427 1622 485 ὅτι
1662 427 1761 499 ὅσῳ
1798 429 1863 483 ἂν
1903 431 2050 485 οτλείὸ

65 540 148 579 ους
187 523 511 582 συλλεγῶσιν
545 518 617 579 εἷς
659 519 717 572 τὸ
757 517 859 575 ἄςυ
900 518 987 571 καὶ
1023 519 1110 571 τὸν
1150 522 1368 585 Πειραιᾶ
1405 520 1590 573 θοῖττον
1623 524 1721 573 τῶν
1754 518 2051 581 ἐπιτηδείων

62 607 254 661 ἔνδειαν
293 605 596 667 ἔσεσθαι,
638 604 732 658 sed
773 604 1120 659 manifestum
1160 607 1216 659 in
1251 605 1336 660 his
1376 607 1569 661 vitium
1602 605 2043 678 deprehenditur.

66 694 267 765 Nempe
322 709 389 746 ne
442 692 783 746 ανακολουθία
836 691 1054 763 quidem
1111 692 1241 747 haec
1300 702 1414 759 est,
1474 696 1726 766 quoniam
1781 694 1919 755 εἰδὼς
1975 690 2051 748 ἔτι

14 840 18 843 ,
67 782 230 837 ἔνδεια
266 779 426 834 ἔσοιτο
466 779 667 834 Graece
702 780 934 843 dicitur,
976 779 1068 835 sed
1102 782 1241 842 εἰδὼς
1282 782 1472 836 ἔνδειαν
1507 783 1709 838 ἔσεσθαι
1744 800 1851 837 non
1889 783 2052 843 item,

49 869 161 925 -sed
194 868 371 939 turpis
405 874 487 922 est
520 866 867 923 soloecismus
899 885 998 940 pro
1026 870 1165 931 εἰδὼς
1202 869 1394 924 ἔνδειαν
1428 872 1685 937 ἐσομένην.
1768 871 2055 942 Sequiores

64 973 222 1029 saepe
262 955 566 1010 istiusmodi
619 956 996 1011 soloecismum
1047 958 1435 1023 committunt,
1493 958 1712 1014 Veteres
1758 959 1889 1014 talia
1947 976 2054 1013 non

63 1050 324 1118 peccant,
386 1060 558 1116 neque
610 1045 666 1097 in
707 1042 1149 1116 frequentissimo
1191 1062 1295 1100 usu
1334 1045 1483 1100 verbi
1527 1047 1710 1102 εἰδέναι
1752 1064 1877 1102 cum
1932 1064 2057 1120 par·-

66 1133 252 1205 ticipio
290 1132 570 1186 coniuncti
609 1138 820 1204 poterat
860 1133 927 1187 iis
968 1132 1278 1188 huiusmodi
1330 1133 1459 1206 quid
1499 1134 1937 1206 imprudentibus
1973 1153 2059 1190 ex-

63 1220 263 1277 cidere.
346 1220 479 1287 Quis
517 1237 744 1286 eorum,
785 1221 879 1292 qui
923 1221 1127 1293 aliquot
1170 1224 1462 1294 scriptores
1514 1223 1722 1277 Atticos
1775 1240 1881 1278 non
1923 1223 2059 1277 indi-

63 1309 293 1381 ligenter
328 1307 680 1372 lectitarunt,
721 1308 926 1382 impelli
967 1327 1224 1382 umquam
1258 1311 1458 1383 poterit
1498 1318 1560 1366 ut
1608 1311 1794 1367 credat
1834 1313 1889 1366 in
1929 1319 2057 1367 noto

66 1397 368 1452 Anahaseos
407 1396 548 1451 loco:
604 1398 756 1452 ἄλλα
796 1399 1069 1468 φιλοσόφῳ
1116 1401 1213 1465 μὲν
1253 1399 1456 1461 ἔοικας,
1510 1398 1546 1453 ὦ
1593 1401 1862 1467 νεανίσκε,
1917 1401 2056 1456 ἴσθι

61 1488 236 1553 μέντοι
286 1485 500 1547 ἀνόητος
560 1486 672 1549 ὤν,
729 1486 844 1540 sine
899 1485 1204 1542 foedissimo
1244 1488 1558 1543 soloecismo
1606 1489 1816 1552 ἀνόητος
1877 1485 2055 1544 εἶναι

62 1574 173 1629 dici
209 1573 491 1646 potuisse?
570 1573 758 1645 Itaque
809 1575 863 1628 in
902 1575 1270 1648 Xenophontis
1315 1576 1432 1630 loco
1477 1576 1640 1632 verba
1686 1579 1826 1639 εἰδὼς
1865 1575 1940 1633 ὅτι
1981 1610 2058 1619 -

60 1664 264 1719 ἔσεσθαι
306 1660 560 1717 mendosa
599 1679 715 1717 esse
751 1669 995 1719 constat:
1051 1664 1182 1736 quid
1221 1665 1292 1719 sit
1342 1665 1641 1736 genuinum
1677 1683 1783 1720 non
1825 1672 2054 1738 exputo,

29 1750 156 1807 -sed
199 1758 253 1805 et
297 1749 403 1804 alia
451 1749 714 1823 quaedam
771 1752 958 1806 insunt
1011 1753 1339 1824 suspiciosa,
1403 1760 1464 1808 ut
1514 1754 1775 1808 omissum
1832 1754 2054 1823 τοσούτῳ

62 1839 131 1894 ad
170 1842 390 1902 θᾶττον,
443 1838 796 1910 quamobrem
850 1839 1197 1895 vehementer
1248 1848 1565 1913 corruptum
1618 1859 1744 1898 esse.
1775 1841 1952 1898 locum
2000 1850 2054 1897 et

60 1926 440 1998 interpolatum
482 1943 548 1981 ex
597 1926 843 1999 reliquiis
877 1929 1132 2000 antiquae
1170 1928 1416 1984 lectionis
1447 1931 1720 2002 suspicor,
1762 1932 1816 1984 in
1855 1930 2053 2002 quibus

61 2013 511 2071 reconcinnandis
564 2015 751 2071 Critici
806 2033 1024 2088 operam
1075 2016 1370 2088 perdimus
1454 2018 1596 2073 Satis
1635 2019 1741 2072 erit
1794 2020 1841 2073 si
1894 2036 2052 2074 nemo

57 2103 252 2158 vitiosa
303 2104 575 2175 scriptura
628 2103 694 2158 ad
742 2103 930 2158 salsam
986 2105 1290 2175 opinionem
1349 2105 1724 2161 stabiliendam
1778 2106 2049 2182 abutetur.

58 2191 120 2247 In
159 2190 488 2265 Cyropaedia
527 2192 568 2245 Ι.
610 2210 677 2245 vl.
723 2196 811 2247 18.
865 2193 1042 2257 λέγεις
1083 2194 1182 2257 σύ,
1225 2192 1327 2263 ἔφη
1353 2237 1366 2255 ,
1423 2191 1459 2248 ὦ
1511 2193 1712 2263 πάτερ,
1765 2192 1842 2250 ὅτι
1882 2194 2048 2263 ὥσπερ

57 2280 167 2335 οὐδὲ
204 2284 437 2346 γεωργοῦ
475 2281 639 2347 ἀργοῦ
679 2281 818 2334 οὐδὲν
864 2280 1053 2349 ὄφελος
1093 2279 1249 2343 οὕτως
1289 2283 1399 2338 οὐδὲ
1439 2287 1702 2350 ςρατηγοῦ
1741 2286 1903 2351 ἀργοῦ
1947 2286 2050 2356 [οὑ-

54 2366 135 2423 δὲν
181 2366 369 2435 ὄφελος
419 2364 571 2440 εἶναι]
600 2409 615 2431 ,
672 2366 822 2422 scioli
876 2367 1213 2440 frequentem
1253 2377 1307 2425 et
1347 2371 1643 2442 elegantem
1706 2372 1917 2445 ellipsin
1972 2374 2051 2427 sic

56 2454 410 2528 expleverunt
453 2463 515 2510 ut
550 2455 926 2512 soloecismum
967 2458 1301 2514 inveherent.
1381 2459 1494 2514 Non
1538 2461 1721 2517 minus
1762 2460 2052 2516 mendosus

57 2550 141 2599 est
172 2542 322 2599 locus
354 2545 407 2597 in
446 2543 721 2599 Alcibiade
761 2545 800 2599 1.
843 2563 894 2618 p.
937 2551 1041 2601 105
1086 2547 1150 2602 E.
1193 2547 1285 2602 uhi
1322 2566 1466 2603 nunc
1501 2548 1718 2620 quidem
1760 2550 1893 2604 satis
1930 2567 2051 2604 con·—

57 2638 166 2688 stat
206 2630 395 2687 verba:
460 2631 803 2705 [ἐνδείξασθαι
844 2631 921 2688 ὅτι
961 2636 1097 2704 αὐτῇ
1141 2638 1335 2697 παντὸς
1378 2636 1518 2700 ἄξιος
1556 2634 1638 2699 εἷ,
1697 2637 2050 2703 ἐνδειξάμενος

57 2719 111 2778 δὲ
152 2718 279 2793 [ὅτι]
323 2721 463 2775 οὐδὲν
500 2719 531 2775 ὅ
561 2742 612 2775 τι
653 2723 708 2776 οὐ
750 2724 1052 2790 παραυτίκα
1085 2724 1443 2796 δυνήσεσθαι],
1485 2724 1625 2779 mala
1666 2742 1831 2780 manu
1866 2725 2050 2781 addita

55 2823 173 2865 esse
224 2816 278 2864 et
333 2810 389 2863 in
430 2809 545 2881 ipsa
606 2810 1016 2882 interpolatione
1074 2810 1150 2867 ὅτι
1198 2812 1331 2866 vitio
1385 2820 1572 2868 natum
1630 2830 1745 2869 esse
1800 2814 2049 2871 meliores

59 2903 223 2954 testes
255 2895 649 2953 demonstrant.
729 2898 1014 2954 Mendosus
1050 2907 1131 2956 est
1172 2900 1320 2956 locus
1361 2900 1597 2956 Platonis
1634 2905 1685 2956 in
1726 2902 1960 2974 Legibus
1982 2904 2044 2957 Χ.

59 3001 110 3059 p.
148 2989 257 3042 892
299 2986 360 3041 D.
416 2982 559 3040 εἷπον
611 2984 708 3041 ὅτι
763 2994 956 3055 πρῶτον
997 2990 1089 3054 ἐμὲ
1128 2996 1360 3058 χρῆναι
1413 2992 1748 3058 πειραθῆναι,
1801 2992 1894 3063 qui
1941 3007 2045 3047 non

58 3088 168 3128 nno
207 3072 363 3130 modo
402 3075 603 3145 corrigi
645 3082 854 3147 potest,
896 3075 988 3131 sed
1030 3077 1107 3131 sic
1147 3094 1178 3131 a
1224 3077 1444 3132 Platone
1484 3079 1724 3151 scriptus
1775 3097 1891 3135 esse
1941 3098 2044 3134 non

58 3168 251 3234 potest.
330 3161 586 3235 Suspicor
623 3163 700 3219 ὅτι
739 3195 814 3204 -
853 3165 1002 3234 χρείη
1058 3182 1246 3221 verum
1300 3183 1416 3222 esse
1457 3173 1511 3222 et
1551 3167 1603 3221 in
1649 3167 1819 3224 forma
1858 3170 2006 3237 χρείη
2031 3211 2043 3227 ,

57 3254 124 3305 ut
161 3248 360 3314 solent,
417 3251 703 3307 Graeculos
758 3252 1229 3310 turbas-dedisse.
1310 3254 1592 3310 Mendosus
1646 3263 1728 3311 est
1784 3257 1932 3312 locus
1989 3258 2041 3311 in

57 3335 247 3410 Cyrop.
280 3337 342 3392 V.
385 3356 452 3393 tv·
494 3345 543 3394 1.
602 3341 833 3406 ἐνόμισεν
884 3339 1009 3415 [ὅτι]
1065 3342 1113 3396 εἴ
1149 3365 1198 3398 τι
1255 3342 1397 3405 οὗτος
1438 3344 1588 3399 πάθοι
1632 3346 1788 3405 αὐτὸς
1829 3343 1892 3398 ἂν
1945 3349 2043 3398 λα·

58 3424 175 3490 βεῒν
213 3425 427 3490 πάντα,
468 3427 559 3483 sed
609 3426 686 3483 ὅτι
738 3446 800 3484 ex
854 3429 1219 3503 dittographia
1273 3439 1461 3487 natum
1520 3431 1884 3487 inducendum
1939 3439 2039 3488 est.

58 3511 236 3566 Nihilo
303 3515 487 3568 sanius
555 3525 638 3571 est
698 3518 748 3572 in
808 3518 991 3574 eadem
1065 3525 1111 3593 ξ.
1172 3523 1369 3575 κελεύει
1426 3523 1600 3585 λέγειν
1662 3522 1732 3586 τῷ
1792 3523 2044 3590 Ἀσσυρίῳ

58 3599 132 3654 ὅτι
192 3603 232 3653 εἱ
289 3602 524 3665 βούλοιτ-ο
586 3606 869 3670 ἐνεδρεῦσαι
930 3610 1182 3673 λαβεῖν
1244 3610 1318 3662 ἂν
1379 3610 1462 3662 τὸν
1527 3604 1819 3666 Γαδάταν.ι
1868 3627 2039 3682 neque

1667 3704 1707 3732 :¹2
