2436 4068
1262 187 1368 237 560

335 338 519 398 τυχεῖν
563 330 761 401 legitur
803 329 942 400 apud
999 329 1400 400 Xenophontem
1457 329 1748 401 Ephesium
1798 349 1849 403 p.
1887 337 2021 396 ⁶210,
2065 336 2152 385 41.
2214 334 2314 388 οὔθ’

338 418 492 474 ὕπνου
529 423 767 486 τυχοῦσα
807 419 893 471 καὶ
938 418 1113 470 πολλοὶ
1149 419 1402 471 ἐννοοῦσα.

410 507 470 560 In
515 510 543 576 §
587 511 671 560 14.
726 507 862 570 μήτε
904 507 1393 559 κατακτείνειν
1446 503 1690 566 ἅπαντας
1731 507 1867 571 μήτε
1920 508 2316 572 δεσμεύειν,

340 595 447 648 iam
502 601 661 647 antea
720 594 1030 646 monuimus
1088 594 1443 663 compositum
1506 594 1862 648 κατακτείνειν
1916 596 2209 666 Epicurum
2268 603 2318 649 et

338 682 688 751 Tragicorum
736 697 852 734 esse
870 678 889 744 ‚⁴
944 687 995 733 et
1037 680 1441 751 Xenophontem
1497 687 1591 733 aut
1639 683 1958 736 ἀποκτείνειν
2011 690 2104 736 aut
2151 704 2318 737 κατα-

338 770 526 823 καίνειν
567 785 847 839 usurpare.
928 769 1214 833 Δεσμεύειν
1260 785 1470 838 quoque
1514 785 1613 821 non
1654 769 1812 823 credo
1848 787 1963 823 esse
2002 770 2318 841 Xenophon-

341 865 457 910 tcae
479 857 670 910 aetatis
711 855 1046 910 vocabulum.
1090 856 1336 910 Graeculi
1375 873 1471 926 pro
1512 855 1766 911 Veterum
1800 859 1902 912 δεῖν
1936 864 1988 911 et
2019 859 2226 923 δεσμεῖν
2269 865 2320 911 et

335 945 602 1010 δεσμεύειν
639 943 879 997 solebant
912 943 1108 998 dicere.
1190 945 1383 998 Moeris
1438 942 1549 996 Δέω
1595 944 1702 1018 (δῶ)
1742 977 1803 986 --
1855 947 2051 1011 δεσμῶ,
2100 953 2152 999 et
2191 949 2317 999 Δοῦ-

340 1054 512 1087 <rw——
536 1031 891 1096 δεσμεύουσιν,
933 1038 986 1085 et
1026 1032 1222 1085 similia
1256 1030 1397 1102 apud
1434 1038 1673 1086 caeteros
1714 1032 2106 1087 Grammaticos
2151 1032 2322 1087 multa

342 1126 486 1174 sunt.
566 1119 814 1173 Vidimus
870 1120 923 1172 in
966 1119 1196 1173 Anabasi
1239 1120 1430 1173 διδέασι
1488 1125 1719 1174 veterem
1759 1127 1812 1175 et
1865 1120 2084 1192 probam
2140 1121 2320 1174 lectio-

339 1224 462 1262 nem
503 1223 534 1260 a
586 1206 854 1277 plerisque
908 1209 961 1260 in
1017 1207 1315 1273 δεσμεύουσι
1369 1206 1534 1261 fuisse
1590 1215 1917 1280 corruptam.
2020 1208 2164 1263 Idem
2219 1207 2319 1262 fre-

339 1306 567 1367 quenter
608 1296 662 1348 in
703 1297 841 1360 δεῖν,
882 1297 975 1349 δῶν
1017 1303 1117 1349 cet.
1179 1311 1279 1348 usu
1337 1295 1544 1348 venisse
1600 1298 1881 1368 suspicor,
1935 1313 2098 1368 quam
2147 1298 2320 1367 suspi-

339 1385 546 1437 cionem
591 1400 734 1437 nunc
777 1382 1015 1437 indicare
1057 1384 1187 1436 satis
1229 1382 1428 1436 habeo:
1471 1382 1688 1438 dabitur
1727 1384 1861 1438 alias
1897 1385 1962 1439 de
2003 1402 2062 1439 ea
2104 1402 2162 1439 re
2202 1384 2321 1438 ube·

340 1472 456 1524 rius
497 1470 710 1524 dicendi
746 1471 911 1525 locus,

428 1559 487 1612 ln
537 1561 565 1628 ᾗ
612 1562 698 1612 16.
760 1558 1155 1613 emendandum
1216 1577 1331 1614 esse
1382 1569 1545 1615 λυπεῖ
1603 1561 1655 1615 δὲ
1709 1560 2174 1626 απαλλασσόμενα
2228 1577 2323 1633 pro
2374 1549 2377 1553 ¹

338 1647 844 1713 ἀπαλλασσομένους
886 1664 1051 1718 supra
1092 1648 1443 1702 ostendimus,

415 1735 474 1788 In
518 1751 632 1806 cap.
676 1735 789 1788 Vll.
833 1740 884 1789 5.
942 1732 1012 1796 οἷς
1051 1737 1094 1790 δ’
1137 1736 1200 1790 ἂν
1246 1737 1426 1806 ἐμφυῇ
1476 1743 1633 1801 τιμῆς
1674 1758 1734 1790 τε
1775 1738 1862 1792 καὶ
1912 1738 2121 1791 ἐπαίνου
2175 1737 2322 1804 ἔρως,
2401 1757 2436 1793 ,-’

342 1822 684 1878 scribendum
728 1830 807 1878 est
848 1824 1043 1893 ἐμφύῃ.
1124 1824 1324 1895 Nempe
1362 1829 1525 1892 φῦναι
1567 1831 1619 1879 et
1659 1824 1803 1879 δῦναι
1854 1825 2051 1880 habent
2104 1826 2323 1879 coniun·

343 1913 544 1965 clivum
588 1913 703 1980 φύω
758 1918 810 1965 et
860 1912 956 1966 δύω
999 1918 1052 1966 et
1108 1913 1404 1982 optativum
1459 1913 1643 1981 φύοιμι
1686 1921 1738 1967 et
1787 1913 1989 1980 δύοιμι,
2029 1913 2121 1968 sed
2167 1912 2325 1968 Grae·
2396 1898 2436 1964 ἶ

341 1999 448 2054 culi
490 2004 640 2068 φυῶ,
681 2004 817 2068 φυῇς
861 2006 913 2053 et
952 2004 1060 2069 φυῇ
1096 2000 1224 2054 dare
1266 2000 1438 2054 solent
1479 2002 1605 2072 quia
1647 2002 1747 2072 ipsi
1788 2019 1884 2073 pro
1925 2007 2085 2071 φῦναι
2127 2008 2176 2056 et
2219 2001 2325 2071 φύς
2397 1987 2436 2061 ⁹:32}

337 2094 577 2142 utuntur
617 2087 804 2142 formis
858 2088 1223 2142 vitiosissimis
1274 2093 1468 2157 φυῆναι
1527 2096 1581 2143 et
1619 2090 1770 2158 φυείς
1824 2090 1968 2143 fictis
2023 2089 2088 2144 ad
2147 2089 2324 2144 analo·
2399 2142 2436 2155 „

341 2176 488 2245 giam
529 2176 782 2246 antiquae
836 2175 1039 2229 formae
1077 2180 1249 2244 ῥυῆναι
1291 2183 1345 2230 et
1383 2178 1530 2245 ῥυείς.
1613 2177 1779 2249 Saepe
1818 2178 1960 2250 apud
2007 2178 2172 2241 alios,
2215 2195 2326 2233 sae-

344 2263 566 2334 pissime
607 2263 746 2334 apud
792 2264 1064 2317 Platonem
1099 2271 1396 2318 occurrunt
1436 2263 1637 2320 formae
1673 2271 1781 2335 φυῇ
1818 2273 1870 2320 et
1903 2270 2098 2334 φυῶσι,
2141 2283 2325 2337 quam·

343 2352 525 2406 obrem
569 2351 919 2406 Stallhaumio
973 2351 1039 2405 ad
1081 2351 1382 2405 Phaedrum
1440 2369 1491 2423 p.
1531 2357 1634 2408 251
1681 2353 1735 2407 G.
1790 2354 2087 2424 »piaculum
2108 2354 2142 2377 ’⁹
2186 2355 2325 2410 vide-

342 2447 435 2494 tur
469 2448 678 2494 »contra
713 2440 955 2493 Codicum
976 2441 1334 2494 alletoritatem
1368 2440 1559 2511 ubique
1589 2440 1759 2509 φύωσι
1790 2442 2105 2513 oorriqere.''
2146 2443 2323 2498 Etiam

342 2545 430 2582 me
468 2535 682 2583 tacente
722 2529 852 2581 satis
894 2528 1218 2599 intelligitur
1258 2545 1395 2599 quae
1436 2528 1506 2582 sit
1559 2529 1661 2582 ista
1702 2531 2014 2584 auctoritas
2093 2531 2205 2585 Non
2246 2547 2325 2586 re-

342 2617 516 2687 ligiosi
566 2616 659 2670 sed
711 2617 1073 2687 superstitiosi
1132 2616 1366 2670 hominis
1408 2624 1489 2670 est
1538 2616 1799 2671 eiusmodi
1835 2618 2105 2689 piaculum
2162 2618 2327 2673 refor-
2418 2674 2425 2685 „

342 2705 568 2760 midare.
650 2704 779 2758 Mihi
823 2712 1009 2758 contra
1052 2721 1155 2757 non
1190 2705 1463 2776 piaculum
1515 2705 1607 2760 sed
1643 2705 1787 2759 aliud
1839 2705 1969 2777 quid
2011 2723 2127 2761 esse
2182 2707 2325 2762 vide·
2395 2691 2427 2774 „f

341 2801 435 2847 tur
469 2794 636 2863 φυῶσι
675 2801 915 2865 repetere
948 2810 977 2846 a
1013 2797 1204 2861 φυῆναι
1241 2792 1624 2847 Graeculorum
1647 2837 1663 2858 ‚
1704 2793 1844 2865 quod
1879 2795 2142 2865 quomodo
2176 2795 2325 2850 Plato

341 2880 520 2935 facere
560 2882 795 2950 potuerit
846 2897 1033 2934 vereor
1075 2887 1134 2933 ut
1175 2897 1432 2951 umquam
1476 2882 1791 2953 intelligam.
1872 2883 2134 2954 Equidem
2177 2884 2323 2953 φύω-
2406 2932 2427 2957 ,,

341 2990 422 3023 σιν
463 2976 515 3023 et
555 2970 734 3023 δύωσιν
784 2970 1174 3038 composuerim
1219 2986 1343 3023 cum
1397 2969 1683 3024 δεικνύωσιν
1726 2977 1779 3024 et
1825 2971 2072 3036 ὀμνύωσιν
2122 2978 2175 3025 ct
2215 2972 2324 3040 ζευ·

342 3058 563 3123 γνύωσιν
606 3062 659 3109 et
699 3055 999 3119 similibus,
1041 3063 1093 3111 et
1135 3062 1243 3125 φυῇ
1287 3063 1399 3111 tam
1439 3058 1690 3112 vitiosum
1737 3058 1872 3112 mihi
1911 3059 2125 3113 videtur
2164 3068 2324 3132 atque

341 3148 500 3215 ὀμνυῇ
539 3161 634 3215 pro
667 3145 841 3211 ὀμνύῃ.
924 3144 1308 3215 Reponendum
1350 3146 1519 3215 igitur
1568 3162 1756 3200 censeo
1792 3148 1901 3216 φύῃ
1948 3148 2003 3201 in
2045 3147 2322 3220 Euripidis
2392 3146 2436 3191 ’ῑῖ’

342 3233 644 3305 fragmento
685 3230 825 3302 apud
867 3231 1151 3287 Stobaeum
1193 3233 1373 3287 Floril.
1415 3234 1670 3288 LXXVII.
1718 3239 1802 3288 11.

1171 3317 1222 3380 ὃς
1262 3321 1368 3388 γαρ
1409 3321 1472 3375 ἂν
1506 3323 1698 3388 χρῇς-ὸς
1732 3323 1841 3390 φύιῃ

717 3411 769 3462 οὐ
811 3407 1012 3473 τοῦνομ’
1048 3410 1208 3461 αὐτοῦ
1249 3410 1342 3470 τὴν
1373 3409 1532 3476 φύσιν
1570 3409 1865 3477 διαφθερεῖ,

343 3497 434 3552 ubi
476 3497 529 3549 in
565 3496 814 3550 omnihus
851 3496 1003 3550 libris
1037 3503 1118 3550 est
1151 3499 1278 3565 φυῇ.
1339 3496 1531 3568 Elapsa
1568 3506 1648 3551 cst
1687 3499 1801 3552 sine
1832 3499 1940 3553 ullo
1978 3501 2108 3555 vitio
2151 3501 2315 3555 forma

338 3585 570 3656 genuina
612 3585 749 3655 apud
808 3584 1215 3639 Demosthenem
1262 3586 1313 3638 in
1370 3585 1702 3641 Timocratca
1760 3606 1810 3658 p.
1859 3593 2001 3651 748,
2048 3594 2149 3643 15:
2208 3589 2314 3642 οὐδὲ
