<?xml version="1.0" encoding="UTF-8"?>
<!DOCTYPE html PUBLIC "-//W3C//DTD XHTML 1.0 Transitional//EN"
    "http://www.w3.org/TR/xhtml1/DTD/xhtml1-transitional.dtd">
<html xmlns="http://www.w3.org/1999/xhtml" xml:lang="en" lang="en">
 <head>
  <title>
</title>
<meta http-equiv="Content-Type" content="text/html;charset=utf-8" />
  <meta name='ocr-system' content='tesseract 3.04.00' />
  <meta name='ocr-capabilities' content='ocr_page ocr_carea ocr_par ocr_line ocrx_word'/>
</head>
<body>
  <div class='ocr_page' id='page_1' title='image "./novaelectionesqu00cobeuoft/novaelectionesqu00cobeuoft_0357.png"; bbox 0 0 2436 4068; ppageno 0'>
   <div class='ocr_carea' id='block_1_1' title="bbox 1020 178 1125 229">
    <p class='ocr_par' dir='ltr' id='par_1_1' title="bbox 1020 178 1125 229">
     <span class='ocr_line' id='line_1_1' title="bbox 1020 178 1125 229; baseline -0.01 0"><span class='ocrx_word' id='word_1_1' title='bbox 1020 178 1125 229; x_wconf 66' lang='lat'>325</span> 
     </span>
    </p>
   </div>
   <div class='ocr_carea' id='block_1_2' title="bbox 88 320 2155 3652">
    <p class='ocr_par' dir='ltr' id='par_1_2' title="bbox 88 320 2155 3652">
     <span class='ocr_line' id='line_1_2' title="bbox 100 320 2078 393; baseline -0.001 -13"><span class='ocrx_word' id='word_1_2' title='bbox 100 324 270 380; x_wconf 76' lang='lat' dir='ltr'>forma</span> <span class='ocrx_word' id='word_1_3' title='bbox 322 322 578 376; x_wconf 85' lang='lat' dir='ltr'>orationis</span> <span class='ocrx_word' id='word_1_4' title='bbox 633 322 857 392; x_wconf 84' lang='lat' dir='ltr'>antiqua</span> <span class='ocrx_word' id='word_1_5' title='bbox 908 328 964 375; x_wconf 90' lang='lat' dir='ltr'>et</span> <span class='ocrx_word' id='word_1_6' title='bbox 998 322 1209 386; x_wconf 87' lang='lat' dir='ltr'>Attica,</span> <span class='ocrx_word' id='word_1_7' title='bbox 1264 320 1410 393; x_wconf 90' lang='lat' dir='ltr'>quali</span> <span class='ocrx_word' id='word_1_8' title='bbox 1453 320 1859 393; x_wconf 81' lang='lat' dir='ltr'>Xenophontem</span> <span class='ocrx_word' id='word_1_9' title='bbox 1918 338 2078 379; x_wconf 89' lang='lat' dir='ltr'>usum</span> 
     </span>
     <span class='ocr_line' id='line_1_3' title="bbox 98 408 2081 481; baseline -0.001 -14"><span class='ocrx_word' id='word_1_10' title='bbox 98 411 263 467; x_wconf 84' lang='lat' dir='ltr'>fuisse</span> <span class='ocrx_word' id='word_1_11' title='bbox 316 411 447 464; x_wconf 91' lang='lat' dir='ltr'>satis</span> <span class='ocrx_word' id='word_1_12' title='bbox 498 415 741 473; x_wconf 90' lang='lat' dir='ltr'>constet,</span> <span class='ocrx_word' id='word_1_13' title='bbox 795 409 1045 480; x_wconf 84' lang='lat' dir='ltr'><strong>pessimis</strong></span> <span class='ocrx_word' id='word_1_14' title='bbox 1088 408 1263 463; x_wconf 91' lang='lat' dir='ltr'>modis</span> <span class='ocrx_word' id='word_1_15' title='bbox 1317 409 1374 463; x_wconf 93' lang='lat' dir='ltr'>in</span> <span class='ocrx_word' id='word_1_16' title='bbox 1425 409 1586 465; x_wconf 86' lang='lat' dir='ltr'>Codd.</span> <span class='ocrx_word' id='word_1_17' title='bbox 1627 426 1801 481; x_wconf 89' lang='lat' dir='ltr'>neque</span> <span class='ocrx_word' id='word_1_18' title='bbox 1852 412 2081 466; x_wconf 88' lang='lat' dir='ltr'>vetustis</span> 
     </span>
     <span class='ocr_line' id='line_1_4' title="bbox 95 496 2078 570; baseline -0.001 -16"><span class='ocrx_word' id='word_1_19' title='bbox 95 515 268 570; x_wconf 90' lang='lat' dir='ltr'>neque</span> <span class='ocrx_word' id='word_1_20' title='bbox 323 498 550 568; x_wconf 82' lang='lat' dir='ltr'><strong>integris</strong></span> <span class='ocrx_word' id='word_1_21' title='bbox 601 496 667 551; x_wconf 86' lang='lat' dir='ltr'>ad</span> <span class='ocrx_word' id='word_1_22' title='bbox 715 498 1025 568; x_wconf 88' lang='lat' dir='ltr'>sequiorum</span> <span class='ocrx_word' id='word_1_23' title='bbox 1070 496 1454 553; x_wconf 83' lang='lat' dir='ltr'>Graeculorum</span> <span class='ocrx_word' id='word_1_24' title='bbox 1504 500 1765 563; x_wconf 81' lang='grc' dir='ltr'><em>συνήθειαν</em></span> <span class='ocrx_word' id='word_1_25' title='bbox 1809 504 1863 551; x_wconf 89' lang='lat' dir='ltr'>et</span> <span class='ocrx_word' id='word_1_26' title='bbox 1913 499 2078 569; x_wconf 86' lang='lat' dir='ltr'>negli-</span> 
     </span>
     <span class='ocr_line' id='line_1_5' title="bbox 97 583 2081 658; baseline -0.001 -17"><span class='ocrx_word' id='word_1_27' title='bbox 97 587 335 658; x_wconf 88' lang='lat' dir='ltr'>gentiam</span> <span class='ocrx_word' id='word_1_28' title='bbox 374 584 587 640; x_wconf 91' lang='lat' dir='ltr'>dicendi</span> <span class='ocrx_word' id='word_1_29' title='bbox 628 591 682 639; x_wconf 91' lang='lat' dir='ltr'>et</span> <span class='ocrx_word' id='word_1_30' title='bbox 721 583 906 638; x_wconf 86' lang='lat' dir='ltr'>sordes</span> <span class='ocrx_word' id='word_1_31' title='bbox 946 584 1134 639; x_wconf 75' lang='lat' dir='ltr'>relicta</span> <span class='ocrx_word' id='word_1_32' title='bbox 1174 584 1511 640; x_wconf 89' lang='lat' dir='ltr'>stomachum</span> <span class='ocrx_word' id='word_1_33' title='bbox 1550 591 1744 641; x_wconf 87' lang='lat' dir='ltr'>movet.</span> <span class='ocrx_word' id='word_1_34' title='bbox 1824 585 1956 652; x_wconf 88' lang='lat' dir='ltr'>Quis</span> <span class='ocrx_word' id='word_1_35' title='bbox 1992 585 2081 641; x_wconf 86' lang='lat' dir='ltr'>ha-</span> 
     </span>
     <span class='ocr_line' id='line_1_6' title="bbox 98 671 2082 746; baseline 0.001 -18"><span class='ocrx_word' id='word_1_36' title='bbox 98 690 220 728; x_wconf 88' lang='lat' dir='ltr'>rum</span> <span class='ocrx_word' id='word_1_37' title='bbox 274 689 456 727; x_wconf 89' lang='lat' dir='ltr'>rerum</span> <span class='ocrx_word' id='word_1_38' title='bbox 515 671 678 743; x_wconf 85' lang='lat' dir='ltr'>probe</span> <span class='ocrx_word' id='word_1_39' title='bbox 717 688 921 742; x_wconf 84' lang='lat' dir='ltr'>gnarus</span> <span class='ocrx_word' id='word_1_40' title='bbox 973 671 1194 726; x_wconf 82' lang='lat' dir='ltr'>inducet</span> <span class='ocrx_word' id='word_1_41' title='bbox 1251 673 1307 726; x_wconf 89' lang='lat' dir='ltr'>in</span> <span class='ocrx_word' id='word_1_42' title='bbox 1372 674 1614 730; x_wconf 90' lang='lat' dir='ltr'>animum</span> <span class='ocrx_word' id='word_1_43' title='bbox 1667 673 2082 746; x_wconf 89' lang='lat' dir='ltr'>Xenophonteae</span> 
     </span>
     <span class='ocr_line' id='line_1_7' title="bbox 97 758 2082 834; baseline 0.001 -18"><span class='ocrx_word' id='word_1_44' title='bbox 97 761 291 816; x_wconf 88' lang='lat' dir='ltr'>aetatis</span> <span class='ocrx_word' id='word_1_45' title='bbox 330 776 483 823; x_wconf 89' lang='lat' dir='ltr'>esse,</span> <span class='ocrx_word' id='word_1_46' title='bbox 524 767 585 813; x_wconf 91' lang='lat' dir='ltr'>ut</span> <span class='ocrx_word' id='word_1_47' title='bbox 626 758 726 813; x_wconf 92' lang='lat' dir='ltr'>hoc</span> <span class='ocrx_word' id='word_1_48' title='bbox 768 766 925 824; x_wconf 79' lang='lat' dir='ltr'>utar,</span> <span class='ocrx_word' id='word_1_49' title='bbox 965 758 1195 813; x_wconf 86' lang='lat' dir='ltr'>sormam</span> <span class='ocrx_word' id='word_1_50' title='bbox 1229 761 1597 826; x_wconf 67' lang='grc' dir='ltr'><em>ἀπεκτίννυον,</em></span> <span class='ocrx_word' id='word_1_51' title='bbox 1641 778 1778 834; x_wconf 88' lang='lat' dir='ltr'>quae</span> <span class='ocrx_word' id='word_1_52' title='bbox 1818 778 1964 817; x_wconf 91' lang='lat' dir='ltr'>nunc</span> <span class='ocrx_word' id='word_1_53' title='bbox 2011 763 2082 818; x_wconf 79' lang='lat' dir='ltr'>le-</span> 
     </span>
     <span class='ocr_line' id='line_1_8' title="bbox 98 846 2084 922; baseline 0.002 -21"><span class='ocrx_word' id='word_1_54' title='bbox 98 849 246 920; x_wconf 84' lang='lat' dir='ltr'>gitur</span> <span class='ocrx_word' id='word_1_55' title='bbox 287 846 485 901; x_wconf 86' lang='lat' dir='ltr'>Hellen.</span> <span class='ocrx_word' id='word_1_56' title='bbox 528 847 588 901; x_wconf 91' lang='lat' dir='ltr'>V.</span> <span class='ocrx_word' id='word_1_57' title='bbox 632 864 686 901; x_wconf 87' lang='lat'>11.</span> <span class='ocrx_word' id='word_1_58' title='bbox 730 852 838 913; x_wconf 83' lang='lat'>45,</span> <span class='ocrx_word' id='word_1_59' title='bbox 880 847 960 902; x_wconf 92' lang='lat' dir='ltr'>vel</span> <span class='ocrx_word' id='word_1_60' title='bbox 1008 848 1329 915; x_wconf 78' lang='grc' dir='ltr'><em>ἐνεπίμπρων</em></span> <span class='ocrx_word' id='word_1_61' title='bbox 1373 848 1463 903; x_wconf 91' lang='lat' dir='ltr'>VI.</span> <span class='ocrx_word' id='word_1_62' title='bbox 1506 865 1556 902; x_wconf 87' lang='lat' dir='ltr'>v.</span> <span class='ocrx_word' id='word_1_63' title='bbox 1601 850 1710 903; x_wconf 73' lang='lat'>22?</span> <span class='ocrx_word' id='word_1_64' title='bbox 1773 849 1891 905; x_wconf 90' lang='lat' dir='ltr'>Seri</span> <span class='ocrx_word' id='word_1_65' title='bbox 1927 866 2084 922; x_wconf 90' lang='lat' dir='ltr'>nepo·</span> 
     </span>
     <span class='ocr_line' id='line_1_9' title="bbox 98 935 2082 1006; baseline -0.001 -14"><span class='ocrx_word' id='word_1_66' title='bbox 98 943 180 992; x_wconf 87' lang='lat' dir='ltr'>tes</span> <span class='ocrx_word' id='word_1_67' title='bbox 219 935 396 990; x_wconf 84' lang='lat' dir='ltr'>dicere</span> <span class='ocrx_word' id='word_1_68' title='bbox 449 941 741 1006; x_wconf 90' lang='lat' dir='ltr'>coeperunt</span> <span class='ocrx_word' id='word_1_69' title='bbox 792 936 1109 990; x_wconf 74' lang='grc' dir='ltr'><em>αποκτιννύω</em></span> <span class='ocrx_word' id='word_1_70' title='bbox 1161 941 1216 989; x_wconf 87' lang='lat' dir='ltr'>et</span> <span class='ocrx_word' id='word_1_71' title='bbox 1269 935 1548 1003; x_wconf 77' lang='grc' dir='ltr'><em>ε’μπιμπρῶ</em></span> <span class='ocrx_word' id='word_1_72' title='bbox 1603 946 1656 992; x_wconf 89' lang='lat' dir='ltr'>et</span> <span class='ocrx_word' id='word_1_73' title='bbox 1708 955 1843 991; x_wconf 92' lang='lat' dir='ltr'>novo</span> <span class='ocrx_word' id='word_1_74' title='bbox 1899 953 2082 991; x_wconf 88' lang='lat' dir='ltr'>errore</span> 
     </span>
     <span class='ocr_line' id='line_1_10' title="bbox 95 1022 2081 1095; baseline -0.001 -16"><span class='ocrx_word' id='word_1_75' title='bbox 95 1026 369 1092; x_wconf 78' lang='grc' dir='ltr'><em>ἔμπιπρῶ,</em></span> <span class='ocrx_word' id='word_1_76' title='bbox 425 1039 591 1095; x_wconf 88' lang='lat' dir='ltr'>quum</span> <span class='ocrx_word' id='word_1_77' title='bbox 648 1023 869 1077; x_wconf 87' lang='lat' dir='ltr'>Veteres</span> <span class='ocrx_word' id='word_1_78' title='bbox 911 1040 1015 1078; x_wconf 91' lang='lat' dir='ltr'>non</span> <span class='ocrx_word' id='word_1_79' title='bbox 1068 1022 1226 1078; x_wconf 85' lang='lat' dir='ltr'>aliter</span> <span class='ocrx_word' id='word_1_80' title='bbox 1268 1040 1430 1094; x_wconf 90' lang='lat' dir='ltr'>quam</span> <span class='ocrx_word' id='word_1_81' title='bbox 1485 1025 1824 1093; x_wconf 77' lang='grc' dir='ltr'><em>ἐμπίμπρημι</em></span> <span class='ocrx_word' id='word_1_82' title='bbox 1881 1033 1935 1079; x_wconf 89' lang='lat' dir='ltr'>et</span> <span class='ocrx_word' id='word_1_83' title='bbox 1991 1024 2081 1091; x_wconf 77' lang='grc' dir='ltr'>ἐμ-</span> 
     </span>
     <span class='ocr_line' id='line_1_11' title="bbox 97 1110 2081 1183; baseline -0.001 -16"><span class='ocrx_word' id='word_1_84' title='bbox 97 1114 408 1180; x_wconf 78' lang='grc' dir='ltr'><em>πίμπραμαι</em></span> <span class='ocrx_word' id='word_1_85' title='bbox 458 1110 734 1177; x_wconf 82' lang='lat' dir='ltr'>dicerent,</span> <span class='ocrx_word' id='word_1_86' title='bbox 787 1110 1241 1183; x_wconf 85' lang='lat' dir='ltr'>quemadmodum</span> <span class='ocrx_word' id='word_1_87' title='bbox 1283 1112 1631 1179; x_wconf 75' lang='grc' dir='ltr'>ε’μπίμπλημι</span> <span class='ocrx_word' id='word_1_88' title='bbox 1673 1120 1727 1168; x_wconf 87' lang='lat' dir='ltr'>et</span> <span class='ocrx_word' id='word_1_89' title='bbox 1765 1113 2081 1179; x_wconf 73' lang='grc' dir='ltr'><em>ἐμπίμπλα·</em></span> 
     </span>
     <span class='ocr_line' id='line_1_12' title="bbox 98 1199 2086 1271; baseline -0.001 -15"><span class='ocrx_word' id='word_1_90' title='bbox 98 1222 195 1267; x_wconf 78' lang='grc' dir='ltr'>μαι</span> <span class='ocrx_word' id='word_1_91' title='bbox 238 1199 348 1255; x_wconf 86' lang='lat' dir='ltr'>sola</span> <span class='ocrx_word' id='word_1_92' title='bbox 387 1201 442 1253; x_wconf 88' lang='lat' dir='ltr'>in</span> <span class='ocrx_word' id='word_1_93' title='bbox 482 1199 738 1255; x_wconf 92' lang='lat' dir='ltr'>Veterum</span> <span class='ocrx_word' id='word_1_94' title='bbox 774 1201 995 1271; x_wconf 89' lang='lat' dir='ltr'>scriptis</span> <span class='ocrx_word' id='word_1_95' title='bbox 1034 1200 1270 1270; x_wconf 86' lang='lat' dir='ltr'>genuina</span> <span class='ocrx_word' id='word_1_96' title='bbox 1304 1206 1466 1266; x_wconf 90' lang='lat' dir='ltr'>sunt,</span> <span class='ocrx_word' id='word_1_97' title='bbox 1506 1199 1598 1256; x_wconf 91' lang='lat' dir='ltr'>sed</span> <span class='ocrx_word' id='word_1_98' title='bbox 1632 1201 1825 1255; x_wconf 90' lang='lat' dir='ltr'>vitiosa</span> <span class='ocrx_word' id='word_1_99' title='bbox 1865 1208 1919 1256; x_wconf 93' lang='lat' dir='ltr'>et</span> <span class='ocrx_word' id='word_1_100' title='bbox 1954 1201 2086 1256; x_wconf 91' lang='lat' dir='ltr'>scri·</span> 
     </span>
     <span class='ocr_line' id='line_1_13' title="bbox 100 1287 2087 1361; baseline 0 -18"><span class='ocrx_word' id='word_1_101' title='bbox 100 1288 183 1343; x_wconf 84' lang='lat' dir='ltr'>his</span> <span class='ocrx_word' id='word_1_102' title='bbox 219 1287 639 1360; x_wconf 85' lang='lat' dir='ltr'>magistellisque</span> <span class='ocrx_word' id='word_1_103' title='bbox 677 1287 992 1361; x_wconf 82' lang='lat' dir='ltr'>imputanda</span> <span class='ocrx_word' id='word_1_104' title='bbox 1029 1288 1335 1354; x_wconf 77' lang='grc' dir='ltr'><em>ἐμπίπλημι</em></span> <span class='ocrx_word' id='word_1_105' title='bbox 1372 1294 1426 1343; x_wconf 84' lang='lat' dir='ltr'>et</span> <span class='ocrx_word' id='word_1_106' title='bbox 1465 1290 1844 1356; x_wconf 78' lang='grc' dir='ltr'><em>ἕμπίπλαμαι;</em></span> <span class='ocrx_word' id='word_1_107' title='bbox 1886 1290 1942 1343; x_wconf 88' lang='lat' dir='ltr'>in</span> <span class='ocrx_word' id='word_1_108' title='bbox 1979 1306 2087 1361; x_wconf 83' lang='lat' dir='ltr'>qua</span> 
     </span>
     <span class='ocr_line' id='line_1_14' title="bbox 101 1376 2085 1449; baseline 0.001 -19"><span class='ocrx_word' id='word_1_109' title='bbox 101 1394 160 1431; x_wconf 90' lang='lat' dir='ltr'>re</span> <span class='ocrx_word' id='word_1_110' title='bbox 191 1376 527 1433; x_wconf 88' lang='lat' dir='ltr'>Dindorfium</span> <span class='ocrx_word' id='word_1_111' title='bbox 567 1377 771 1442; x_wconf 86' lang='lat' dir='ltr'>miror,</span> <span class='ocrx_word' id='word_1_112' title='bbox 811 1377 906 1448; x_wconf 92' lang='lat' dir='ltr'>qui</span> <span class='ocrx_word' id='word_1_113' title='bbox 947 1376 1138 1431; x_wconf 85' lang='lat' dir='ltr'>maluit</span> <span class='ocrx_word' id='word_1_114' title='bbox 1171 1376 1389 1431; x_wconf 89' lang='lat' dir='ltr'>credere</span> <span class='ocrx_word' id='word_1_115' title='bbox 1428 1376 1590 1433; x_wconf 84' lang='lat' dir='ltr'>breve</span> <span class='ocrx_word' id='word_1_116' title='bbox 1623 1399 1638 1432; x_wconf 89' lang='grc' dir='ltr'><em>ι</em></span> <span class='ocrx_word' id='word_1_117' title='bbox 1681 1394 1711 1432; x_wconf 87' lang='lat' dir='ltr'>a</span> <span class='ocrx_word' id='word_1_118' title='bbox 1751 1377 1924 1449; x_wconf 75' lang='lat' dir='ltr'>poetis</span> <span class='ocrx_word' id='word_1_119' title='bbox 1960 1393 2085 1431; x_wconf 89' lang='lat' dir='ltr'>con·</span> 
     </span>
     <span class='ocr_line' id='line_1_15' title="bbox 98 1463 2155 1537; baseline -0 -18"><span class='ocrx_word' id='word_1_120' title='bbox 98 1471 184 1519; x_wconf 87' lang='lat' dir='ltr'>tra</span> <span class='ocrx_word' id='word_1_121' title='bbox 224 1472 475 1519; x_wconf 85' lang='lat' dir='ltr'>naturam</span> <span class='ocrx_word' id='word_1_122' title='bbox 512 1481 668 1536; x_wconf 91' lang='lat' dir='ltr'>posse</span> <span class='ocrx_word' id='word_1_123' title='bbox 713 1463 936 1537; x_wconf 89' lang='lat' dir='ltr'>produci</span> <span class='ocrx_word' id='word_1_124' title='bbox 977 1465 1031 1519; x_wconf 89' lang='lat' dir='ltr'>in</span> <span class='ocrx_word' id='word_1_125' title='bbox 1072 1465 1422 1531; x_wconf 77' lang='grc' dir='ltr'><em>ἐμπίπλαμαι</em></span> <span class='ocrx_word' id='word_1_126' title='bbox 1463 1472 1518 1520; x_wconf 85' lang='lat' dir='ltr'>et</span> <span class='ocrx_word' id='word_1_127' title='bbox 1557 1466 1856 1534; x_wconf 82' lang='grc' dir='ltr'><em>ε’μπίπρατε</em></span> <span class='ocrx_word' id='word_1_128' title='bbox 1898 1464 1954 1518; x_wconf 88' lang='lat' dir='ltr'>in</span> <span class='ocrx_word' id='word_1_129' title='bbox 1994 1481 2086 1519; x_wconf 84' lang='lat' dir='ltr'>ex·</span> <span class='ocrx_word' id='word_1_130' title='bbox 2153 1534 2155 1536; x_wconf 10' lang='lat' dir='ltr'>q</span> 
     </span>
     <span class='ocr_line' id='line_1_16' title="bbox 97 1552 2083 1625; baseline 0.001 -19"><span class='ocrx_word' id='word_1_131' title='bbox 97 1559 270 1607; x_wconf 84' lang='lat' dir='ltr'>tremo</span> <span class='ocrx_word' id='word_1_132' title='bbox 309 1554 521 1607; x_wconf 90' lang='lat' dir='ltr'>senario</span> <span class='ocrx_word' id='word_1_133' title='bbox 555 1554 742 1625; x_wconf 86' lang='lat' dir='ltr'>positis</span> <span class='ocrx_word' id='word_1_134' title='bbox 779 1570 940 1625; x_wconf 90' lang='lat' dir='ltr'>quam</span> <span class='ocrx_word' id='word_1_135' title='bbox 979 1553 1178 1624; x_wconf 88' lang='lat' dir='ltr'>ineptis</span> <span class='ocrx_word' id='word_1_136' title='bbox 1214 1553 1666 1609; x_wconf 80' lang='lat' dir='ltr'>homuncionibus</span> <span class='ocrx_word' id='word_1_137' title='bbox 1708 1553 1934 1616; x_wconf 89' lang='lat' dir='ltr'>Suidae,</span> <span class='ocrx_word' id='word_1_138' title='bbox 1977 1552 2083 1608; x_wconf 87' lang='grc' dir='ltr'>Μο-</span> 
     </span>
     <span class='ocr_line' id='line_1_17' title="bbox 94 1639 2084 1712; baseline 0.001 -17"><span class='ocrx_word' id='word_1_139' title='bbox 94 1639 386 1712; x_wconf 87' lang='lat' dir='ltr'>schopulo,</span> <span class='ocrx_word' id='word_1_140' title='bbox 437 1648 491 1696; x_wconf 90' lang='lat' dir='ltr'>et</span> <span class='ocrx_word' id='word_1_141' title='bbox 530 1642 576 1695; x_wconf 92' lang='lat' dir='ltr'>si</span> <span class='ocrx_word' id='word_1_142' title='bbox 628 1642 720 1712; x_wconf 90' lang='lat' dir='ltr'>qui</span> <span class='ocrx_word' id='word_1_143' title='bbox 777 1640 869 1695; x_wconf 89' lang='lat' dir='ltr'>alii</span> <span class='ocrx_word' id='word_1_144' title='bbox 921 1641 1163 1696; x_wconf 89' lang='lat' dir='ltr'>eiusdem</span> <span class='ocrx_word' id='word_1_145' title='bbox 1217 1641 1423 1697; x_wconf 82' lang='lat' dir='ltr'>farinae</span> <span class='ocrx_word' id='word_1_146' title='bbox 1463 1649 1626 1708; x_wconf 87' lang='lat' dir='ltr'>sunt,</span> <span class='ocrx_word' id='word_1_147' title='bbox 1686 1659 1792 1696; x_wconf 90' lang='lat' dir='ltr'>non</span> <span class='ocrx_word' id='word_1_148' title='bbox 1845 1640 2084 1696; x_wconf 89' lang='lat' dir='ltr'>credere.</span> 
     </span>
     <span class='ocr_line' id='line_1_18' title="bbox 96 1727 2084 1800; baseline 0.001 -18"><span class='ocrx_word' id='word_1_149' title='bbox 96 1728 423 1783; x_wconf 87' lang='lat' dir='ltr'>Eorumdem</span> <span class='ocrx_word' id='word_1_150' title='bbox 481 1737 562 1783; x_wconf 91' lang='lat' dir='ltr'>est</span> <span class='ocrx_word' id='word_1_151' title='bbox 611 1746 706 1800; x_wconf 92' lang='lat' dir='ltr'>pro</span> <span class='ocrx_word' id='word_1_152' title='bbox 741 1727 884 1795; x_wconf 75' lang='grc' dir='ltr'><em>ἵςημι</em></span> <span class='ocrx_word' id='word_1_153' title='bbox 927 1732 1015 1787; x_wconf 80' lang='grc' dir='ltr'>ἱςῶ</span> <span class='ocrx_word' id='word_1_154' title='bbox 1063 1729 1243 1784; x_wconf 90' lang='lat' dir='ltr'>dicere</span> <span class='ocrx_word' id='word_1_155' title='bbox 1282 1737 1336 1784; x_wconf 90' lang='lat' dir='ltr'>et</span> <span class='ocrx_word' id='word_1_156' title='bbox 1375 1730 1562 1794; x_wconf 77' lang='grc' dir='ltr'><em>ἱςοὶνω,</em></span> <span class='ocrx_word' id='word_1_157' title='bbox 1615 1737 1668 1784; x_wconf 90' lang='lat' dir='ltr'>et</span> <span class='ocrx_word' id='word_1_158' title='bbox 1717 1730 1933 1784; x_wconf 90' lang='lat' dir='ltr'>similia.</span> <span class='ocrx_word' id='word_1_159' title='bbox 2022 1730 2084 1784; x_wconf 90' lang='lat' dir='ltr'>In</span> 
     </span>
     <span class='ocr_line' id='line_1_19' title="bbox 98 1815 2085 1891; baseline 0.001 -21"><span class='ocrx_word' id='word_1_160' title='bbox 98 1815 464 1887; x_wconf 88' lang='lat' dir='ltr'>Xenophontis</span> <span class='ocrx_word' id='word_1_161' title='bbox 516 1817 745 1872; x_wconf 88' lang='lat' dir='ltr'>Hierone</span> <span class='ocrx_word' id='word_1_162' title='bbox 782 1817 872 1871; x_wconf 90' lang='lat'>111.</span> <span class='ocrx_word' id='word_1_163' title='bbox 929 1816 968 1891; x_wconf 76' lang='lat'>§</span> <span class='ocrx_word' id='word_1_164' title='bbox 1004 1821 1059 1873; x_wconf 91' lang='grc'>8.</span> <span class='ocrx_word' id='word_1_165' title='bbox 1122 1818 1310 1889; x_wconf 87' lang='lat' dir='ltr'>aequis</span> <span class='ocrx_word' id='word_1_166' title='bbox 1366 1819 1561 1873; x_wconf 88' lang='lat' dir='ltr'>animis</span> <span class='ocrx_word' id='word_1_167' title='bbox 1600 1817 1846 1873; x_wconf 85' lang='lat' dir='ltr'>Editores</span> <span class='ocrx_word' id='word_1_168' title='bbox 1903 1817 2085 1872; x_wconf 86' lang='lat' dir='ltr'>ferunt</span> 
     </span>
     <span class='ocr_line' id='line_1_20' title="bbox 95 1903 2084 1978; baseline 0.001 -20"><span class='ocrx_word' id='word_1_169' title='bbox 95 1903 376 1959; x_wconf 89' lang='lat' dir='ltr'>barbaram</span> <span class='ocrx_word' id='word_1_170' title='bbox 430 1905 659 1960; x_wconf 86' lang='lat' dir='ltr'>sormam</span> <span class='ocrx_word' id='word_1_171' title='bbox 717 1906 1176 1970; x_wconf 75' lang='grc' dir='ltr'><em>απεκτονηκότας,</em></span> <span class='ocrx_word' id='word_1_172' title='bbox 1232 1907 1386 1977; x_wconf 89' lang='lat' dir='ltr'>quasi</span> <span class='ocrx_word' id='word_1_173' title='bbox 1442 1923 1567 1961; x_wconf 87' lang='lat' dir='ltr'>vero</span> <span class='ocrx_word' id='word_1_174' title='bbox 1625 1909 1926 1962; x_wconf 72' lang='grc' dir='ltr'><em>αποκτονεῖν</em></span> <span class='ocrx_word' id='word_1_175' title='bbox 1988 1923 2084 1978; x_wconf 92' lang='lat' dir='ltr'>pro</span> 
     </span>
     <span class='ocr_line' id='line_1_21' title="bbox 93 1993 2081 2065; baseline 0.002 -19"><span class='ocrx_word' id='word_1_176' title='bbox 93 1994 413 2047; x_wconf 71' lang='grc' dir='ltr'><em>ἀποκτείνειν</em></span> <span class='ocrx_word' id='word_1_177' title='bbox 454 1993 653 2048; x_wconf 88' lang='lat' dir='ltr'>Graece</span> <span class='ocrx_word' id='word_1_178' title='bbox 694 2009 950 2065; x_wconf 90' lang='lat' dir='ltr'>umquam</span> <span class='ocrx_word' id='word_1_179' title='bbox 992 1993 1097 2048; x_wconf 90' lang='lat' dir='ltr'>dici</span> <span class='ocrx_word' id='word_1_180' title='bbox 1144 1994 1427 2065; x_wconf 86' lang='lat' dir='ltr'>potuisset.</span> <span class='ocrx_word' id='word_1_181' title='bbox 1510 1994 1651 2049; x_wconf 85' lang='lat' dir='ltr'>Faex</span> <span class='ocrx_word' id='word_1_182' title='bbox 1695 1994 2081 2050; x_wconf 88' lang='lat' dir='ltr'>Graeculorum</span> 
     </span>
     <span class='ocr_line' id='line_1_22' title="bbox 97 2080 2079 2154; baseline 0.002 -20"><span class='ocrx_word' id='word_1_183' title='bbox 97 2081 172 2135; x_wconf 87' lang='lat' dir='ltr'>ita</span> <span class='ocrx_word' id='word_1_184' title='bbox 239 2080 384 2152; x_wconf 89' lang='lat' dir='ltr'>loqui</span> <span class='ocrx_word' id='word_1_185' title='bbox 448 2089 833 2146; x_wconf 89' lang='lat' dir='ltr'>consueverat,</span> <span class='ocrx_word' id='word_1_186' title='bbox 892 2081 1260 2154; x_wconf 88' lang='lat' dir='ltr'>Xenophontis</span> <span class='ocrx_word' id='word_1_187' title='bbox 1316 2089 1397 2137; x_wconf 91' lang='lat' dir='ltr'>est</span> <span class='ocrx_word' id='word_1_188' title='bbox 1454 2082 1810 2142; x_wconf 70' lang='grc' dir='ltr'><em>ἀπεκτονότας</em></span> <span class='ocrx_word' id='word_1_189' title='bbox 1882 2082 2079 2137; x_wconf 87' lang='lat' dir='ltr'>dicere.</span> 
     </span>
     <span class='ocr_line' id='line_1_23' title="bbox 95 2168 2079 2241; baseline 0.002 -19"><span class='ocrx_word' id='word_1_190' title='bbox 95 2168 467 2241; x_wconf 84' lang='lat' dir='ltr'>Compluscula</span> <span class='ocrx_word' id='word_1_191' title='bbox 506 2168 572 2224; x_wconf 92' lang='lat' dir='ltr'>de</span> <span class='ocrx_word' id='word_1_192' title='bbox 608 2186 804 2240; x_wconf 85' lang='lat' dir='ltr'>genere</span> <span class='ocrx_word' id='word_1_193' title='bbox 844 2169 943 2223; x_wconf 92' lang='lat' dir='ltr'>hoc</span> <span class='ocrx_word' id='word_1_194' title='bbox 984 2185 1048 2223; x_wconf 84' lang='lat' dir='ltr'>ex</span> <span class='ocrx_word' id='word_1_195' title='bbox 1090 2169 1377 2225; x_wconf 90' lang='lat' dir='ltr'>Hellenicis</span> <span class='ocrx_word' id='word_1_196' title='bbox 1417 2169 1641 2224; x_wconf 91' lang='lat' dir='ltr'>collecta</span> <span class='ocrx_word' id='word_1_197' title='bbox 1676 2170 1922 2225; x_wconf 91' lang='lat' dir='ltr'>indicabo</span> <span class='ocrx_word' id='word_1_198' title='bbox 1962 2170 2079 2226; x_wconf 84' lang='lat' dir='ltr'>bre-</span> 
     </span>
     <span class='ocr_line' id='line_1_24' title="bbox 95 2256 2078 2329; baseline 0.002 -18"><span class='ocrx_word' id='word_1_199' title='bbox 95 2258 328 2313; x_wconf 84' lang='lat' dir='ltr'>vissime.</span> <span class='ocrx_word' id='word_1_200' title='bbox 426 2257 539 2312; x_wconf 91' lang='lat' dir='ltr'>Non</span> <span class='ocrx_word' id='word_1_201' title='bbox 600 2264 682 2312; x_wconf 88' lang='lat' dir='ltr'>est</span> <span class='ocrx_word' id='word_1_202' title='bbox 741 2256 1112 2329; x_wconf 90' lang='lat' dir='ltr'>Xenophontis</span> <span class='ocrx_word' id='word_1_203' title='bbox 1172 2275 1366 2313; x_wconf 90' lang='lat' dir='ltr'>manus</span> <span class='ocrx_word' id='word_1_204' title='bbox 1419 2259 1459 2313; x_wconf 94' lang='grc' dir='ltr'>Ι.</span> <span class='ocrx_word' id='word_1_205' title='bbox 1517 2276 1551 2312; x_wconf 90' lang='lat'>1.</span> <span class='ocrx_word' id='word_1_206' title='bbox 1615 2262 1703 2313; x_wconf 77' lang='lat'>23.</span> <span class='ocrx_word' id='word_1_207' title='bbox 1770 2259 2078 2327; x_wconf 66' lang='grc' dir='ltr'>γράμματα</span> 
     </span>
     <span class='ocr_line' id='line_1_25' title="bbox 94 2345 2080 2417; baseline 0.002 -17"><span class='ocrx_word' id='word_1_208' title='bbox 94 2345 332 2401; x_wconf 69' lang='grc' dir='ltr'><em>ἑάλωσαν</em></span> <span class='ocrx_word' id='word_1_209' title='bbox 375 2345 465 2400; x_wconf 89' lang='lat' dir='ltr'>sed</span> <span class='ocrx_word' id='word_1_210' title='bbox 508 2345 674 2408; x_wconf 71' lang='grc' dir='ltr'><em>ἑάλω,</em></span> <span class='ocrx_word' id='word_1_211' title='bbox 719 2362 891 2417; x_wconf 86' lang='lat' dir='ltr'>neque</span> <span class='ocrx_word' id='word_1_212' title='bbox 926 2346 964 2400; x_wconf 88' lang='lat' dir='ltr'>I.</span> <span class='ocrx_word' id='word_1_213' title='bbox 1008 2362 1060 2399; x_wconf 77' lang='lat'>1¹.</span> <span class='ocrx_word' id='word_1_214' title='bbox 1107 2351 1157 2401; x_wconf 88' lang='lat'>7.</span> <span class='ocrx_word' id='word_1_215' title='bbox 1199 2348 1283 2401; x_wconf 79' lang='grc' dir='ltr'>ἐπὶ</span> <span class='ocrx_word' id='word_1_216' title='bbox 1318 2348 1390 2402; x_wconf 74' lang='grc' dir='ltr'>τα</span> <span class='ocrx_word' id='word_1_217' title='bbox 1429 2346 1578 2416; x_wconf 78' lang='grc' dir='ltr'><em>ἕτερα</em></span> <span class='ocrx_word' id='word_1_218' title='bbox 1617 2355 1711 2410; x_wconf 79' lang='grc' dir='ltr'>τῆς</span> <span class='ocrx_word' id='word_1_219' title='bbox 1747 2347 1945 2409; x_wconf 79' lang='grc' dir='ltr'><em>πόλεως</em></span> <span class='ocrx_word' id='word_1_220' title='bbox 1986 2348 2080 2404; x_wconf 80' lang='lat' dir='ltr'>setl</span> 
     </span>
     <span class='ocr_line' id='line_1_26' title="bbox 96 2433 2078 2506; baseline 0.002 -19"><span class='ocrx_word' id='word_1_221' title='bbox 96 2435 179 2488; x_wconf 74' lang='grc' dir='ltr'>ἐπὶ</span> <span class='ocrx_word' id='word_1_222' title='bbox 234 2433 461 2501; x_wconf 72' lang='grc' dir='ltr'><em>θάτερα,</em></span> <span class='ocrx_word' id='word_1_223' title='bbox 520 2434 683 2488; x_wconf 89' lang='lat' dir='ltr'>sicuti</span> <span class='ocrx_word' id='word_1_224' title='bbox 724 2435 789 2487; x_wconf 92' lang='lat' dir='ltr'>V.</span> <span class='ocrx_word' id='word_1_225' title='bbox 832 2452 887 2488; x_wconf 89' lang='lat'>11.</span> <span class='ocrx_word' id='word_1_226' title='bbox 930 2437 1019 2488; x_wconf 77' lang='lat'>24.</span> <span class='ocrx_word' id='word_1_227' title='bbox 1076 2436 1146 2497; x_wconf 80' lang='grc' dir='ltr'>εἷς</span> <span class='ocrx_word' id='word_1_228' title='bbox 1185 2438 1318 2491; x_wconf 66' lang='grc' dir='ltr'>τάπὶ</span> <span class='ocrx_word' id='word_1_229' title='bbox 1375 2438 1579 2506; x_wconf 71' lang='grc' dir='ltr'><em>Θρᾴκης</em></span> <span class='ocrx_word' id='word_1_230' title='bbox 1620 2437 1788 2504; x_wconf 80' lang='grc' dir='ltr'><em>χωρία</em></span> <span class='ocrx_word' id='word_1_231' title='bbox 1829 2435 2078 2501; x_wconf 88' lang='lat' dir='ltr'>dederat,</span> 
     </span>
     <span class='ocr_line' id='line_1_27' title="bbox 95 2522 2078 2594; baseline 0.002 -19"><span class='ocrx_word' id='word_1_232' title='bbox 95 2538 198 2575; x_wconf 93' lang='lat' dir='ltr'>non</span> <span class='ocrx_word' id='word_1_233' title='bbox 238 2522 310 2575; x_wconf 71' lang='grc' dir='ltr'>τοὶ</span> <span class='ocrx_word' id='word_1_234' title='bbox 361 2523 444 2576; x_wconf 77' lang='grc' dir='ltr'>ἐπὶ</span> <span class='ocrx_word' id='word_1_235' title='bbox 507 2524 731 2592; x_wconf 75' lang='grc' dir='ltr'><strong><em>Θρᾴκης.</em></strong></span> <span class='ocrx_word' id='word_1_236' title='bbox 814 2522 1210 2594; x_wconf 87' lang='lat' dir='ltr'>Saepenumero</span> <span class='ocrx_word' id='word_1_237' title='bbox 1252 2526 1331 2579; x_wconf 91' lang='lat' dir='ltr'>sic</span> <span class='ocrx_word' id='word_1_238' title='bbox 1384 2525 1475 2579; x_wconf 87' lang='lat' dir='ltr'>isti</span> <span class='ocrx_word' id='word_1_239' title='bbox 1536 2525 1713 2578; x_wconf 86' lang='lat' dir='ltr'>crasin</span> <span class='ocrx_word' id='word_1_240' title='bbox 1766 2524 2078 2590; x_wconf 86' lang='lat' dir='ltr'>resolvunt,</span> 
     </span>
     <span class='ocr_line' id='line_1_28' title="bbox 95 2609 2078 2684; baseline 0.002 -21"><span class='ocrx_word' id='word_1_241' title='bbox 95 2625 201 2680; x_wconf 88' lang='lat' dir='ltr'>qua</span> <span class='ocrx_word' id='word_1_242' title='bbox 243 2610 407 2664; x_wconf 81' lang='lat' dir='ltr'>Attici</span> <span class='ocrx_word' id='word_1_243' title='bbox 453 2612 505 2665; x_wconf 92' lang='lat' dir='ltr'>in</span> <span class='ocrx_word' id='word_1_244' title='bbox 549 2609 638 2664; x_wconf 91' lang='lat' dir='ltr'>illo</span> <span class='ocrx_word' id='word_1_245' title='bbox 694 2610 879 2682; x_wconf 89' lang='lat' dir='ltr'>rapido</span> <span class='ocrx_word' id='word_1_246' title='bbox 935 2611 1192 2665; x_wconf 89' lang='lat' dir='ltr'>orationis</span> <span class='ocrx_word' id='word_1_247' title='bbox 1250 2612 1474 2667; x_wconf 82' lang='lat' dir='ltr'>flumine</span> <span class='ocrx_word' id='word_1_248' title='bbox 1530 2613 1582 2666; x_wconf 92' lang='lat' dir='ltr'>in</span> <span class='ocrx_word' id='word_1_249' title='bbox 1628 2612 1911 2684; x_wconf 86' lang='lat' dir='ltr'>permultis</span> <span class='ocrx_word' id='word_1_250' title='bbox 1956 2629 2078 2668; x_wconf 90' lang='lat' dir='ltr'>con·</span> 
     </span>
     <span class='ocr_line' id='line_1_29' title="bbox 94 2696 2077 2771; baseline 0.002 -20"><span class='ocrx_word' id='word_1_251' title='bbox 94 2697 425 2753; x_wconf 78' lang='lat' dir='ltr'>stantissime</span> <span class='ocrx_word' id='word_1_252' title='bbox 461 2696 766 2754; x_wconf 81' lang='lat' dir='ltr'>utebantur.</span> <span class='ocrx_word' id='word_1_253' title='bbox 846 2699 1107 2754; x_wconf 87' lang='lat' dir='ltr'>Dicebant</span> <span class='ocrx_word' id='word_1_254' title='bbox 1140 2700 1266 2754; x_wconf 93' lang='lat' dir='ltr'>olim</span> <span class='ocrx_word' id='word_1_255' title='bbox 1305 2715 1517 2771; x_wconf 87' lang='lat' dir='ltr'>semper</span> <span class='ocrx_word' id='word_1_256' title='bbox 1554 2700 1805 2765; x_wconf 74' lang='grc' dir='ltr'>τοέγαθοέ.</span> <span class='ocrx_word' id='word_1_257' title='bbox 1845 2702 2077 2766; x_wconf 67' lang='grc' dir='ltr'><em>τάληθῆ,</em></span> 
     </span>
     <span class='ocr_line' id='line_1_30' title="bbox 90 2785 2075 2857; baseline 0.003 -18"><span class='ocrx_word' id='word_1_258' title='bbox 90 2785 398 2851; x_wconf 71' lang='grc' dir='ltr'><em>τάναγκαῖα</em></span> <span class='ocrx_word' id='word_1_259' title='bbox 421 2828 434 2849; x_wconf 94' lang='grc'>,</span> <span class='ocrx_word' id='word_1_260' title='bbox 473 2788 787 2849; x_wconf 72' lang='grc' dir='ltr'><em>τάπιτήδεια</em></span> <span class='ocrx_word' id='word_1_261' title='bbox 810 2829 823 2850; x_wconf 94' lang='grc'><em>,</em></span> <span class='ocrx_word' id='word_1_262' title='bbox 863 2786 1193 2855; x_wconf 68' lang='grc' dir='ltr'><em>τάνδράποδα</em></span> <span class='ocrx_word' id='word_1_263' title='bbox 1217 2831 1229 2851; x_wconf 92' lang='grc'><em>,</em></span> <span class='ocrx_word' id='word_1_264' title='bbox 1269 2788 1577 2852; x_wconf 68' lang='grc' dir='ltr'><em>τάπινίκια,</em></span> <span class='ocrx_word' id='word_1_265' title='bbox 1616 2789 1885 2857; x_wconf 69' lang='grc' dir='ltr'><em>τώργύριον</em></span> <span class='ocrx_word' id='word_1_266' title='bbox 1909 2831 1923 2854; x_wconf 87' lang='grc'>,</span> <span class='ocrx_word' id='word_1_267' title='bbox 1963 2791 2075 2844; x_wconf 82' lang='grc' dir='ltr'>τού-</span> 
     </span>
     <span class='ocr_line' id='line_1_31' title="bbox 91 2872 2076 2946; baseline 0.003 -20"><span class='ocrx_word' id='word_1_268' title='bbox 91 2872 346 2941; x_wconf 75' lang='grc' dir='ltr'><em>λιέχιςον,</em></span> <span class='ocrx_word' id='word_1_269' title='bbox 395 2875 652 2940; x_wconf 68' lang='grc' dir='ltr'><em>θοιμάτιον</em></span> <span class='ocrx_word' id='word_1_270' title='bbox 678 2917 690 2939; x_wconf 96' lang='grc'><strong>,</strong></span> <span class='ocrx_word' id='word_1_271' title='bbox 739 2875 996 2941; x_wconf 77' lang='grc' dir='ltr'><em>θαιμοὶτια</em></span> <span class='ocrx_word' id='word_1_272' title='bbox 1024 2918 1037 2941; x_wconf 93' lang='grc'><strong>,</strong></span> <span class='ocrx_word' id='word_1_273' title='bbox 1082 2882 1135 2930; x_wconf 84' lang='lat' dir='ltr'>et</span> <span class='ocrx_word' id='word_1_274' title='bbox 1176 2877 1335 2944; x_wconf 79' lang='grc' dir='ltr'><em>οὲνήρ,</em></span> <span class='ocrx_word' id='word_1_275' title='bbox 1376 2874 1668 2944; x_wconf 74' lang='grc' dir='ltr'><em>ἅνθρωπος,</em></span> <span class='ocrx_word' id='word_1_276' title='bbox 1713 2877 1976 2946; x_wconf 67' lang='grc' dir='ltr'>ἁδελφός,</span> <span class='ocrx_word' id='word_1_277' title='bbox 2023 2884 2076 2932; x_wconf 84' lang='lat' dir='ltr'>et</span> 
     </span>
     <span class='ocr_line' id='line_1_32' title="bbox 91 2961 2073 3038; baseline 0.002 -23"><span class='ocrx_word' id='word_1_278' title='bbox 91 2963 250 3022; x_wconf 78' lang='grc' dir='ltr'><em>καλὸς</em></span> <span class='ocrx_word' id='word_1_279' title='bbox 302 2963 532 3027; x_wconf 68' lang='grc' dir='ltr'><em>κάγαθός</em></span> <span class='ocrx_word' id='word_1_280' title='bbox 591 2961 754 3037; x_wconf 86' lang='lat' dir='ltr'>(unde</span> <span class='ocrx_word' id='word_1_281' title='bbox 794 2965 1163 3030; x_wconf 74' lang='grc' dir='ltr'><em>καλοκαγαθία</em></span> <span class='ocrx_word' id='word_1_282' title='bbox 1203 2971 1256 3019; x_wconf 89' lang='lat' dir='ltr'>et</span> <span class='ocrx_word' id='word_1_283' title='bbox 1303 2966 1689 3030; x_wconf 72' lang='grc' dir='ltr'><em>καλοκαγαθεῖν</em></span> <span class='ocrx_word' id='word_1_284' title='bbox 1744 2972 1869 3020; x_wconf 82' lang='lat' dir='ltr'>nata</span> <span class='ocrx_word' id='word_1_285' title='bbox 1923 2964 2073 3038; x_wconf 84' lang='lat' dir='ltr'>sunt)</span> 
     </span>
     <span class='ocr_line' id='line_1_33' title="bbox 92 3051 2071 3122; baseline 0.003 -19"><span class='ocrx_word' id='word_1_286' title='bbox 92 3065 385 3122; x_wconf 82' lang='lat' dir='ltr'>numquam</span> <span class='ocrx_word' id='word_1_287' title='bbox 428 3053 588 3112; x_wconf 74' lang='grc' dir='ltr'><em>καλὸς</em></span> <span class='ocrx_word' id='word_1_288' title='bbox 628 3051 714 3106; x_wconf 77' lang='grc' dir='ltr'>καὶ</span> <span class='ocrx_word' id='word_1_289' title='bbox 759 3052 975 3117; x_wconf 72' lang='grc' dir='ltr'>ἀγαθός.</span> <span class='ocrx_word' id='word_1_290' title='bbox 1033 3053 1194 3107; x_wconf 78' lang='lat' dir='ltr'>Recte</span> <span class='ocrx_word' id='word_1_291' title='bbox 1237 3052 1485 3107; x_wconf 76' lang='lat' dir='ltr'>photius:</span> <span class='ocrx_word' id='word_1_292' title='bbox 1528 3054 1740 3115; x_wconf 83' lang='grc' dir='ltr'><em>Καλὸς</em></span> <span class='ocrx_word' id='word_1_293' title='bbox 1780 3054 2071 3118; x_wconf 67' lang='grc' dir='ltr'><em>κάγαθός</em></span> 
     </span>
     <span class='ocr_line' id='line_1_34' title="bbox 92 3137 2072 3214; baseline 0.002 -23"><span class='ocrx_word' id='word_1_294' title='bbox 92 3137 310 3202; x_wconf 72' lang='grc' dir='ltr'><em>λέγεται</em></span> <span class='ocrx_word' id='word_1_295' title='bbox 350 3140 492 3194; x_wconf 67' lang='grc' dir='ltr'>κατὰ</span> <span class='ocrx_word' id='word_1_296' title='bbox 530 3142 847 3209; x_wconf 70' lang='grc' dir='ltr'><em>συναλοιφὴν</em></span> <span class='ocrx_word' id='word_1_297' title='bbox 886 3141 1004 3208; x_wconf 78' lang='grc' dir='ltr'>οὐχὶ</span> <span class='ocrx_word' id='word_1_298' title='bbox 1061 3143 1263 3203; x_wconf 79' lang='grc' dir='ltr'><em>καλὸς</em></span> <span class='ocrx_word' id='word_1_299' title='bbox 1306 3143 1408 3196; x_wconf 75' lang='grc' dir='ltr'>καὶ</span> <span class='ocrx_word' id='word_1_300' title='bbox 1453 3141 1723 3207; x_wconf 64' lang='grc' dir='ltr'><em>ἀγαθός.</em></span> <span class='ocrx_word' id='word_1_301' title='bbox 1804 3143 2072 3214; x_wconf 55' lang='lat' dir='ltr'>Frequenae</span> 
     </span>
     <span class='ocr_line' id='line_1_35' title="bbox 92 3225 2070 3301; baseline 0.004 -24"><span class='ocrx_word' id='word_1_302' title='bbox 92 3225 299 3281; x_wconf 86' lang='lat' dir='ltr'>tissime</span> <span class='ocrx_word' id='word_1_303' title='bbox 340 3227 394 3282; x_wconf 91' lang='lat' dir='ltr'>in</span> <span class='ocrx_word' id='word_1_304' title='bbox 435 3246 496 3282; x_wconf 89' lang='lat' dir='ltr'>ea</span> <span class='ocrx_word' id='word_1_305' title='bbox 538 3245 594 3282; x_wconf 92' lang='lat' dir='ltr'>re</span> <span class='ocrx_word' id='word_1_306' title='bbox 647 3227 855 3283; x_wconf 88' lang='lat' dir='ltr'>scribae</span> <span class='ocrx_word' id='word_1_307' title='bbox 895 3236 1223 3299; x_wconf 87' lang='lat' dir='ltr'>peccarunt,</span> <span class='ocrx_word' id='word_1_308' title='bbox 1279 3229 1372 3284; x_wconf 91' lang='lat' dir='ltr'>sed</span> <span class='ocrx_word' id='word_1_309' title='bbox 1408 3231 1528 3301; x_wconf 89' lang='lat' dir='ltr'>quis</span> <span class='ocrx_word' id='word_1_310' title='bbox 1570 3247 1733 3284; x_wconf 87' lang='lat' dir='ltr'>sanus</span> <span class='ocrx_word' id='word_1_311' title='bbox 1779 3231 1910 3284; x_wconf 87' lang='lat' dir='ltr'>istos</span> <span class='ocrx_word' id='word_1_312' title='bbox 1963 3246 2070 3283; x_wconf 91' lang='lat' dir='ltr'>mo-</span> 
     </span>
     <span class='ocr_line' id='line_1_36' title="bbox 94 3312 2071 3390; baseline 0.003 -25"><span class='ocrx_word' id='word_1_313' title='bbox 94 3312 342 3368; x_wconf 83' lang='lat' dir='ltr'>rabitur?</span> <span class='ocrx_word' id='word_1_314' title='bbox 424 3315 685 3371; x_wconf 90' lang='lat' dir='ltr'>Similiter</span> <span class='ocrx_word' id='word_1_315' title='bbox 739 3317 791 3370; x_wconf 92' lang='lat' dir='ltr'>in</span> <span class='ocrx_word' id='word_1_316' title='bbox 835 3315 954 3371; x_wconf 86' lang='lat' dir='ltr'>aliis</span> <span class='ocrx_word' id='word_1_317' title='bbox 995 3317 1244 3388; x_wconf 84' lang='lat' dir='ltr'>plurimis</span> <span class='ocrx_word' id='word_1_318' title='bbox 1289 3319 1376 3372; x_wconf 88' lang='lat' dir='ltr'>isti</span> <span class='ocrx_word' id='word_1_319' title='bbox 1418 3319 1597 3374; x_wconf 84' lang='lat' dir='ltr'>crasin</span> <span class='ocrx_word' id='word_1_320' title='bbox 1640 3318 1920 3390; x_wconf 86' lang='lat' dir='ltr'>antiquam</span> <span class='ocrx_word' id='word_1_321' title='bbox 1976 3324 2071 3371; x_wconf 87' lang='lat' dir='ltr'>aut</span> 
     </span>
     <span class='ocr_line' id='line_1_37' title="bbox 94 3399 2071 3477; baseline 0.003 -25"><span class='ocrx_word' id='word_1_322' title='bbox 94 3399 367 3456; x_wconf 84' lang='lat' dir='ltr'>resolvunt</span> <span class='ocrx_word' id='word_1_323' title='bbox 404 3411 497 3458; x_wconf 84' lang='lat' dir='ltr'>aut</span> <span class='ocrx_word' id='word_1_324' title='bbox 547 3403 699 3475; x_wconf 86' lang='lat' dir='ltr'>plane</span> <span class='ocrx_word' id='word_1_325' title='bbox 742 3402 971 3469; x_wconf 88' lang='lat' dir='ltr'>tollunt,</span> <span class='ocrx_word' id='word_1_326' title='bbox 1015 3404 1174 3477; x_wconf 87' lang='lat' dir='ltr'>idque</span> <span class='ocrx_word' id='word_1_327' title='bbox 1222 3406 1274 3459; x_wconf 90' lang='lat' dir='ltr'>in</span> <span class='ocrx_word' id='word_1_328' title='bbox 1318 3407 1480 3461; x_wconf 87' lang='lat' dir='ltr'>certis</span> <span class='ocrx_word' id='word_1_329' title='bbox 1531 3406 1852 3477; x_wconf 87' lang='lat' dir='ltr'>quibusdam</span> <span class='ocrx_word' id='word_1_330' title='bbox 1894 3403 2071 3459; x_wconf 89' lang='lat' dir='ltr'>verbis</span> 
     </span>
     <span class='ocr_line' id='line_1_38' title="bbox 92 3491 2069 3562; baseline 0.003 -22"><span class='ocrx_word' id='word_1_331' title='bbox 92 3494 199 3541; x_wconf 87' lang='lat' dir='ltr'>tam</span> <span class='ocrx_word' id='word_1_332' title='bbox 243 3505 396 3560; x_wconf 83' lang='lat' dir='ltr'>saepe</span> <span class='ocrx_word' id='word_1_333' title='bbox 436 3491 574 3562; x_wconf 83' lang='lat' dir='ltr'>apud</span> <span class='ocrx_word' id='word_1_334' title='bbox 626 3509 810 3547; x_wconf 89' lang='lat' dir='ltr'>omnes</span> <span class='ocrx_word' id='word_1_335' title='bbox 868 3493 1072 3547; x_wconf 88' lang='lat' dir='ltr'>Atticos</span> <span class='ocrx_word' id='word_1_336' title='bbox 1113 3493 1356 3549; x_wconf 78' lang='lat' dir='ltr'>fecerunt</span> <span class='ocrx_word' id='word_1_337' title='bbox 1397 3500 1456 3548; x_wconf 87' lang='lat' dir='ltr'>ut</span> <span class='ocrx_word' id='word_1_338' title='bbox 1498 3510 1654 3549; x_wconf 91' lang='lat' dir='ltr'>nemo</span> <span class='ocrx_word' id='word_1_339' title='bbox 1696 3493 1803 3547; x_wconf 86' lang='lat' dir='ltr'>scre</span> <span class='ocrx_word' id='word_1_340' title='bbox 1858 3494 1909 3547; x_wconf 90' lang='lat' dir='ltr'>in</span> <span class='ocrx_word' id='word_1_341' title='bbox 1967 3493 2069 3558; x_wconf 90' lang='lat' dir='ltr'>iis,</span> 
     </span>
     <span class='ocr_line' id='line_1_39' title="bbox 88 3577 2067 3652; baseline 0.003 -22"><span class='ocrx_word' id='word_1_342' title='bbox 88 3592 225 3645; x_wconf 85' lang='lat' dir='ltr'>quae</span> <span class='ocrx_word' id='word_1_343' title='bbox 278 3577 406 3648; x_wconf 84' lang='lat' dir='ltr'>legit</span> <span class='ocrx_word' id='word_1_344' title='bbox 459 3582 752 3636; x_wconf 80' lang='lat' dir='ltr'>sexcenties</span> <span class='ocrx_word' id='word_1_345' title='bbox 809 3589 861 3635; x_wconf 89' lang='lat' dir='ltr'>et</span> <span class='ocrx_word' id='word_1_346' title='bbox 915 3581 1110 3652; x_wconf 80' lang='lat' dir='ltr'>quibus</span> <span class='ocrx_word' id='word_1_347' title='bbox 1166 3581 1367 3639; x_wconf 88' lang='lat' dir='ltr'>dudum</span> <span class='ocrx_word' id='word_1_348' title='bbox 1431 3600 1614 3638; x_wconf 80' lang='lat' dir='ltr'>aurem</span> <span class='ocrx_word' id='word_1_349' title='bbox 1675 3581 1831 3636; x_wconf 85' lang='lat' dir='ltr'>habet</span> <span class='ocrx_word' id='word_1_350' title='bbox 1884 3598 2067 3636; x_wconf 85' lang='lat' dir='ltr'>assue-</span> 
     </span>
    </p>
   </div>
   <div class='ocr_carea' id='block_1_3' title="bbox 1603 3671 1689 3706">
    <p class='ocr_par' dir='ltr' id='par_1_3' title="bbox 1603 3671 1689 3706">
     <span class='ocr_line' id='line_1_40' title="bbox 1603 3671 1689 3706; baseline -0.023 0"><span class='ocrx_word' id='word_1_351' title='bbox 1603 3671 1689 3706; x_wconf 68' lang='lat'>25¹0</span> 
     </span>
    </p>
   </div>
  </div>
 </body>
</html>
