2436 4068
1056 287 1159 335 115

98 433 155 485 B.
202 429 362 485 Bekk.
414 427 505 482 uhi
551 430 663 501 agit
713 428 779 483 de
830 429 1158 484 nominativo
1197 425 1224 480 ἵ
1255 427 1329 482 ita
1375 426 1590 483 scribit:
1643 427 2022 500 ἀξιοπιςότερος
2066 436 2086 486 5

98 522 368 588 Σοφοκλῆς
409 516 612 584 μάρτυς
651 516 978 586 χρησάμενος
1020 518 1071 570 ἐν
1111 515 1381 585 Οἰνομάῳ·

396 627 438 660 ει
478 626 576 670 μεν
612 626 727 659 ωσει
769 607 993 659 omrem
1029 606 1175 659 ειδωσ·
1207 623 1398 659 ἐιτεκοι
1420 603 1637 665 παιδος,

91 700 144 749 et
186 693 484 749 Scholiasta
520 693 723 748 Victor.
763 690 831 747 ad
870 690 1024 748 Iliad.
1063 689 1227 747 XXII.
1270 695 1397 747 410.
1442 697 1716 762 Σοφοκλῆς
1759 693 2028 764 Οἰνομάῳ·

396 784 426 844 ἧ
466 783 563 847 μὲν
600 781 715 835 ὤσει
758 778 947 834 θάσσο.
991 781 1020 843 ἧ
1062 781 1115 834 δὲ
1155 778 1394 844 ὦσιτέξου
1435 781 1622 835 παῖδας.

90 868 335 924 volebant
374 869 519 923 enim
553 866 796 923 nonnulli
832 865 975 940 apud
1010 866 1303 921 Homerum
1338 866 1576 922 scribere
1608 869 1673 930 ὥς
1704 865 1726 924 ἳ
1758 867 1951 925 ἕποιο-οι
1989 887 2086 943 pro

89 956 204 1012 ὡσεὶ
254 955 445 1011 ἕποιο-οι
495 971 661 1027 prava
711 954 1029 1010 subtilitate.
1109 954 1274 1008 Recte
1326 953 1624 1010 Scholiasta
1675 957 1941 1013 Venetus:
1998 961 2088 1015 οὐκ

89 1042 190 1102 οἶδε
226 1044 278 1099 δὲ
316 1045 340 1098 ὁ
375 1044 589 1106 ποιητὴς
628 1040 747 1097 οὔτε
784 1044 878 1105 τὴν
912 1040 941 1097 ἵ
968 1043 1086 1098 οὔτε
1127 1043 1220 1105 τὴν
1261 1046 1471 1111 σφεῖς.
1530 1041 1816 1116 Sophocles
1853 1045 2087 1102 dixerat:

89 1135 119 1197 ἦ
155 1133 252 1199 μὲν
303 1133 367 1192 ὥς
415 1128 437 1185 ἳ
483 1130 708 1186 odo-cova
755 1130 764 1205 Ι
813 1133 841 1195 ἧ
890 1133 935 1186 δ’
982 1134 1046 1192 ὦς
1093 1127 1116 1185 ἳ
1161 1130 1341 1185 τέτοκε
1407 1130 1596 1185 παῖδά.
1687 1131 2089 1188 Contendebant

89 1220 226 1276 duae
265 1225 492 1283 matreS,
535 1225 659 1273 utra
700 1217 872 1274 filium
910 1218 1206 1292 peperisset
1238 1217 1576 1273 velociorem.
1656 1216 1761 1273 Res
1801 1219 2088 1276 manifesta

86 1314 185 1365 est.
243 1307 398 1363 Nunc
428 1306 495 1361 ad
530 1306 858 1363 Herodotum
888 1304 1288 1363 'emendandum
1319 1311 1562 1370 transe0,
1606 1305 1749 1377 apud
1779 1323 1940 1378 quem
1971 1309 2090 1364 sine

86 1412 250 1453 sensu
289 1394 492 1466 legitur
533 1394 646 1449 v11.
693 1397 815 1450 169.
857 1392 894 1450 ὦ
931 1395 1125 1458 νήπιοι,
1179 1392 1546 1463 ἐπιμέμφεσθε
1588 1390 1687 1447 ὅσοι
1730 1395 1852 1460 ’ὑμῖν
1894 1397 1951 1450 ἐκ
1989 1401 2087 1453 τῶν

86 1483 326 1553 Μενέλεῳ
371 1481 750 1552 τιμωρημάτων
797 1482 974 1544 Μίνως
1022 1482 1233 1551 ἔπεμψε
1282 1483 1471 1549 μηνίων
1518 1482 1859 1549 δοεκρύμοοτοο,
1913 1480 1990 1538 ὅτι
2041 1485 2086 1539 οἱ
2144 1549 2146 1551 ‚

85 1573 184 1641 ’μὲν
228 1575 284 1628 οὗ
332 1570 773 1639 συνεξεπρήξαντο
817 1573 958 1639 αὐτῷ
1013 1572 1100 1626 τὸν
1148 1572 1200 1625 ἐν
1251 1570 1471 1639 Κοιμιίιῳ
1516 1569 1733 1625 θάνατον
1786 1570 2087 1637 γενόμενον,

85 1661 233 1729 ὑμεῖς
272 1660 327 1715 δὲ
365 1660 568 1715 κείνοιο-ι
607 1661 700 1723 τὴν
737 1661 794 1715 ἐκ
835 1658 1085 1727 Σπάρτης
1122 1659 1490 1727 ἅρπαιχθεῖσοιν
1532 1659 1621 1713 ὑπ’
1658 1652 1832 1727 ἀνδρὸς
1872 1659 2084 1727 βαρβά-

81 1768 164 1818 ρου
194 1754 452 1814 γυναῖκας
494 1746 639 1803 Nihil
669 1748 872 1804 attinet
909 1747 1279 1803 demonstrare
1313 1762 1477 1818 quam
1511 1747 1622 1801 sint
1656 1744 1787 1801 haec
1826 1746 2083 1819 impedita

81 1843 137 1893 et
175 1835 439 1900 absurda,
479 1837 612 1892 satis
659 1837 806 1892 enim
855 1834 1135 1908 apparebit
1171 1835 1217 1889 si
1255 1832 1394 1889 hanc
1435 1850 1616 1889 veram
1666 1834 1951 1889 lectionem
1992 1851 2082 1907 op·

80 1940 337 1998 posuero:
376 1921 453 1979 ὄτι
490 1921 543 1979 οἶ
573 1926 669 1991 μὲν
703 1926 757 1979 οὐ
799 1922 1238 1991 συνεξεπρήξασθε
1273 1923 1361 1977 τὸν
1394 1923 1446 1975 ἐν
1481 1921 1699 1991 Κοιμίκῳ
1740 1922 1957 1978 θάνατον
1989 1943 2080 1990 γε·

80 2011 310 2079 νόμενον,
350 2012 499 2078 ὑμεῖς
532 2013 585 2068 δὲ
617 2014 818 2067 κείνοισι
840 2012 948 2067 κτὲ.
994 2009 1153 2066 Vides
1188 2017 1425 2066 OIMEN
1463 2026 1567 2064 non
1602 2010 1937 2065 intellectum
1974 2010 2078 2067 foe·

79 2099 203 2155 dam
260 2099 620 2172 corruptelam
675 2099 944 2172 peperisse
996 2105 1050 2153 et
1096 2099 1181 2152 ἐπ’
1221 2098 1502 2167 αὐτοφώρῳ
1554 2096 1912 2168 deprehendis
1940 2116 2077 2176 ‘cor-

77 2194 316 2243 rectores
366 2186 510 2260 quod
561 2205 667 2243 non
721 2185 1033 2259 intelligunt
1078 2185 1481 2258 interpolantes
1574 2185 1840 2253 Quoniam
1886 2189 1930 2242 οἱ
1977 2187 2074 2254 μέν

0 2310 1 2324 1
74 2291 172 2348 pro
217 2273 268 2330 οἵ
311 2276 410 2342 μέν
452 2280 795 2349 praepostere
838 2275 1169 2348 scripserant
1213 2289 1312 2346 pro
1345 2271 1787 2343 συνεξεπρήξοισθε
1829 2291 1925 2347 per
1962 2276 2075 2333 vim

72 2361 509 2432 συνεξεπρήξαντο
550 2369 908 2436 reposuerunt
946 2369 1002 2419 et
1033 2363 1175 2431 αὐτῷ
1212 2360 1356 2434 quod
1393 2359 1578 2417 abesse
1611 2378 1717 2416 non
1759 2369 1970 2434 poterat
2006 2363 2073 2420 de

72 2465 171 2508 suo
208 2449 539 2507 adiecerunt.
619 2450 824 2507 Deinde
859 2449 997 2506 nihil
1030 2449 1179 2506 aliud
1218 2448 1516 2506 effecerunt
1555 2466 1719 2522 quam
1758 2456 1818 2506 ut
1859 2458 2071 2508 senten-

74 2538 152 2595 tia
199 2537 355 2612 plane
404 2547 567 2595 sensu
618 2555 790 2595 vacua
840 2546 896 2595 et
942 2538 1175 2595 absurda
1224 2545 1381 2594 esset.
1460 2538 1633 2593 Minos
1688 2539 1803 2611 ipse
1843 2537 2073 2595 infestus

23 2662 26 2666 Δ
73 2625 419 2702 popularibus
469 2627 584 2682 suis
632 2627 710 2682 ita
758 2626 959 2684 dixisse
1008 2627 1258 2700 fingitur:
1313 2626 1632 2690 κλωύσεσθε,
1686 2624 1764 2682 ὅτι
1813 2626 1925 2694 ἐμοὶ
1972 2629 2070 2693 μὲν

51 2715 163 2784 &wic
189 2715 571 2783 ἕτιμωρήσωτε,
610 2715 854 2785 Μενέλεῳ
885 2715 966 2781 δέ,
1003 2730 1142 2788 quae
1181 2715 1236 2770 in
1266 2715 1508 2771 oratione
1539 2714 1804 2770 indirecta
1834 2714 2069 2771 induunt

54 2798 218 2889 ‘Llllam
240 2800 500 2869 formam,
540 2819 703 2876 quam
726 2802 992 2859 Herodoto
1013 2802 1364 2859 reddidimus,
1424 2803 1666 2875 Denique
1699 2798 1847 2869 ὑμεῖς
1880 2804 1933 2858 δὲ
1966 2805 2066 2859 κεί-

67 2894 191 2947 ’νοισι
230 2906 380 2946 more
422 2891 705 2948 Homerico
744 2897 798 2947 et
837 2890 1135 2947 Herodoteo
1171 2892 1434 2964 scriptum
1480 2897 1563 2947 est
1602 2896 1729 2946 noto
1770 2906 1902 2956 usu,
1942 2908 2067 2947 con·

54 2961 154 3036 θοι·
189 2978 380 3035 Herod.
417 2979 456 3036 1.
495 2984 622 3036 206.
663 2979 861 3050 μόχθον
899 2980 996 3046 μὲν
1034 2980 1121 3034 τὸν
1157 2978 1299 3049 ἔχεις
1335 2978 1503 3049 ἄφες,
1543 2981 1607 3035 σὺ
1641 2981 1693 3034 δὲ
1732 2979 1972 3047 διάβαινε
2012 2981 2065 3043 ἐς

39 3071 47 3146 ³:
198 3067 474 3138 ἡμετέρην,
514 3075 569 3125 et
607 3066 781 3124 multa
820 3066 1005 3124 eodem
1047 3067 1204 3123 modo
1256 3068 1551 3140 composita
1584 3074 1883 3124 occurrunt
1923 3067 2066 3141 apud

176 3154 317 3212 dem.

52 3220 77 3276 '⁴
142 3242 607 3311 Quemadmodum
645 3242 695 3299 οἶ
729 3245 782 3299 in
819 3246 863 3300 οἱ
901 3243 1256 3318 depravatum
1296 3241 1472 3300 ess'ecit
1514 3252 1575 3300 ut
1609 3243 1750 3316 quod
1790 3243 2062 3299 diceretur

59 3324 288 3405 horsus
333 3331 564 3404 intelligi
613 3350 716 3388 non
772 3339 977 3406 posset,
1018 3333 1095 3388 sic
1133 3339 1322 3389 contra
1355 3336 1397 3387 οἱ
1440 3334 1494 3387 in
1536 3325 1909 3405 Aristophanis
1948 3330 2058 3384 loco

18 3494 19 3499 ἵ
60 3416 150 3476 bt
186 3420 611 3486 restituendum,
651 3419 793 3492 quod
835 3422 889 3475 ni
929 3419 1121 3477 seceris
1161 3422 1217 3476 in
1262 3420 1666 3494 interpretando
1714 3418 1901 3491 perdes
1935 3432 2054 3488 ope-

18 3505 200 3583 tum.
262 3508 532 3564 Sel-ibitur
581 3509 635 3563 in
684 3509 885 3565 Avibus
927 3511 1035 3564 569
1078 3526 1191 3582 sqq.
1236 3510 1290 3564 in
1343 3509 1593 3564 omnibus
1636 3508 1788 3562 libris
1838 3505 2055 3577 scriptis

65 3593 331 3668 editisque
370 3598 480 3654 sic:

1662 3685 1737 3716 10⁶
