2436 4068
1308 220 1412 270 444

383 377 594 434 repone.
677 363 918 418 Primum
977 363 1031 416 iu
1078 362 1165 416 IV.
1213 366 1296 415 12.
1359 369 1387 433 ἓ
1439 365 1487 413 ⁶2.
1551 361 1816 414 Φαίνονται
1877 360 1928 413 δὲ
1987 358 2027 411 οἱ
2091 355 2354 421 Κιμμέριοι

386 452 754 518 φεύγοντες
825 451 873 510 ἐς
927 450 1018 511 την
1072 450 1248 511 Ἀσίην
1306 449 1423 508 τοὺς
1490 449 1694 508 Σκύθαις
1764 448 1850 501 καὶ
1906 447 1997 508 την
2055 442 2359 510 χερσόνησον

390 539 694 602 κτίσαντες,
736 539 784 590 ἕν
825 546 889 606 τῇ
931 541 1016 590 νῦν
1057 539 1258 599 Σινώπη
1317 537 1464 596 πόλις
1504 535 1703 596 Ἑλλὰς
1746 535 1948 591 οἵκιςοιι.
2027 531 2140 585 Non
2182 530 2362 582 minus

394 627 647 679 vitiosum
688 631 769 678 est
807 625 1131 694 φεύγοντες,
1172 643 1234 679 ac
1279 626 1324 678 si
1374 625 1494 695 quis
1543 624 1598 676 in
1644 640 1756 694 sqq.
1815 622 2069 689 κτίζοντες
2113 634 2206 688 pro
2257 616 2366 669 κτί·

397 734 583 773 σαντες
632 711 790 767 vellet
843 712 1036 783 legere.
1116 713 1303 784 Itaque
1341 712 1598 781 φυγόντες
1651 728 1876 782 repone,
1917 707 2062 761 etin
2120 704 2223 757 fine
2263 703 2365 756 loci

393 801 665 863 οἴκηται
716 817 814 872 pro
851 800 1072 866 οἴκιςαι,
1113 800 1250 856 conf.
1289 802 1329 855 Ι.
1374 804 1497 854 195.
1578 798 1727 854 Alter
1773 799 1922 852 locus
1961 800 2042 849 est
2081 792 2194 845 Vll.
2240 795 2362 845 140.

392 891 445 942 in
484 888 734 943 oraculo:

532 977 622 1030 Ἴ).
662 978 864 1042 μέλεοι,
904 977 958 1031 τί
995 975 1243 1039 κοέθησθε,
1283 977 1443 1030 λιπὼν
1484 977 1683 1043 φεῦγ’
1724 974 1936 1042 ἔσχατα
1975 969 2132 1037 γαίης

550 1065 769 1130 δώματα
807 1066 893 1120 καὶ
936 1065 1109 1127 πόλιος
1149 1063 1455 1133 τροχοειδέος
1495 1061 1629 1130 ἄκρα
1668 1061 1879 1130 κάρηνα.

470 1151 527 1207 Si
567 1153 622 1205 in
658 1153 933 1223 superiore
972 1153 1086 1208 loco
1123 1153 1382 1222 φυγόντες
1417 1152 1508 1213 την
1545 1151 1724 1213 Ἀσίην
1763 1166 1860 1222 pro
1899 1150 2159 1219 φυγόντες
2193 1153 2243 1214 ἐς
2275 1153 2366 1215 τὴν

395 1241 572 1302 Ἀσίην
623 1240 892 1311 legeretur
941 1241 1124 1296 eadem
1166 1247 1304 1295 esset
1354 1240 1638 1310 utriusque
1687 1238 1791 1291 loci
1841 1236 2163 1294 absurditas.
2246 1242 2366 1296 Per-

394 1329 642 1399 spicuum
682 1335 763 1383 est
801 1329 970 1399 igitur
1004 1330 1057 1382 in
1099 1329 1241 1382 hunc
1283 1326 1499 1381 modum
1558 1325 1831 1380 emendari
1876 1335 2151 1396 oportere:
2206 1331 2367 1383 λιπὼν

392 1418 556 1485 <pos
602 1417 661 1477 ἐς
703 1416 914 1484 ἔσχατα
947 1417 1104 1482 γαίης
1139 1418 1376 1482 δώματα.
1433 1413 1534 1468 Sed
1575 1414 1639 1468 ad
1665 1413 2068 1484 Xenophontem
2106 1423 2362 1470 revertor.

393 1505 451 1558 ln
494 1505 522 1571 ἓ
564 1509 646 1558 19.
687 1522 782 1575 pro
822 1508 865 1559 οἱ
904 1506 999 1570 μὲν
1038 1505 1143 1572 γὰρ
1181 1506 1269 1572 ἐφ’
1309 1502 1476 1558 ἵππων
1527 1503 1812 1570 κρέμανται
1861 1502 2239 1572 corrigendum
2286 1512 2367 1558 est

393 1595 494 1661 ἀφ’
545 1592 751 1656 ἵππων,
800 1591 1250 1663 quemadmodum
1307 1591 1508 1644 dicitur
1546 1593 1646 1658 αφ’
1683 1590 1851 1644 ἵππων
1904 1589 2210 1657 μάχεσθαι,
2263 1609 2368 1645 non

391 1683 479 1750 ἐφ’
528 1678 713 1735 ἵππων.
793 1682 1074 1735 Praeterea
1110 1679 1444 1750 perapposite
1479 1679 1532 1730 in
1570 1694 1683 1731 rem
1722 1693 1872 1731 suam
1911 1678 2199 1750 Xenophon
2237 1696 2369 1733 usus

393 1777 476 1823 est
515 1768 674 1822 verbo
726 1769 1046 1836 κρέμασθαι,
1103 1767 1363 1821 lubricam
1401 1773 1454 1820 et
1502 1764 1805 1819 instabilem
1855 1764 2035 1819 sedem
2077 1767 2235 1821 verbo
2280 1767 2366 1822 de-

394 1858 650 1928 pingenS,
693 1856 831 1910 unde
881 1858 1002 1928 quis
1057 1854 1210 1909 facile
1249 1871 1504 1925 praeceps
1553 1853 1668 1906 dari
1722 1852 1907 1924 possit.
1987 1852 2222 1908 Verbum
2277 1871 2368 1909 au-

396 1953 502 1999 tem
536 1945 818 2013 κρέμασθαι
857 1951 1046 2015 suapte
1083 1951 1274 1997 natura
1313 1941 1420 1996 οὶπό
1455 1941 1536 1995 vel
1569 1943 1626 1994 ἐκ
1650 1941 1906 2011 requirit,
1943 1948 1996 1994 et
2026 1943 2113 1996 ε’πί
2145 1943 2367 2014 respuit.

395 2032 854 2100 Quemadmodum
891 2033 1032 2086 enim
1083 2033 1366 2098 κρέμασθαι
1406 2031 1511 2083 ἀπὸ
1550 2029 1828 2083 παττοέλου
1875 2028 1957 2081 vel
1994 2030 2050 2083 ἐκ
2093 2030 2368 2084 παττοέλου
2434 2099 2436 2102 Ι

392 2121 642 2175 dicebant
678 2128 731 2175 et
769 2119 1002 2183 similia,
1043 2128 1096 2174 et
1135 2118 1395 2174 Demades
1443 2117 1580 2170 dixit
1636 2116 1862 2171 Graecos
1899 2118 2002 2170 απὸ
2043 2123 2237 2184 σαπροῦ
2280 2119 2366 2172 καὶ
2434 2161 2436 2166 .

391 2214 621 2263 παλαιοῦ
674 2210 886 2273 ςήμονος
943 2208 1129 2281 (λέγων
1181 2207 1266 2260 τὸν
1319 2203 1680 2276 Ἀντίπατρον)
1736 2206 2012 2271 ἠρτῆσθαι,
2066 2212 2202 2259 teste
2249 2206 2367 2260 Plu-

393 2297 579 2351 tarcho
619 2298 671 2349 in
714 2295 984 2350 Demosth.
1039 2313 1153 2365 cap.
1191 2294 1411 2357 XXXI.,
1453 2294 1531 2346 sic
1570 2294 1669 2361 αφ’
1725 2286 1894 2346 ἵππων
1932 2292 2215 2359 κρέμασθαι
2259 2296 2366 2348 Xe·
2431 2289 2436 2296 ’

392 2384 602 2456 nophon
649 2383 820 2448 dixit,
875 2391 934 2437 ut
992 2382 1251 2451 Virgilius
1305 2381 1595 2452 pendentes
1649 2380 1712 2433 de
1755 2398 1884 2451 rupe
1938 2380 2183 2451 capellaS.
2278 2382 2363 2434 Vi-

396 2474 457 2526 tii
507 2479 814 2544 suspectum
874 2470 1007 2525 mihi
1064 2476 1180 2533 est,
1234 2468 1371 2539 quod
1425 2470 1478 2521 in
1533 2465 1907 2538 Aristophanis
1963 2468 2116 2523 Pluto
2168 2469 2365 2540 legitur

389 2580 464 2615 vs.
505 2565 632 2615 512.

615 2651 700 2703 τὸν
741 2649 966 2715 Λαρτίου
1008 2645 1310 2712 μιμούμενοι
1351 2651 1448 2699 τῶν
1488 2645 1676 2713 ὄρχεων
1715 2650 2016 2712 κρεμῶμεν,
2419 2704 2433 2716 ,1

389 2755 516 2791 nam
547 2753 767 2807 prorsus
805 2735 1103 2790 necessaria
1141 2734 1464 2804 praepositio
1509 2741 1625 2797 est,
1666 2751 1831 2805 quare
1877 2735 2230 2788 correxerim:
2277 2755 2360 2799 μι-
2431 2739 2436 2763 ³

390 2827 629 2890 μούμενοι
663 2827 711 2878 ’κ
750 2830 846 2877 τῶν
883 2823 1086 2890 ὄρχεων.
1149 2822 1408 2891 Diogenes
1443 2821 1689 2875 Laertius
1718 2822 1805 2875 Vl.
1835 2826 1922 2875 51.
1964 2821 2191 2881 οὲκούσας
2234 2823 2359 2875 ποτὲ

394 2914 438 2986 (ὂ
493 2911 760 2980 Διογένης)
820 2909 894 2965 ὄτι
950 2912 1188 2977 Διδύμων
1238 2912 1260 2963 ὁ
1316 2911 1501 2977 μοιχὸς
1563 2911 1892 2978 συνελήφθη,
1949 2907 2158 2972 ἄξιος,
2218 2909 2360 2978 ἔφη,

390 3002 461 3070 ἐκ
518 3003 627 3054 τοῦ
691 3000 996 3064 ὀνόματος
1067 2999 1446 3066 κρέμασθαι.
1543 2997 1884 3067 Negligenter
1947 3004 2000 3051 et
2074 2998 2363 3068 improprie
2412 3042 2413 3045 ,

389 3077 636 3142 Laertius
691 3086 963 3156 loquitur,
1019 3095 1077 3140 ut
1123 3087 1286 3148 solet,
1343 3102 1439 3156 pro
1493 3087 1677 3153 μοιχὸς
1718 3086 1916 3154 ἐλήφθη
1971 3084 2053 3138 vel
2103 3086 2359 3152 μοιχεύων

390 3177 591 3244 ἐλήφθη
614 3217 630 3239 ,
669 3180 722 3228 et
761 3174 975 3228 scurrili
1015 3177 1128 3228 ioco
1167 3172 1512 3244 philosophus
1549 3189 1644 3243 pro
1683 3174 1738 3225 ἐκ
1770 3179 1868 3226 τῶν
1901 3171 2149 3238 διδύμων,
2188 3172 2241 3225 id
2281 3179 2361 3226 est
2411 3188 2426 3234 ρ

390 3266 447 3318 ἐκ
492 3269 589 3317 τῶν
628 3261 849 3329 ὄρχεων,
892 3262 1082 3316 maluit
1120 3263 1177 3315 ἐκ
1216 3264 1304 3315 τοῦ
1343 3259 1588 3324 ὀνόματος
1630 3259 1823 3314 dicere.
2410 3247 2415 3311 s

465 3352 525 3405 In
567 3349 750 3404 eadem
791 3352 817 3415 ς’
857 3351 1054 3415 miror,
1103 3346 1366 3420 quomodo
1406 3346 1548 3399 docti
1595 3346 1836 3402 homines
1877 3365 2206 3419 concoquere
2238 3365 2355 3418 pos·
2409 3343 2417 3406 ἶ

388 3441 497 3493 sint
530 3438 659 3491 haec
694 3436 879 3490 verba:
921 3438 1005 3491 ἑνὶ
1044 3439 1096 3491 δὲ
1137 3436 1296 3504 μόνῳ
1335 3435 1633 3501 προέχουσιν
1670 3438 1714 3490 οἱ
1750 3438 1928 3497 ἱππεῖς
1975 3439 2188 3502 ἡμᾶς·
2227 3435 2354 3504 φεύ·
2411 3435 2414 3438 ’

385 3546 496 3592 γειν
549 3528 722 3586 αὐτοῖς
772 3526 1131 3594 ασφαλέςερόν
1188 3526 1290 3582 ἐςιν
1327 3524 1355 3586 ἢ
1399 3525 1536 3587 ἡμῖν.
1618 3523 1760 3577 Fieri
1813 3525 1955 3578 enim
2001 3523 2146 3578 nullo
2201 3523 2355 3576 modo

387 3621 560 3686 potest
601 3620 661 3668 ut
700 3613 998 3682 προέχουσιν
1035 3617 1173 3680 ἡμᾶς
1223 3611 1484 3667 Graecum
1526 3611 1612 3665 sit.
1692 3611 1952 3668 Graecum
1997 3619 2076 3667 est
2118 3611 2354 3680 προέχου-
