2436 4068
1042 179 1143 229 561

103 326 252 382 Unde
309 325 606 380 manaverit
656 340 807 377 error
864 322 1031 378 vides
1126 322 1183 376 In
1240 319 1425 375 eadem
1480 318 1625 374 Orat.
1662 320 1752 374 111.
1796 325 1888 376 58.
1938 339 2087 376 men-

102 415 230 469 dose
269 414 501 484 legitur:
542 413 597 466 τί
635 413 678 466 δ’
719 410 782 465 ἄν
829 432 955 466 ποτε
1004 410 1191 465 ἔπαθον
1230 411 1274 464 εἰ
1315 409 1572 463 τάναντία
1620 415 1718 462 τῶν
1769 413 1853 463 νῦν
1892 431 2086 475 γεγε-

102 525 169 565 νη
186 504 398 569 μένων
454 500 510 565 ἦν
564 502 606 554 εἶ
662 501 886 560 πολλοὺς
936 499 1070 567 ἔχων
1125 504 1224 552 τῶν
1279 498 1575 559 ἐπιτηδείων
1614 499 1716 563 ἐγὼ
1755 528 1829 537 -—
1869 497 2087 552 ἔτυπτον

102 591 292 651 αὖτόν;
350 587 734 660 Reponendum
789 595 870 641 est
918 589 958 640 εἰ
1011 587 1269 641 τάναντία
1306 587 1405 639 τῶν
1446 590 1530 640 νῦν
1584 586 1992 651 γεγενημέν’
2034 585 2089 650 ἦν

102 678 214 732 καὶ
260 678 386 751 (non
425 677 490 750 εἰ)
530 676 755 735 πολλοὺς
796 674 932 741 ἔχων
974 676 1083 728 κτὲ.
1167 673 1223 727 Si
1263 675 1384 744 quis
1423 671 1562 728 sorte
1599 673 1810 727 dubitat
1851 690 1918 726 an
1961 675 2093 728 satis

102 774 250 820 recte
286 763 599 830 γεγενημέν’
629 761 686 826 ἦν
725 779 819 833 pro
852 763 1134 827 ἐγεγένητο
1169 760 1385 815 dicatur
1417 763 1650 816 eximam
1681 762 1730 816 ei
1759 761 1904 816 hunc
1940 779 2090 816 scru-

103 853 291 925 pulum
315 855 424 918 sic,
464 859 525 906 ut
561 852 734 905 locum
759 850 996 904 Alexidis
1030 850 1316 903 restituam
1353 849 1408 901 in
1450 849 1723 919 integrum
1760 849 1901 921 apud
1929 851 2088 906 Athe-

106 957 300 995 naeum
342 958 392 1013 p.
429 944 539 995 250
579 939 632 993 C.
676 947 729 992 et
782 956 832 1010 p.
870 943 978 994 502
1021 939 1080 993 F.
1140 953 1300 1009 quem
1341 936 1640 990 Meinekius
1680 937 1758 990 sic
1799 936 1996 993 edidit:

483 1029 665 1088 κύαθος
706 1028 750 1080 δ’
791 1025 847 1090 ἦν
886 1028 1137 1095 ἀργυροῦς
1161 1069 1176 1088 ,
1217 1026 1559 1090 τακπώματα

408 1115 534 1182 ἦγεν
577 1116 660 1170 δύο
701 1114 980 1183 δραχμάς,
1019 1114 1240 1180 κυμβίον
1281 1114 1333 1167 δὲ
1372 1112 1662 1179 τέτταρας,

411 1205 733 1273 ψυκτηρίδιον
774 1204 826 1257 δὲ
867 1203 970 1257 δέκ’
1009 1203 1254 1269 ὀβολούς,
1296 1201 1604 1257 Φιλιππίδου

409 1293 736 1359 λεπτότερον.

108 1393 223 1456 post
262 1382 519 1451 τέτταρας
561 1380 782 1435 additur
822 1397 871 1451 p.
908 1382 1018 1434 230
1058 1378 1113 1432 C.
1167 1378 1287 1439 ἴσως
1322 1377 1498 1446 ἑτέρας
1538 1383 1592 1431 et
1633 1383 1749 1447 post
1786 1378 2093 1445 λεπτότερον

104 1473 354 1544 sequitur
404 1471 561 1542 quasi
604 1468 866 1524 Athenaei
907 1466 1070 1522 verba
1109 1474 1323 1521 essent:
1380 1466 1528 1519 ἄλλα
1587 1466 1735 1520 ταῦθ’
1789 1462 1917 1527 ὅλως
1971 1469 2092 1534 πρὸς

104 1561 413 1628 ἀλαζονείαν
463 1562 517 1614 οὐ
570 1562 739 1618 κακῶς
791 1555 1067 1621 νενοημένα
1106 1551 1182 1616 ἦν.
1263 1554 1346 1609 Tu
1398 1553 1608 1609 Alexidi
1662 1570 1761 1608 sua
1803 1553 1962 1608 redde
2013 1544 2130 1608 sicv

104 1650 341 1721 scripta:

1019 1734 1239 1800 κυμβίον
1279 1733 1331 1787 δὲ
1371 1731 1630 1798 τέτταρας

413 1826 529 1884 ἴσως
570 1824 781 1890 ἐτέρας,
820 1823 1144 1891 ψυκτηρίδιον
1184 1823 1236 1876 δὲ
1275 1820 1379 1875 δέκ’
1419 1820 1633 1886 ὀβολούς
1657 1862 1671 1884 ,

414 1913 723 1967 Φιλιππίδου
763 1911 1108 1979 λεπτότερον,
1147 1909 1297 1963 ἄλλα
1332 1910 1478 1963 ταῦθ’
1518 1906 1646 1969 ὅλως

412 2002 533 2069 πρὸς
573 2000 881 2068 ἀλαζονείαν
920 2003 975 2054 οὐ
1016 1999 1186 2059 κακῶς
1227 1997 1478 2064 νενοημέν’
1517 1996 1592 2061 ἦν.

184 2090 424 2145 Grassati
457 2097 586 2144 sunt
616 2089 784 2161 inepti
817 2094 1149 2142 correctores
1190 2085 1331 2158 apud
1370 2085 1587 2159 Lysiam
1620 2084 1709 2140 VI.
1754 2088 1844 2140 38.
1889 2086 1940 2139 in
1979 2104 2092 2142 ver-

107 2177 222 2232 bis:
279 2178 418 2232 οὐδὲν
457 2179 694 2246 προσήκει
735 2177 996 2244 Ἀνδοκίδη
1035 2181 1133 2230 τῶν
1173 2175 1425 2236 συνθηκῶν
1465 2206 1542 2214 —-
1579 2173 1698 2227 οὔτε
1736 2175 1817 2239 μα
1858 2175 1944 2228 τὸν
1984 2178 2092 2231 Δία

105 2272 205 2321 τῶν
254 2269 376 2334 πρὸς
428 2265 867 2331 Λακεδαιμονίους
921 2262 986 2326 ἃς
1028 2266 1175 2330 ὑμεῖς
1230 2263 1491 2318 συνέθεσθε
1543 2260 1661 2317 οὔτε
1709 2260 1773 2316 ὧν
1814 2264 1935 2331 πρὸς
1973 2266 2091 2326 τοὺς

106 2355 159 2410 ἐν
197 2357 269 2423 τῷ
316 2353 430 2412 Eis-ec
472 2357 516 2410 οἱ
554 2356 611 2409 ἐκ
663 2360 943 2423 Πειραιῶς,
998 2352 1090 2408 sed
1147 2351 1303 2407 facile
1342 2352 1573 2422 emergit
1613 2368 1809 2406 manus
1850 2351 2092 2409 Oratoris

107 2441 273 2498 haec:
328 2443 448 2498 οὔτε
481 2443 564 2509 μα
603 2443 690 2498 τὸν
730 2443 836 2497 Δία
876 2440 939 2497 ὧν
987 2441 1109 2509 πρὸς
1150 2440 1588 2507 Λακεδαιμονίους
1629 2442 1776 2506 ὑμεῖς
1813 2442 2093 2497 συνέθεσθε.

106 2531 169 2586 Iu
210 2530 358 2587 Orat.
394 2531 532 2587 xvl.
575 2535 664 2587 20.
719 2532 856 2587 οὐδὲν
896 2531 1196 2586 πέπαυνται
1238 2536 1355 2584 τῶν
1395 2536 1488 2592 τῆς
1531 2528 1728 2590 πόλεως
1778 2529 2093 2598 πράττοντες

22 2676 27 2678 ,
107 2619 488 2691 corrigendum
530 2628 613 2675 est
650 2621 722 2675 τα
761 2628 855 2683 τῆς
907 2622 1145 2682 πόλεως,
1200 2626 1254 2674 et
1294 2625 1515 2690 apparet
1554 2617 1820 2689 quomodo
1867 2626 1966 2674 τῶν
2021 2622 2093 2676 sit

21 2741 26 2748 -
107 2714 316 2763 natum.
396 2708 456 2763 In
501 2707 648 2763 Orat.
688 2708 876 2763 XVIII.
924 2713 1008 2762 15.
1064 2708 1258 2762 vitium
1313 2705 1380 2761 ab
1431 2707 1611 2778 inepto
1661 2713 1963 2763 correctore
2014 2710 2091 2765 in·

105 2802 322 2851 vectum
375 2796 815 2869 deprehenditur.
852 2797 906 2851 in
947 2796 1158 2851 verbis:
1199 2795 1415 2864 αἰσχρὸν
1457 2796 1500 2850 εἶ
1537 2793 1575 2850 ἃ
1612 2795 1708 2861 μὲν
1764 2796 2092 2871 Λακεδαιμο-

31 2933 34 2939 .
107 2884 224 2945 νίοις
264 2885 524 2939 συνέθεσθε
564 2887 1035 2952 βεβαιώσετε,
1089 2882 1125 2939 ἃ
1166 2886 1209 2940 δ’
1249 2885 1427 2944 αὑτοῖς
1467 2883 1799 2952 ἐψηφίσασθε
1838 2882 1967 2939 οὕτω
2008 2891 2092 2958 ῥᾳ-

107 2971 221 3035 δίως
276 2974 584 3037 διαλύσετε,
642 2974 827 3049 Lysias
887 2973 1023 3029 dixit
1069 2972 1434 3041 ἐβεβαιώσατε
1475 2988 1800 3044 componens
1855 2990 1916 3028 ea
1958 2992 2094 3046 quae

110 3060 465 3117 Athenienses
488 3062 699 3134 pridem
722 3062 993 3134 praeclare
1027 3063 1277 3118 fecissent
1299 3078 1424 3116 cum
1463 3061 1530 3115 iis
1553 3077 1689 3132 quae
1723 3062 2094 3119 verebatur-ne

110 3165 255 3205 nunc
275 3166 432 3205 secus
462 3150 701 3207 Iacerent
725 3194 738 3215 ‚
781 3151 835 3205 in
870 3167 976 3224 qua
1018 3169 1076 3207 re
1113 3151 1328 3223 saepius
1361 3148 1569 3204 scribae
1602 3148 1813 3205 diversa
1850 3157 2094 3222 tempora

110 3243 206 3291 aut
246 3238 428 3293 modos
466 3244 711 3312 componi
766 3241 1025 3295 mirantes
1065 3240 1251 3295 turbas
1286 3238 1415 3293 dare
1462 3235 1713 3292 assolent.
1795 3238 1873 3293 Ex
1908 3239 2092 3294 eodeni

114 3323 259 3380 fonte
298 3335 587 3382 manarunt
627 3328 765 3383 duae
806 3329 1142 3401 corruptelae
1198 3330 1250 3382 ἰιι
1311 3325 1456 3382 Orat.
1496 3326 1682 3381 XXIX.
1726 3330 1775 3380 9.
1833 3328 1985 3380 δεινὸν
2026 3326 2091 3381 ἂν

110 3412 187 3473 εἴη
223 3413 266 3467 εἱ
306 3445 380 3455 --
417 3417 770 3485 ὀργίζοισθε
812 3417 900 3471 καὶ
940 3449 1012 3459 ·-
1049 3418 1428 3482 δημεύοιτε,
1471 3416 1586 3476 τοὺς
1629 3416 1679 3469 δὲ
1719 3448 1786 3457 -
1818 3416 1892 3479 μη
1931 3435 2091 3480 τιμω-

110 3505 304 3565 ροῖσθε,
348 3521 531 3558 verum
573 3515 654 3560 est
699 3508 957 3574 ὀργίζεσθε
997 3513 1049 3560 et
1095 3506 1378 3572 δημεύετε,
1420 3504 1579 3558 sicuti
1626 3505 1675 3556 in
1720 3501 1758 3574 ἕ
1808 3507 1892 3557 11.
1938 3503 2088 3558 δεινὸν

110 3588 176 3642 Ξιν
215 3593 291 3654 εἴη
329 3593 370 3645 εἰ
420 3594 460 3646 οἱ
502 3594 596 3656 μὲν
641 3628 705 3635 ——
747 3595 1127 3663 ἐνέχοιντο,
1170 3592 1313 3654 οὗτος
1355 3594 1406 3647 δὲ
1447 3626 1499 3634 -
1560 3593 1633 3655 μὴ
1671 3597 1761 3651 τῆς
1808 3592 1969 3654 κῦτῆς
2016 3612 2089 3645 ’Π-
