2436 4068
1275 254 1345 303 60

319 397 474 450 viden
534 395 823 451 ridiculum
875 410 991 448 esse
1042 393 1147 458 ys?
1200 392 1392 447 deinde
1458 400 1518 446 ut
1558 395 1685 448 duos
1734 395 1847 450 dies
1903 415 2018 452 esse
2066 404 2318 469 appareat

324 485 609 556 legendum
649 492 730 540 est
770 482 1098 538 necessario:
1140 481 1212 542 εἴς
1252 502 1311 535 τε
1351 481 1443 542 την
1483 479 1593 544 ἕνην
1628 482 1714 536 καὶ
1758 484 1849 543 την
1882 485 2018 539 νέαν.
2096 485 2157 539 In
2199 484 2316 538 Ves-

321 574 406 642 pis
426 590 520 626 Ns.
561 577 686 628 509.
728 572 809 637 μα
850 570 934 623 Δί’
975 571 1064 622 οὐκ
1103 568 1274 634 ἔγωγε
1311 571 1403 637 νῷν
1440 565 1531 622 οἷδ’
1569 569 1578 640 Ι
1611 569 1786 623 ὁπόθεν
1825 592 1892 635 γε
1931 573 2127 626 δεῖπνον
2165 571 2314 632 ἔςαι,

329 660 540 730 corrige
575 659 749 714 ὁπόθεν
789 659 845 711 τὸ
886 658 1082 710 δεῖπνον
1114 656 1257 721 ἔςαι,
1301 673 1471 727 neque
1507 657 1649 710 enim
1687 658 1858 728 magis
1897 659 2019 712 istic
2053 658 2182 729 quid
2219 658 2322 712 sibi

329 768 395 812 γε
452 747 576 800 velit
630 744 878 816 expedies
922 761 1080 815 quam
1137 762 1215 799 νε.
1253 747 1361 798 922
1414 746 1488 809 μή
1538 765 1620 797 νυν
1669 746 1846 811 ἀφῆτέ
1886 751 1943 810 γ’
1980 746 2173 807 αὐτόν,
2229 745 2323 799 ubi

329 837 498 903 ἀφῆτ’
540 833 612 887 ἔτ’
652 833 808 886 αὐτόν
850 839 995 886 recte
1030 831 1236 885 dictum
1268 832 1387 885 erit.
1468 831 1527 884 In
1567 831 1704 886 Pace
1743 850 1818 886 vs,
1843 837 1952 887 910
1993 850 2089 904 pro
2127 831 2231 895 δ’ςις
2265 839 2321 899 y'

330 923 404 978 ε’ςὶ
443 925 662 981 τοιοῦτος
704 921 930 974 restitue
963 917 1068 980 ὅςις
1105 919 1206 984 ἕςί,
1248 925 1483 973 metrum
1523 920 1666 973 enim
1709 920 1797 973 illo
1838 919 2009 975 fulcro
2042 938 2145 974 non
2188 920 2323 974 indi-

331 1015 418 1079 get
443 1051 456 1072 ‚
497 1006 638 1079 quod
679 1008 891 1078 putavit
929 1008 1022 1079 qui
1062 1007 1186 1061 olim
1230 1006 1451 1062 addidit.

407 1098 466 1150 In
509 1095 704 1150 Avibus
744 1113 820 1149 vs,
861 1099 967 1150 154
1011 1096 1200 1149 vitiose
1234 1095 1438 1148 dicitur

634 1186 708 1249 μή
749 1203 835 1249 μοι
876 1183 996 1237 τότε
1030 1189 1086 1248 γ’
1127 1182 1271 1252 ἔλθης
1309 1179 1433 1236 ὅταν
1481 1184 1582 1246 ἐγὼ
1622 1183 1834 1250 πράττω
1876 1190 2043 1245 κακῶς

332 1289 456 1326 nam
507 1293 573 1337 γε
624 1272 804 1342 inepte
846 1269 1117 1334 abundat,
1171 1288 1268 1324 nec
1316 1269 1437 1324 τότε
1480 1271 1612 1323 satis
1651 1273 1934 1334 convenit,
1976 1271 2324 1343 quamohrem

333 1360 555 1430 legerim
608 1360 682 1424 μη’
724 1358 814 1424 μοι’
866 1361 982 1412 ποτ’
1036 1358 1200 1428 ἔλθης.
1279 1357 1413 1412 Ibid.
1467 1375 1543 1412 vs,
1585 1362 1710 1413 584.
1765 1357 1854 1412 εἶθ’
1887 1359 1915 1412 ὅ
1951 1365 2006 1424 γ’
2050 1360 2324 1414 Ἀπόλλων

333 1449 504 1515 ἰατρός
545 1452 601 1511 γ’
641 1448 703 1500 ὢν
739 1445 894 1500 ἰάσθω
944 1445 1083 1499 male
1123 1446 1381 1500 scribitur
1420 1462 1516 1516 pro
1549 1444 1636 1500 εἷθ’
1670 1448 1942 1510 ἀπόλλων,
1983 1447 2325 1519 quemadmo-

334 1537 462 1590 dum
519 1534 677 1606 paulo
731 1540 856 1588 ante
909 1550 985 1587 vs,
1023 1537 1148 1588 580.
1207 1533 1486 1588 emendate
1541 1533 1772 1604 legitur:
1812 1534 2022 1590 κᾶπειτ’
2074 1539 2249 1597 αὐτοῖς
2294 1540 2323 1600 ἡ

335 1625 588 1690 Δημήτηρ
638 1624 821 1690 πυροὺς
870 1627 1074 1676 πεινῶσι
1125 1622 1412 1689 μετρείτω,
1468 1620 1560 1674 ubi
1602 1622 1723 1692 quis
1776 1623 1915 1676 Serio
1965 1623 2147 1678 credet
2191 1623 2222 1686 η’
2254 1645 2324 1690 ,γε

335 1713 586 1777 Δημήτηρ
627 1717 772 1764 recle
819 1708 925 1762 dici
969 1710 1246 1780 potuisse?
1300 1710 1546 1764 ἀπόλλων
1592 1709 1647 1762 in
1695 1711 1716 1763 ὁ
1763 1710 2010 1764 ἀπόλλων
2061 1710 2126 1764 de
2179 1728 2329 1766 more

334 1799 502 1862 abiit,
543 1796 736 1851 deinde
769 1795 951 1850 hiatus
985 1796 1229 1867 expletus
1259 1805 1356 1851 est.
1419 1796 1619 1851 Eadem
1659 1797 1804 1852 labes
1838 1797 2012 1853 inficit
2050 1798 2327 1872 Euripidis

334 1887 592 1942 eximium
634 1884 811 1938 locum
848 1886 901 1936 in
944 1883 1143 1938 Hecub.
1181 1890 1306 1940 600.

639 1971 751 2038 ἔχει
792 1993 859 2036 γε
899 1973 1072 2037 μέντοι
1114 1973 1201 2027 καὶ
1241 1975 1299 2028 τὸ
1337 1975 1607 2042 θρεφθῆναι
1649 1979 1821 2034 καλῶς

637 2058 830 2122 δίδαξιν
871 2061 1069 2114 ἐσθλοῦ.
1111 2066 1260 2115 τοῦτο
1301 2063 1344 2116 δ’
1385 2063 1441 2125 ἤν
1483 2083 1562 2122 τις
1602 2059 1658 2115 εὖ
1698 2061 1838 2130 μοέθη

638 2145 769 2201 οἶδεν
810 2148 870 2201 τό
909 2153 964 2212 γ’
1005 2151 1219 2216 αἰσχρὸν
1260 2149 1429 2202 κανόνι
1470 2155 1559 2203 τοῦ
1600 2154 1763 2203 καλοῦ
1804 2151 1995 2214 μαθών.

335 2236 429 2290 ubi
468 2233 529 2289 τό
567 2240 624 2300 γ’
666 2234 881 2301 αἰσχρόν
924 2235 1107 2290 eodem
1158 2236 1314 2290 modo
1354 2244 1541 2290 natum
1586 2243 1666 2290 est
1707 2244 1868 2307 atque
1907 2239 1969 2292 τό
2007 2245 2064 2304 γ’
2105 2239 2262 2305 ε’μόν,
2301 2238 2332 2293 ‹5‘

336 2331 392 2390 γ’
432 2324 679 2379 ἀπόλλων
703 2364 717 2384 ,
762 2329 815 2376 ei.
856 2326 910 2375 in
953 2323 1229 2395 Euripidis
1270 2324 1468 2379 Helena
1499 2328 1608 2380 580
1648 2325 1720 2378 τα
1761 2325 1832 2379 σοὶ
1872 2331 1929 2391 γ’
1968 2326 2190 2393 ὄμματα
2232 2343 2328 2399 pro

334 2413 405 2467 τοὶ
444 2417 493 2465 τ’
530 2411 785 2476 ὄμματα,
828 2417 881 2463 et
917 2410 1110 2465 similia
1156 2411 1326 2466 multa
1361 2411 1505 2466 alibi.
1546 2412 1955 2468 Emendandum
1998 2415 2168 2486 igitur
2207 2432 2328 2469 cen-

337 2518 426 2554 seo
465 2500 613 2554 δίοιδε
653 2498 933 2565 ταῖσχρόν,
975 2504 1035 2551 ut
1077 2499 1131 2551 in
1174 2499 1355 2553 Medea
1386 2503 1512 2555 524.
1552 2502 1738 2568 ἀνδρῶν
1771 2503 1857 2555 τὸν
1897 2505 2055 2557 κακὸν
2094 2504 2324 2558 διειδέναι

336 2595 388 2644 et
422 2587 567 2643 alibi.
647 2584 811 2640 Paulo
842 2585 998 2640 aliter
1030 2587 1284 2642 Babrium
1326 2587 1532 2642 scribae
1573 2588 1968 2660 interpolarunt
2008 2590 2111 2646 fab.
2138 2594 2238 2656 39,
2277 2596 2324 2645 4.

642 2673 920 2741 ἔμπροσθεν
962 2675 1051 2738 ἤδη
1093 2696 1192 2741 μου
1231 2673 1302 2730 τά
1343 2681 1400 2740 γ’
1439 2676 1612 2731 όπισθέ
1650 2697 1749 2743 μου
1789 2678 1960 2743 βαίνει

336 2763 427 2817 ubi
471 2760 849 2816 scribendum:

643 2848 919 2916 ἔμπροσθεν
962 2851 1052 2914 ἤδη
1094 2850 1375 2915 τοέξόπισθέ
1414 2873 1513 2918 μου
1552 2853 1742 2918 βαίνει.
2290 2895 2293 2896 ⁷

337 2937 431 2992 sed
474 2937 628 3009 plane
669 2937 956 3007 gemellum
999 2945 1080 2992 est
1122 2940 1375 2995 mendum
1420 2942 1474 2994 in
1517 2940 1891 2994 Demosthenis
1943 2949 2076 2997 orat.
2125 2942 2189 2997 de
2238 2943 2326 2998 Co-

337 3043 465 3079 rona
506 3042 555 3095 p.
582 3028 721 3088 278,
768 3031 852 3080 10.
895 3031 978 3079 νῦν
1013 3029 1066 3081 δὲ
1094 3028 1211 3092 τόγ’
1247 3027 1497 3095 ἐξαίφνης
1539 3029 1763 3096 ἐπέσχον
1804 3032 1959 3084 αὐτὸν
1994 3032 2196 3095 ἐκεῖνοι,
2236 3032 2327 3086 ubi

338 3113 463 3166 libri
511 3113 666 3176 τότε,
715 3114 835 3166 τότε
884 3134 986 3178 γε,
1039 3116 1192 3170 τοῦτό
1231 3136 1334 3180 γε,
1387 3116 1575 3187 optimi
1624 3117 1777 3180 To'y',
1838 3118 1892 3170 in
1942 3117 2137 3187 quibus
2188 3121 2326 3174 οὐδὲν

342 3201 502 3265 ὑγιές.
582 3200 820 3275 Emenda
861 3200 1194 3270 τούξαίφνης.
1274 3203 1473 3258 Eadem
1515 3220 1672 3273 opera
1715 3204 1768 3256 in
1805 3204 2044 3258 eiusdem
2085 3207 2326 3262 oratione

340 3290 461 3356 ὑπὲρ
502 3295 951 3352 Μεγαλοπολιτῶν
994 3307 1043 3358 p.
1086 3293 1231 3355 206,
1273 3294 1361 3345 27.
1415 3308 1511 3362 pro
1557 3292 1684 3344 ἀλλ’
1734 3290 1868 3345 ἐάσω
1917 3293 1979 3346 τό
2017 3298 2072 3357 γ’
2114 3295 2325 3349 ἐπελθὸν

336 3379 497 3430 εἰπεῖν
538 3395 622 3441 μοι
666 3375 874 3445 corrige
923 3378 1217 3432 τούπελθόν.
1299 3378 1550 3433 Recurrit
1593 3376 1735 3431 idem
1779 3378 1968 3433 vitium
2026 3381 2080 3434 in
2130 3380 2326 3436 Avibus

339 3481 410 3518 vs,
447 3465 608 3518 1077.

565 3551 620 3613 ἢν
662 3551 938 3619 οὲποκτείνη
978 3572 1056 3610 τις
1101 3555 1236 3617 ὑμῶν
1281 3553 1569 3620 Φιλοκράτη
1612 3556 1697 3608 τὸν
1739 3554 2000 3620 Στρούθιον

559 3639 789 3706 λήψεται
832 3639 1127 3703 τάλαντον,
1169 3641 1223 3702 ἣν
1266 3641 1316 3695 δὲ
1359 3639 1523 3709 ζῶντά
1565 3648 1620 3706 γ’
1659 3641 1849 3713 οέγοέγη
1887 3643 2132 3711 τέτταρα.
2219 3641 2222 3644 ’
