2436 4068
1318 179 1424 229 580

387 320 575 388 φθορὰς
636 318 1087 388 ἐξαρεσκευόμενον
1148 318 1381 389 legitur,
1443 319 1559 372 sine
1619 318 1723 372 ulla
1786 319 1962 374 mendi
2019 321 2355 391 suspicione:

388 409 541 479 quasi
583 423 728 471 ver0,
784 407 995 460 etiamsi
1030 405 1202 460 forma
1241 407 1444 478 optima
1482 413 1647 471 esset,
1688 406 2087 476 ἐξαρεσκεύομαι
2131 407 2236 461 ullo
2267 425 2355 479 pa·

385 502 471 550 cto
530 495 927 560 ἐκκυλίνδομαι,
983 493 1237 557 ἑξοκέλλω
1291 501 1383 548 aut
1434 493 1637 564 aliquid
1690 494 1998 550 huiusmodi
2054 495 2360 566 significare

386 598 640 653 umquam
693 589 888 653 posset.
983 581 1369 654 Accipiendum
1429 589 1509 636 est
1568 581 1708 653 quod
1761 582 1934 637 Codex
1993 582 2361 654 Xenophontis

383 686 526 724 unus
565 668 782 741 praebet
823 668 1248 737 ἐξαρεσκομένους
1290 668 1382 724 sed
1422 670 1498 723 sic
1543 676 1601 724 ut
1641 669 1825 724 eadem
1865 687 2025 741 opera
2062 671 2180 732 τοὺς
2221 671 2357 732 θεούς

383 772 479 828 pro
518 763 624 819 τοῖς
655 759 780 818 θεοῖς
819 756 1188 822 rescribatur}
1218 758 1380 811 sicuti
1424 764 1475 811 et
1517 758 1572 810 in
1610 774 1726 828 cap.
1758 757 1819 811 V.
1866 761 1895 828 ξ
1932 763 1982 814 5.
2024 760 2202 819 θεοὺς
2244 757 2360 822 ἐξα-

379 844 643 912 ρέσκεσθαι
685 844 1051 916 reponendum
1093 862 1191 917 pro
1245 846 1442 907 θεοῖς.
1522 844 1732 899 Certant
1790 846 1932 899 enim
1987 845 2144 900 fidem
2200 845 2361 900 habet
2433 908 2436 910 ,

376 932 661 1000 οέρέσκομαι
702 940 755 988 et
795 931 1135 1001 ἐξαρέσκομαι
1194 933 1330 995 θεούς
1386 950 1482 1005 pro
1533 931 1850 1000 ἱλάσκομαι,
1908 939 1963 987 6ῑ
2014 932 2361 1002 ε’ξαρέσκομαί

379 1041 496 1074 τινα
542 1020 705 1088 δώροις
763 1037 860 1093 pro
898 1021 1070 1076 πείθω.
1153 1019 1295 1076 Satis
1335 1026 1554 1092 apparet
1591 1037 1655 1075 ex
1704 1037 1816 1092 sqq.
1865 1019 2022 1092 plane
2059 1021 2200 1076 idem
2242 1039 2357 1077 csse

380 1106 742 1176 ἐξαρέσκεσθαι
782 1111 900 1170 τοὺς
942 1110 1078 1170 θεούς
1121 1115 1175 1163 et
1211 1110 1329 1170 τοὺς
1366 1109 1502 1170 θεοὺς
1538 1107 1864 1163 ἱλάσκεσθαι.

457 1195 518 1250 In
571 1213 686 1268 cap.
723 1196 812 1250 VI.
861 1199 890 1267 ὃ
933 1200 983 1251 2.
1033 1196 1164 1251 latet
1203 1197 1542 1268 perineptum
1585 1195 2013 1250 additamentum
2051 1197 2106 1250 in
2149 1197 2354 1252 verbis:

377 1284 419 1338 εἰ
460 1284 824 1350 ἐπανέλθωμεν
863 1282 961 1338 ὅσα
1001 1285 1370 1350 ὁμολογοῦντες
1402 1285 1778 1349 διεληλύθαμεν
1822 1281 1932 1354 [ἵν’]
1972 1284 2029 1346 ἤν
2066 1306 2173 1346 πως
2212 1285 2357 1339 δυνώ-
2428 1284 2436 1353 J

380 1373 514 1437 μεθα
561 1371 922 1445 [πειραθῶμεν]
962 1370 1089 1427 οὕτω
1130 1372 1217 1426 καὶ
1259 1373 1331 1427 τοὶ
1372 1373 1532 1427 λοιποὶ
1573 1371 1824 1436 διεξιέναι.
1906 1371 2181 1439 Quomodo
2211 1373 2354 1427 enim
2420 1358 2436 1454 Ξ

378 1456 460 1513 ἵνα
507 1461 823 1528 πειραθῶμεν
879 1466 932 1515 et
983 1461 1040 1524 ἦν
1098 1481 1203 1521 πως
1243 1460 1504 1526 δυνώμεθα
1547 1461 1802 1532 coniungi
1857 1477 2111 1531 umquam
2166 1467 2354 1532 potue·
2423 1454 2436 1530 ’ξ’

378 1546 551 1601 runt?
611 1548 670 1602 τὸ
709 1547 815 1616 γαρ
856 1549 1248 1616 πειραθῆναι
1298 1551 1448 1618 ῥᾷςον
1499 1549 1586 1603 καὶ
1629 1549 1823 1610 παντός
1859 1549 1963 1606 ε’ςιν
2005 1555 2057 1602 et
2099 1547 2258 1602 verba
2298 1547 2353 1610 ἤν
2424 1562 2436 1611 g

378 1655 485 1697 πως
526 1634 753 1702 δύνωμαι
796 1653 901 1690 non
953 1637 1058 1690 nisi
1097 1635 1162 1690 de
1195 1652 1259 1690 ea
1304 1653 1363 1690 re
1410 1638 1535 1707 poni
1573 1644 1834 1709 possunt,
1874 1653 2011 1708 quae
2051 1635 2242 1690 habeat
2276 1635 2354 1689 in·
2421 1631 2436 1736 ξ

380 1730 590 1778 certum
643 1731 914 1780 eventum.
1015 1723 1272 1796 Suspicor
1326 1721 1408 1778 ἵνα
1457 1726 1772 1793 πειραθῶμεν
1825 1725 1967 1779 inter
2018 1740 2208 1779 versus
2266 1722 2355 1778 ad·
2422 1739 2429 1797 *j

377 1813 643 1884 scriptum
682 1811 749 1866 ad
788 1811 1163 1884 explicandum
1207 1829 1312 1884 quo
1353 1829 1514 1867 sensu
1547 1813 1603 1876 ἥν
1643 1834 1750 1874 πως
1788 1812 2048 1878 δυνώμεθα
2083 1811 2354 1866 diceretur

379 1898 570 1955 deinde
603 1901 897 1955 oscitanter
931 1917 1050 1955 esse
1089 1907 1383 1972 receptum.
1466 1900 1568 1956 Sed
1606 1900 1843 1955 nondum
1875 1906 1956 1954 est
1995 1898 2353 1971 interpolandi
2420 1908 2427 1949 <2

379 1987 500 2042 finis
542 1987 709 2044 sacta:
763 1990 817 2042 in
874 1987 1033 2043 οὕτω
1085 2009 1172 2042 και
1222 2010 1293 2043 τα
1333 1990 1493 2044 λοιπα
1548 1989 1780 2054 διεξιέναι
1841 1979 2430 2085 [συνομολογοῦντες]

376 2083 643 2148 expuncto
683 2076 899 2132 demum
942 2077 1226 2149 participio
1265 2078 1435 2132 oratio
1471 2094 1599 2132 sana
1639 2078 1761 2132 erit.
2413 2132 2421 2146 „

452 2165 917 2236 PraepositioneS,
974 2181 1110 2235 quae
1170 2164 1437 2230 assolent,
1494 2164 1632 2220 male
1696 2167 1838 2220 inter
1897 2181 1954 2219 36
2017 2169 2351 2236 permutatae
2415 2182 2427 2232 ;-,«

377 2254 504 2307 sulit
538 2253 627 2307 VI.
669 2257 721 2308 6.
764 2257 818 2306 in
860 2251 1065 2306 verbis:
1107 2253 1302 2322 πότερα
1334 2255 1473 2309 δοκεῖ
1499 2255 1709 2322 οὲρήγειν
1748 2260 1817 2331 τῇ
1852 2253 1999 2323 χώρα
2039 2252 2068 2315 ἢ
2106 2252 2349 2321 ὑφεμέ-
2408 2233 2436 2350 ξ

377 2361 512 2404 νους
554 2349 646 2405 τῆς
686 2345 785 2406 γῆς
826 2341 899 2394 τα
930 2341 1085 2408 τείχη
1123 2341 1519 2410 διαφυλάττειν.
1599 2340 1987 2412 Corrigendum
2027 2346 2110 2395 est
2144 2339 2349 2409 οἷφεμέ-
2407 2343 2436 2428 ξ

377 2450 502 2491 νους.
583 2429 685 2497 Qui
726 2427 866 2483 volet
898 2426 1053 2482 facile
1087 2430 1379 2500 comperiet
1418 2430 1671 2499 ἀφίεσθαί
1703 2450 1833 2491 τινος
1872 2445 1967 2501 pro
2000 2429 2090 2482 εὀἳν
2122 2449 2171 2482 τι
2207 2426 2347 2499 apud
2410 2417 2436 2443 ⁴

378 2533 563 2572 omnes
626 2523 734 2572 tam
796 2522 1106 2572 constanter
1157 2534 1319 2589 quam
1374 2516 1686 2588 frequenter
1745 2517 1851 2571 dici
1909 2515 2116 2578 solere,
2178 2531 2351 2586 neque

378 2606 618 2676 ὑφίεσθαι
658 2613 751 2669 τῆς
802 2612 902 2670 γῆς
943 2621 1039 2676 pro
1091 2606 1182 2668 τὴν
1232 2612 1332 2669 γῆν
1377 2606 1467 2659 ἐᾶν
1508 2623 1624 2661 6336
1672 2605 1952 2661 Graecum.
2031 2602 2360 2675 Exemplum.

377 2709 548 2748 unum
599 2692 880 2758 adscribo,
941 2694 1066 2764 quia
1112 2693 1168 2746 in
1218 2693 1416 2748 vicinia
1474 2693 1674 2765 legitur
1714 2693 1806 2749 vl.
1852 2696 1937 2747 16.
1998 2692 2348 2762 ἀφέμενον
2393 2655 2422 2799 ξ

376 2786 469 2842 τῆς
509 2786 676 2843 καλῆς
715 2780 877 2850 ὅψεως
902 2823 915 2844 ,
955 2780 1006 2834 id
1059 2787 1141 2836 est
1177 2782 1269 2844 τὴν
1304 2783 1469 2844 καλὴν
1509 2781 1626 2850 ὄψιν
1664 2781 1930 2836 ἐάσαντα..
2394 2791 2428 2855 3¹

452 2869 513 2924 In
563 2885 680 2940 cap.
713 2869 801 2923 VI.
845 2871 896 2923 9.
949 2866 1082 2931 αὕτη
1126 2871 1154 2933 ἦ
1194 2871 1419 2937 ἐργασία
1469 2870 1625 2925 ἐδόκει
1666 2876 1898 2932 --ταῖς
1946 2875 2153 2938 ψυχαῖς
2195 2869 2347 2934 sima
2392 2860 2411 2975 Ξ

376 2956 639 3025 οὶσχολιάν
674 2956 924 3025 παρέχειν
963 2956 1133 3026 φίλων
1172 2979 1230 3013 τε
1270 2980 1356 3013 και
1396 2959 1648 3014 πόλεων
1688 2959 2138 3025 συνεπιμελεῖσθαι
2179 2958 2348 3028 suspi·
2387 2978 2436 3039 Λ,

379 3061 470 3100 cor
508 3061 605 3116 pro
636 3044 834 3098 πόλεων
869 3046 1244 3115 corrigendum
1287 3064 1403 3101 6336
1443 3047 1659 3108 πόλεως.
1698 3046 1764 3101 cf.
1806 3047 1896 3101 IV.
1939 3050 1988 3100 5.
2033 3045 2124 3099 ubi
2165 3044 2345 3099 eadem
2387 3036 2436 3140 {J

377 3133 539 3189 verba
590 3132 845 3204 leguntur
890 3139 943 3186 et
989 3141 1133 3189 recte
1184 3135 1381 3197 πόλεως
1426 3136 1689 3207 seriptum
1737 3141 1835 3189 est.
1915 3132 2049 3187 Vide
2082 3138 2136 3186 et
2176 3132 2270 3190 XI.
2311 3136 2344 3187 9
2388 3141 2436 3212 ξιξ

379 3228 433 3278 et
470 3225 561 3278 15.
641 3219 847 3275 Dixerit
899 3219 1094 3291 aliquis
1146 3222 1479 3294 singulorum
1520 3223 1716 3277 civium
1753 3238 1869 3276 6336
1908 3221 2105 3282 πόλεως
2143 3240 2343 3275 συνεπι-

375 3310 681 3378 μελεῖσθαι,
741 3306 833 3361 sed
886 3307 1186 3379 complures
1249 3311 1529 3364 notissimo
1591 3326 1690 3363 usu
1759 3309 2086 3363 Graecorum
2147 3309 2343 3380 optime
2390 3316 2399 3346 s

377 3398 484 3452 dici
539 3396 638 3457 τοὶς
681 3394 856 3456 πόλεις
906 3397 1196 3465 ἐπωφελεῖν
1240 3415 1335 3469 pro
1389 3400 1479 3460 τὴν
1533 3400 1713 3451 ἑαυτοῦ
1765 3398 1911 3451 πόλιν
1962 3395 2166 3458 [Anas-03.
2244 3394 2342 3450 Sed
2434 3397 2436 3406 ‘

377 3486 455 3540 sic
511 3483 772 3538 articulus
816 3485 1114 3538 necessario
1166 3485 1340 3540 fuerat
1383 3484 1713 3540 adiiciendus
1757 3488 1884 3540 τῶν
1941 3486 2106 3553 φίλων
2156 3505 2214 3538 τε
2254 3482 2337 3537 καὶ

377 3578 487 3628 τῶν
545 3571 737 3628 πόλεων
781 3576 1260 3639 συνεπιμελεῖσθαι,
1319 3582 1374 3631 ut
1423 3576 1475 3630 in
1530 3591 1646 3646 cap.
1692 3574 1778 3631 lv.
1827 3579 1879 3633 5.
1937 3577 1977 3628 οἱ
2020 3577 2227 3628 τοιοῦτοι
2268 3572 2337 3625 δο-
