2436 4068
0 3598 1 3634 t

0 3637 6 3688 l

0 3705 4 3766 l

1078 262 1181 314 125

137 412 239 472 sit,
281 405 420 480 quod
456 404 648 461 Orator
687 404 900 460 dixerit.
981 405 1124 460 Nihil
1165 411 1346 460 autem
1384 409 1501 458 erat
1545 403 1770 459 Athenis
1817 404 1917 462 hac
1960 409 2123 464 victo·

132 499 217 553 ria
256 496 483 557 clariuS‚
524 511 685 566 quam
724 492 884 548 multi
930 500 1250 566 supererant
1296 493 1391 564 qui
1423 491 1711 558 vidissent,
1748 499 1803 548 et
1835 494 1971 549 nihil
2007 503 2124 552 erat

134 584 343 640 facilius
373 599 534 655 quam
567 582 707 636 scire
738 588 868 653 quot
899 582 1118 652 utrique
1154 580 1380 635 navibus
1408 580 1773 636 dimicassent.
1835 581 1938 638 Sed
1970 584 2124 657 quid-

127 672 262 745 quid
312 672 475 726 huius
526 671 605 725 rei
644 675 727 740 est
765 668 878 723 sive
915 684 978 722 ex
1022 666 1126 723 fide
1173 684 1358 723 rerum
1406 675 1683 741 gestarum
1730 670 1948 742 sive-ad
1988 673 2124 727 invi-

129 760 275 816 diam
328 760 550 814 inimico
597 753 936 812 conflandam
989 755 1062 810 ita
1119 755 1286 820 dixit,
1329 773 1432 811 non
1473 762 1650 830 potest
1696 753 1855 813 aliter
1885 775 2049 832 quam
2091 762 2121 825 ἢ

129 848 226 917 ὅτῳ
264 849 520 909 Ἀθηναῖοι
554 844 771 899 dixisse.

206 933 356 1004 Quod
399 933 714 1004 Anaxippus
763 929 956 986 Athen.
999 947 1049 1003 p.
1092 933 1221 986 404.
1262 930 1317 985 C.
1357 934 1606 1000 εὐφήμως
1655 933 1866 991 dixerat
1912 936 2122 993 scribae

129 1025 207 1092 ita
240 1027 600 1094 corruperunt
637 1026 699 1073 ut
736 1035 883 1074 nunc
923 1017 1057 1072 nihil
1097 1017 1243 1072 dicat
1282 1018 1336 1071 in
1378 1017 1463 1072 his
1498 1020 1769 1076 versibus:

429 1106 555 1164 ὅταν
594 1109 762 1173 ἔγγὺς
797 1105 827 1175 ᾖ
866 1107 910 1161 δ’
949 1102 1025 1160 δ’δ’
1064 1103 1264 1174 ὕςερος,
1304 1106 1474 1172 ἀρτύω
1517 1112 1697 1177 φακῆν

430 1196 519 1251 καὶ
558 1196 617 1250 τὸ
654 1194 969 1263 περίδειπνον
1006 1197 1098 1248 τοῦ
1136 1195 1255 1260 βίου
1293 1195 1538 1263 λαμπρὸν
1577 1196 1721 1250 ποιῶ.
1991 1267 1996 1272 ⁵

129 1287 259 1342 satis
300 1291 519 1357 apparet
559 1300 683 1339 eum
723 1282 903 1338 dicere
942 1280 1174 1336 voluisse
1208 1279 1333 1336 ὅταν
1364 1282 1532 1347 ἐγγὺς
1571 1280 1601 1351 ᾖ
1641 1284 1699 1338 τὸ
1732 1286 1924 1353 χρεών,
1968 1289 2118 1361 ‹5¹0ae-

126 1394 276 1436 νατος
317 1380 371 1428 et
411 1372 510 1426 hac
546 1371 789 1441 εὐφημίᾳ
821 1386 980 1437 usum
1021 1368 1256 1423 arbitror
1295 1375 1356 1423 ut
1396 1368 1594 1425 dixerit
1632 1368 1708 1426 δ’δ’
1745 1370 1930 1442 ἕτερος.

203 1462 263 1516 In
305 1459 607 1533 Philippide
653 1458 796 1531 apud
854 1457 1124 1513 Pollucem
1161 1457 1251 1511 IX.
1298 1461 1387 1512 50.
1439 1454 1565 1512 ὅταν
1617 1458 1736 1523 ἑξῆς
1783 1465 2120 1531 παραγώγιον
2214 1511 2221 1514 .

125 1550 191 1606 ἂν
230 1550 446 1619 ἔκφέρῃς
486 1547 831 1616 εἶσπραξομαι
875 1546 949 1601 nil
989 1545 1302 1618 proficimus
1352 1545 1581 1601 Bekkeri
1634 1548 1963 1606 coniecturis
2001 1551 2032 1607 δ’
2065 1575 2116 1608 τι

123 1638 192 1695 ἂν
231 1638 358 1708 ἔχῃς
398 1636 738 1704 παραγώγιόν
778 1638 846 1701 α’,
885 1634 950 1690 ἂν
989 1634 1232 1706 ε’κφέρῃς,
1273 1650 1408 1705 quas
1447 1634 1745 1691 Meinekius
1786 1637 1840 1692 in
1874 1638 2116 1697 ordinem

126 1727 345 1799 recepit.
425 1718 692 1780 Emendat

1415 1809 1539 1866 ὅταν
1579 1811 1714 1882 ἐξίῃς
1727 1854 1744 1878 ,

430 1905 796 1971 παραγώγιον,
836 1898 901 1954 ὧν
941 1898 1006 1953 ἂν
1048 1898 1263 1969 ἐκφέρῃ,
1302 1903 1351 1952 σ’
1390 1898 1756 1967 εἰσ-πράξομαι.

192 1990 405 2062 Coquus
442 1988 696 2061 garrulus
731 1995 787 2044 et
821 1985 1178 2043 iactabundus
1211 1985 1354 2058 apud
1387 1987 1644 2043 Batonem
1679 1987 1874 2046 Athen.
1912 2006 1961 2064 p.
1986 1995 2118 2051 662.

128 2077 182 2132 C.
226 2079 300 2133 ita
337 2085 548 2151 crepat:

932 2164 1032 2225 τὰς
1073 2163 1264 2225 νύκτας
1301 2166 1356 2219 οὐ
1391 2164 1733 2231 καθεύδομεν,

463 2254 566 2309 οὐδ’
604 2251 1060 2321 ὧναγεγράμμεθ’,
1099 2251 1251 2307 ἄλλα
1289 2251 1478 2307 κάεται
1516 2252 1744 2325 λύχνος,

466 2340 554 2396 καὶ
594 2340 772 2407 βιβλί’
811 2341 863 2395 ἐν
897 2346 1017 2401 ταῖς
1050 2339 1250 2409 χερσίν.

124 2428 265 2498 Quid
300 2430 372 2484 sit
406 2428 866 2496 ἀναγεγραμμεθα
900 2427 1008 2483 noli
1049 2443 1338 2500 quaerere,
1379 2444 1504 2484 nam
1539 2423 1675 2484 nihil
1709 2431 1944 2503 reperies
1979 2436 2114 2491 sani.

126 2516 265 2585 Quin
311 2518 489 2589 potius
535 2516 668 2588 legis
719 2532 933 2571 mecum
973 2516 1076 2571 οὐδ’
1114 2516 1536 2582 αναπεπαύμεθᾎ
1576 2523 1658 2572 est
1698 2518 1842 2573 enim
1877 2523 2118 2592 ἀναπαύ-

125 2606 266 2660 εσθαι
302 2606 356 2660 in
399 2622 502 2659 usu
540 2604 605 2660 de
646 2605 736 2669 iis,
790 2604 882 2676 qui
938 2620 1297 2677 quamquam
1321 2621 1571 2660 somnum
1622 2622 1725 2659 non
1780 2609 2001 2679 capiunt
2039 2628 2118 2666 re·

125 2693 411 2766 quiescunt
445 2699 623 2748 tamen
658 2698 713 2747 et
741 2692 922 2764 quiete
951 2699 1269 2747 recreantur
1301 2699 1355 2747 et
1384 2691 1584 2749 sessum
1616 2710 1812 2766 corpus
1842 2696 2121 2763 reficiunt,

125 2787 180 2837 ct
225 2782 633 2853 coniunguntur
686 2796 1091 2852 nonnumquam
1141 2781 1399 2836 καθεύδειν
1443 2787 1497 2837 et
1534 2782 1917 2839 ἀναπαύεσθαι.
1993 2786 2115 2841 Per-

127 2866 324 2924 fectum
376 2870 784 2925 ἀναπεπαῦσθαι
838 2868 1070 2944 optime0
1088 2866 1153 2923 dc
1192 2885 1253 2924 eo
1288 2867 1521 2933 dicitur,
1562 2869 1656 2942 qui
1697 2869 2006 2945 intermisso
2045 2874 2118 2928 la-

127 2954 249 3012 bore
288 2956 467 3030 aliqua
505 2957 687 3029 quiete
727 2955 930 3012 fruitur
977 2955 1043 3011 ad
1085 2956 1226 3011 vires
1272 2954 1620 3021 reficiendas,
1661 2958 2113 3032 quemadmodum

119 3050 179 3108 et
216 3044 442 3118 simplex
480 3046 761 3112 πέπαυμαι
803 3043 1017 3115 saepius
1053 3058 1148 3115 pro
1187 3043 1391 3116 quiesco
1424 3044 1659 3117 ponitur.

117 3180 126 3187 .
198 3131 410 3205 Epinici
447 3132 596 3189 locus
630 3131 772 3206 apud
806 3130 998 3188 Athen.
1036 3148 1084 3205 p.
1122 3135 1249 3187 452.
1289 3131 1343 3186 B.
1385 3131 1438 3187 in
1475 3131 1667 3204 primis
1704 3134 1881 3191 verbis
1923 3137 2113 3193 vitium

126 3221 415 3276 contraxit:

504 3311 587 3364 ἐπ’
628 3310 858 3380 ἀλφίτου
898 3310 1113 3366 πίνοντα
1153 3314 1242 3364 τοῦ
1285 3309 1448 3377 θέρους
1491 3310 1616 3365 ποτέ

507 3399 619 3453 ἰδὼν
660 3399 912 3453 Σέλευκον
954 3398 1105 3464 ἡδέως
1145 3398 1231 3453 τὸν
1270 3397 1526 3464 βασιλέα.

130 3480 294 3538 Nauci
350 3501 452 3539 non
507 3493 587 3540 est
639 3487 724 3541 ἐπ’
763 3487 995 3555 ἀλφίτου
1043 3486 1236 3549 πίνειν,
1277 3484 1369 3541 sed
1419 3501 1543 3540 vera
1589 3484 1746 3540 lectio
1795 3503 1855 3540 cx
1912 3485 2118 3559 reliquo

131 3567 243 3624 loco
282 3573 398 3626 crui
441 3573 718 3629 commode
760 3576 972 3647 poterit.
1036 3574 1284 3630 Comicus
1320 3575 1562 3645 ineptum
1596 3572 1942 3629 historiarum
1985 3578 2113 3631 scri·

131 3664 334 3727 plorem
380 3660 840 3735 Mnesiptolemum
878 3664 1076 3736 scripta
1116 3663 1166 3717 iu
1210 3679 1332 3717 cum
1376 3660 1550 3715 sabula
1593 3659 1917 3719 ludificatur.
1980 3671 2119 3728 Mun·
