2436 4068
1316 226 1421 276 584

380 377 552 433 αὐτοῖς
594 373 678 426 καὶ
722 370 864 438 παρὰ
906 377 1010 429 τοῖς
1052 367 1262 430 ἄλλοις,
1307 368 1399 422 sed
1439 373 1491 422 et
1530 384 1613 421 res
1651 369 1766 438 ipsa
1802 374 1855 422 et
1893 369 2136 424 additum
2176 373 2349 427 θυσιῶν

376 462 746 516 demonstrant
781 459 866 512 καὶ
909 455 1207 511 παιάνων
1247 455 1474 519 ἠξιοῦσθε
1515 455 1581 509 ah
1614 453 1834 510 Oratore
1868 456 2031 511 fuisse
2066 459 2348 530 scriptum.

376 549 515 617 Quid
567 564 763 619 quaeso
817 552 898 599 est
950 545 1168 598 ἐπαίνων
1221 543 1448 607 ἠξιοῦσθε
1502 545 1624 609 παρ’
1681 545 1799 608 ὑμῖν
1859 547 2033 606 αὐτοῖς
2076 546 2162 599 καὶ
2204 549 2349 614 παρα

372 643 478 696 τοῖς
531 633 754 694 dmm?
812 632 947 686 nihil
995 632 1139 686 enim
1192 631 1339 686 aliud
1386 631 1516 686 haec
1570 631 1726 685 verba
1783 632 2087 702 significare
2126 641 2350 703 possunt

373 739 533 795 quam
575 722 834 790 ἐπῃνεῒσθε
874 719 961 773 καὶ
1003 719 1148 774 αὐτοὶ
1193 721 1285 788 ὑφ’
1326 721 1492 774 αὑτῶν
1532 719 1618 773 καὶ
1664 720 1759 773 ὑπὸ
1800 725 1897 774 τῶν
1935 719 2149 783 ἄλλων,
2206 721 2348 793 quod

372 809 664 863 ridiculum
713 817 813 863 est.
894 807 1007 861 Imo
1049 824 1172 861 vero
1214 807 1279 861 ob
1333 824 1445 862 rem
1496 806 1628 861 hene
1667 814 1870 877 gestam
1920 809 2084 862 θυσίαι
2144 830 2202 862 τε
2241 818 2348 871 τοῖς

372 900 496 958 θεοῖς
547 897 812 962 ἐγίγνοντο
853 895 940 949 καὶ
993 899 1213 956 παιᾶνες
1251 896 1422 964 ᾔδοντο
1459 896 1510 948 ἐν
1549 903 1654 957 τοῖς
1712 895 2003 960 ἐπινικίοις,
2057 903 2109 950 et
2151 897 2348 952 ilerum'

371 992 527 1038 vetus
577 983 735 1038 lectio
769 990 1112 1038 ΠΑΙΑΝΩΝ
1153 984 1208 1037 in
1248 984 1466 1038 ἐπαίνων
1517 981 1803 1054 depravata
1840 989 1936 1036 est.

448 1070 545 1126 Est
579 1070 808 1142 denique
846 1070 996 1126 locus
1036 1072 1088 1125 in
1137 1070 1452 1135 HelleniciS,
1494 1070 1558 1124 de
1594 1086 1699 1141 quo
1737 1069 1912 1124 adhuc
1947 1070 2185 1126 dubitavi
2222 1072 2351 1144 quid

376 1160 633 1214 sentirem
684 1157 900 1224 dicere,
957 1160 1207 1230 quoniam
1254 1159 1308 1211 in
1360 1164 1504 1212 certa
1562 1157 1867 1229 corruptela
1922 1158 1986 1213 de
2034 1158 2353 1214 emendandi

380 1249 585 1302 ratione
623 1246 855 1300 nondum
911 1247 1043 1300 mihi
1086 1248 1216 1301 satis
1268 1246 1516 1317 liqueret.
1595 1245 1770 1300 Verba
1818 1254 1945 1300 sunt
1986 1246 2357 1302 Callicratidae

378 1335 444 1390 ad
487 1336 808 1390 Hermonem
850 1351 1083 1406 pugnam
1134 1333 1532 1388 dissuadentem
1579 1333 1620 1388 I.
1663 1351 1731 1387 vl.
1775 1337 1863 1387 52.
1936 1336 2357 1403 Καλλικρατίδας

377 1425 428 1478 δὲ
467 1420 608 1477 εἶπεν
648 1420 723 1477 ὅτι
767 1426 794 1486 ἦ
838 1422 1056 1492 Σπάρτη
1096 1423 1232 1478 οὐδὲν
1272 1423 1347 1487 μὴ
1394 1421 1568 1476 κάκιον
1615 1423 1829 1476 οἰκεῖται
1870 1425 2030 1480 αὐτοῦ
2081 1424 2355 1478 άποθανόν-

378 1533 494 1577 τος,
552 1511 641 1564 uhi
696 1512 933 1582 primum
985 1511 1153 1565 miror
1205 1527 1305 1565 cur
1355 1511 1493 1565 οὐδὲν
1544 1510 1618 1575 μή
1675 1508 1857 1564 doctos
1918 1510 2159 1565 homines
2206 1518 2356 1566 tanto

380 1616 537 1671 opere
578 1597 876 1654 offenderit.
960 1599 1119 1654 Οὐδὲν
1164 1600 1240 1665 μή
1292 1598 1635 1652 sanissimum
1680 1605 1791 1663 est,
1846 1615 2036 1670 nempe
2077 1616 2243 1670 quum
2281 1603 2358 1655 οὐ·

381 1689 460 1742 δὲν
499 1691 737 1753 μᾶλλον,
777 1689 913 1742 οὐδὲν
952 1695 1095 1753 μεῖον
1130 1695 1183 1741 et
1219 1687 1419 1740 similia
1441 1685 1679 1758 ponenda
1702 1692 1830 1740 sunt
1865 1687 1919 1739 in
1954 1703 2014 1741 ea
2055 1687 2320 1743 locutione
2343 1732 2358 1753 ,

383 1779 434 1829 in
473 1792 577 1846 qua
616 1778 670 1830 οὐ
710 1776 785 1839 μή
827 1774 1236 1830 Atheniensium
1285 1791 1432 1828 more
1472 1773 1839 1828 vehementem
1881 1775 2216 1845 negationem
2254 1776 2356 1846 sig-

383 1863 606 1918 nificant
648 1865 701 1916 in
741 1863 980 1917 oratione
1033 1864 1331 1926 concitata,
1373 1861 1621 1917 dicebant
1659 1863 1795 1917 οὐδὲν
1832 1863 1905 1927 μὴ
1940 1866 2182 1929 μᾶλλον,
2224 1864 2362 1918 οὐδὲν

384 1954 458 2018 μὴ
497 1959 638 2017 μεῖον
683 1959 735 2005 et
782 1951 1048 2006 similiter.
1129 1950 1278 2005 Plato
1318 1951 1370 2003 in
1416 1950 1658 2022 Sympos,
1702 1968 1751 2022 p.
1790 1954 1895 2004 214
1942 1952 2005 2004 Α.
2045 1952 2181 2005 οὐδὲν
2219 1956 2360 2017 μᾶλ-

383 2054 470 2094 λον
509 2042 713 2107 μήποτε
761 2040 1002 2108 μεθυσθῇ.
1084 2039 1144 2093 In
1191 2039 1421 2093 Anabasi
1459 2038 1570 2091 VII.
1615 2056 1700 2092 vn.
1746 2042 1833 2092 24.
1875 2037 2160 2109 legendum
2210 2039 2358 2095 vide-

387 2136 476 2182 tur
513 2129 648 2182 οὐδὲν
693 2128 808 2200 (μὴ)
850 2135 993 2192 μεῖον
1036 2129 1278 2182 δύνωνται
1320 2126 1623 2181 οἰνύσασθαι.
1704 2125 1890 2197 Itaque
1929 2134 2094 2198 quum
2145 2127 2358 2183 dicatur

384 2217 522 2271 οὐδὲν
562 2218 784 2280 κακίων,
827 2221 888 2269 ut
928 2216 982 2268 in
1020 2216 1300 2268 notissimo
1341 2213 1633 2269 versiculo:

763 2305 899 2358 οὐδὲν
940 2303 1128 2357 κακίων
1167 2304 1373 2366 δοῦλος,
1414 2304 1470 2366 ἢν
1511 2306 1681 2362 καλῶς
1722 2307 1907 2372 φρονῇ,

385 2392 733 2462 consequitur
782 2392 919 2446 οὐδὲν
958 2392 1031 2457 μὴ
1074 2389 1245 2445 κάκιον
1301 2390 1599 2444 rectissime
1650 2388 1774 2443 dici.
1854 2391 1949 2445 Est
2005 2391 2173 2462 igitur
2223 2392 2360 2447 οὐδὲν

383 2482 457 2546 μή
499 2480 845 2534 sanissimum
888 2478 981 2533 sed
1022 2479 1099 2532 sic
1134 2486 1194 2533 ut
1237 2495 1361 2533 cum
1400 2477 1581 2531 futuro
1619 2479 2006 2550 coniungatur,
2048 2480 2188 2551 quod
2227 2486 2361 2535 tcm-

382 2585 482 2639 pus
525 2575 576 2622 et
619 2568 733 2638 ipsa
774 2566 904 2621 dicti
947 2574 1140 2620 natura
1187 2564 1440 2637 postulat.
1518 2565 1718 2637 Nempe
1758 2566 1856 2621 hoc
1904 2567 2118 2639 quidem
2162 2570 2361 2639 perspi·
2434 2575 2436 2577 ’

385 2672 547 2710 cuum
590 2662 672 2709 est
718 2654 915 2710 dixisse
953 2654 1346 2710 Callicratidam
1393 2653 1593 2724 aliquid
1636 2654 1687 2706 in
1731 2654 1868 2709 hanc
1906 2656 2262 2710 sententiam:
2301 2658 2356 2710 οὐ

386 2747 459 2808 μὴ
499 2742 730 2797 κάκιον
781 2743 1022 2810 πράξει
1066 2747 1093 2807 ἡ
1134 2741 1353 2811 Σπάρτη
1395 2742 1539 2809 παρα
1579 2743 1664 2796 τὸν
1701 2743 1821 2808 ε’μὸν
1861 2743 2094 2797 θάνατον.
2175 2743 2361 2815 Itaque

387 2830 695 2885 Dindorfius
731 2831 916 2902 prohat
959 2830 1270 2885 Schneideri
1310 2831 1705 2894 coniecturam,
1746 2831 1836 2901 qui
1881 2839 2146 2902 expuncto
2170 2833 2244 2896 μή
2283 2849 2361 2886 re-

387 2917 614 2989 ponebat
667 2920 944 2983 οἰκήσεται.
1040 2918 1141 2973 Sed
1192 2936 1364 2990 neque
1418 2917 1679 2989 quomodo
1727 2919 1985 2982 οἰκήσεται
2038 2919 2092 2972 in
2146 2921 2358 2974 οἰκεῖται

387 3005 534 3059 abire
564 3007 795 3076 potuerit
824 3013 1017 3078 exputo
1039 3049 1052 3071 ,
1095 3023 1266 3078 neque
1302 3008 1542 3060 οἰκεῖσθαι
1578 3005 1667 3060 sed
1702 3008 1852 3060 οἰκεῖν
1893 3005 2043 3060 video
2075 3023 2136 3061 eo
2170 3023 2328 3061 sensu
2344 3051 2436 3074 ,Ὗ

386 3110 542 3165 quem
586 3092 734 3146 locus
777 3095 1037 3166 postulat,
1076 3096 1202 3166 poni
1243 3095 1425 3149 solere.
1506 3095 1730 3148 Ponitur
1769 3095 1910 3148 enim
1950 3095 2100 3147 οἰκεῖν
2138 3111 2235 3164 pro
2274 3098 2359 3151 τὸν

384 3183 496 3247 βίον
548 3179 744 3245 διάγειν
786 3189 830 3236 61
880 3181 944 3236 de
986 3182 1212 3253 singulis
1269 3182 1575 3237 hominihus
1616 3190 1667 3236 et
1720 3181 1784 3235 de
1840 3187 1949 3234 tota
2006 3182 2244 3247 civitate,
2303 3183 2356 3237 id

385 3279 465 3324 est
501 3270 565 3324 de
602 3269 948 3324 multitudine
988 3270 1207 3333 civium,
1249 3270 1554 3340 diciturque
1590 3270 1711 3340 quis
1744 3267 1798 3323 εὖ
1837 3270 1949 3323 sive
1984 3276 2189 3335 καλῶς,
2229 3273 2355 3337 βέλ-

384 3379 486 3412 τιον
527 3359 706 3419 οἰκεῖν,
762 3362 967 3419 κακῶς,
1022 3363 1192 3424 χεῖρον
1239 3359 1427 3418 οἰκεῖν,
1472 3358 1729 3422 νομίμως,
1772 3355 2035 3425 σωφρόνως
2082 3361 2268 3423 οἰκεῖν,
2306 3367 2356 3413 et

384 3445 691 3511 εὐδαιμόνως
731 3447 880 3500 οἰκεῖν
904 3489 918 3507 ,
969 3451 1021 3499 et
1062 3443 1222 3511 άκρως
1263 3445 1443 3508 οἰκεῖν,
1497 3444 1638 3515 quod
1680 3443 1744 3498 de
1779 3443 2011 3515 perfecta
2046 3447 2243 3501 civium
2285 3445 2356 3501 fe-

384 3533 586 3587 licitate
627 3532 774 3587 Plato
810 3532 976 3596 dixit,
1018 3532 1107 3587 uhi
1150 3533 1391 3586 οἰκεῖσθαι
1430 3532 1636 3586 nullum
1681 3531 1838 3587 hahet
1870 3532 2044 3588 locum
2090 3541 2141 3589 et
2187 3535 2362 3588 risum

385 3621 514 3675 adeo
551 3628 826 3685 moveret,
886 3620 1050 3675 veluti
1107 3619 1245 3691 apud
1305 3619 1621 3675 Aeschinem
1681 3619 1743 3675 de
1784 3620 1841 3675 F.
1875 3621 1929 3675 L.
1972 3620 1999 3687 ἓ
2038 3625 2158 3679 182.
2203 3622 2367 3681 οὐδεὶς,
