2436 4068
1057 191 1163 240 5259

112 338 282 392 οἴκάδε
325 334 473 390 ὕπνον
522 337 731 401 λκβεῑν.
813 334 1004 405 Itaque
1039 350 1206 405 qutun
1261 336 1350 387 οὐκ
1411 333 1551 388 ἐάσει
1607 337 1695 388 τὸν
1742 332 1996 401 ἄνθρωπον
2057 334 2106 390 ὕ·

116 446 275 479 πνου
315 425 569 489 λαβεῖν
612 421 897 477 manisesto
938 423 1009 475 sit
1042 422 1364 476 mendosum
1386 430 1440 476 et
1481 423 1749 476 sententia
1791 422 1893 476 loci
1926 428 2109 493 postu-

117 514 191 568 let
245 530 480 566 somnum
532 528 750 580 capere,
804 513 1051 581 sequitur
1099 510 1236 564 nihil
1287 510 1434 565 aliud.
1484 527 1644 582 quam
1709 509 1864 565 ὕπνου
1913 518 2107 578 λαχεῖν

116 620 146 656 a
184 599 551 670 Theophrasto
594 597 759 652 scribi
802 599 1060 669 potuisse.
1131 598 1392 652 Dicebant
1434 599 1578 653 enim
1625 598 1978 653 Athenienses
2018 614 2108 653 an·

119 689 378 761 tiquiores
407 684 564 740 ὕπνου
600 685 903 753 λαγχάνειν
948 685 1132 740 eodem
1173 702 1368 750 senstt,
1409 703 1514 757 quo
1552 685 1707 741 ὕπνου
1729 686 2020 755 τυγχάνειν
2057 695 2110 742 et

116 778 243 832 olim
280 784 333 831 et
375 780 561 846 postea
598 789 785 827 omnes
824 773 1111 837 dicebant,
1153 773 1244 826 sed
1283 774 1584 842 λαγχάνειν
1633 774 1788 830 ὕπνου
1831 776 2110 847 antiquius

117 867 281 920 etiam
329 860 544 931 dicendi
594 877 766 931 genus
811 869 891 917 est
940 862 1178 933 adeoque
1232 863 1570 932 exquisitius,
1653 863 1954 920 Herodotus
2000 865 2108 919 iam

116 954 255 1007 dixit
290 951 381 1007 111.
427 940 553 1029 ῙβΟ.
598 947 753 1004 ὕπνου
792 951 852 1004 τέ
904 971 994 1016 μιν
1039 949 1339 1018 λαγχάνειν
1382 950 1583 1012 ἐποίεε,
1645 958 1696 1004 et
1744 951 1995 1006 Cratinus
2052 954 2107 1007 in

117 1041 280 1096 Bekk.
323 1037 526 1095 Anecd.
570 1054 620 1109 p.
661 1042 803 1102 558,
844 1042 896 1092 2.

418 1130 474 1182 οὐ
513 1132 654 1180 σῖτον
694 1124 910 1194 ἄροισθ’,
950 1127 1052 1194 οὐχ
1093 1124 1485 1194 ὕπνουλοοχεῖν
1524 1127 1692 1194 μέρος.

114 1228 169 1274 et
222 1216 513 1288 Xenophon
570 1215 624 1268 in
681 1214 915 1269 Anabasi
951 1214 1042 1268 111.
1085 1233 1120 1268 1.
1181 1219 1230 1268 9.
1284 1217 1461 1283 μικρὸν
1519 1213 1674 1269 ὕπνου
1736 1217 1920 1282 λαχὼν
1975 1212 2107 1270 εἶδεν

113 1307 246 1375 ὄναρ.
324 1305 743 1375 Nonnumquam
794 1309 977 1357 autem
1021 1303 1074 1356 in
1114 1302 1274 1361 Codd.
1322 1301 1478 1358 ὕπνου
1519 1302 1821 1370 λαγχάνειν
1871 1310 1924 1357 et
1973 1325 2106 1370 τυγ-

113 1395 297 1464 χάνειν
337 1394 480 1447 inter
518 1408 575 1445 se
615 1396 1029 1463 permutantur,
1074 1399 1131 1444 ut
1170 1397 1427 1463 appareat
1468 1391 1690 1445 verbum
1741 1392 2108 1460 Ἀττικώτερον

114 1493 168 1539 et
225 1481 551 1554 exquisitius
600 1479 900 1548 λαγχάνειν
942 1486 1214 1533 mutatum
1270 1497 1386 1534 esse
1428 1496 1459 1534 a
1498 1479 1692 1533 scribis
1734 1480 1786 1533 in
1837 1480 2110 1549 κοινότερον

115 1571 169 1628 et
230 1571 494 1625 usitatum
549 1566 803 1622 omnihus
857 1567 1187 1637 τυγχάνειν,
1247 1567 1703 1640 quemadmodum
1766 1569 1822 1623 in
1877 1569 2108 1625 Hierone

115 1661 272 1718 ὕπνου
307 1656 660 1725 λαγχάνομεν
701 1657 938 1727 genuina
976 1658 1248 1728 scriptura
1285 1663 1402 1720 est,
1443 1654 1600 1711 ὕπνου
1639 1656 1982 1726 τυγχάνομεν
2025 1657 2108 1712 in-

116 1748 394 1821 terpolata.
490 1745 653 1801 Plane
713 1744 900 1800 eodem
954 1744 1110 1799 modo
1171 1747 1226 1799 in
1280 1743 1571 1819 Cyropaed.
1616 1746 1706 1800 111.
1753 1764 1786 1800 1.
1832 1749 1923 1802 24.
1986 1746 2105 1802 οὔτε

113 1840 255 1894 σίτου
312 1835 434 1891 οὔτε
485 1833 643 1889 ὕπνου
694 1833 941 1888 δυ’νοοντοοι
980 1833 1284 1902 λαγχάνειν
1345 1841 1470 1887 nata
1530 1842 1611 1888 est
1676 1835 1836 1888 unius
1892 1833 2108 1890 Codicis

114 1930 387 2000 scriptura
424 1922 733 1991 τυγχάνειν.
813 1922 874 1976 In
914 1921 1292 1993 Aristophanis
1325 1921 1560 1977 Acharn.
1598 1927 1743 1977 713:

342 2016 469 2068 άλλ’
509 2012 684 2073 ἐπειδὴ
724 2012 842 2072 τοὺς
880 2011 1127 2080 γέροντάς
1162 2012 1251 2065 οὐκ
1291 2011 1399 2064 ἐᾶθ’
1441 2008 1596 2066 ὕπνου
1631 2018 1846 2080 τυχεῖν,

113 2104 360 2177 suspicor
410 2104 501 2156 οὐκ
560 2101 667 2154 ἐᾶθ’
719 2098 878 2154 ὕπνου
931 2106 1126 2168 λαχεῖν
1181 2098 1248 2153 ab
1294 2099 1410 2170 ipso
1457 2107 1612 2172 poeta
1665 2100 1930 2172 scriptum
1981 2100 2110 2156 olim

32 2224 34 2226 ·
113 2194 298 2250 fuisse.
379 2190 607 2262 Legitur
657 2185 814 2243 ὕπνου
859 2187 1150 2256 τυγχάνειν
1205 2186 1349 2259 apud
1405 2186 1834 2260 Theophrastum
1879 2189 1936 2244 in
1975 2189 2107 2245 Cha-

114 2290 247 2339 ract.
302 2297 418 2352 cap.
460 2282 547 2334 18.
600 2277 689 2332 καὶ
738 2274 866 2332 οὕτω
917 2277 1073 2343 μόλις
1120 2275 1276 2332 ὕπνου
1325 2275 1654 2344 τυγχάνειν,
1711 2283 1765 2331 et
1806 2278 1861 2331 in
1902 2279 2107 2334 suavis·

113 2373 252 2427 simo
312 2368 615 2440 fragmento
667 2366 863 2420 incerti
919 2365 1161 2431 Comici,·
1212 2381 1372 2437 quem
1427 2365 1678 2436 equidem
1747 2366 2105 2423 Menandrum

31 2489 37 2507 ·
112 2477 229 2516 esse
268 2458 552 2530 suspicor,
604 2453 747 2527 apud
795 2453 1150 2509 Plutarchum
1187 2454 1251 2508 de
1291 2453 1581 2507 Audiamus
1631 2453 1805 2510 Poe‘cis
1844 2473 1894 2528 p.
1936 2461 2004 2511 18
2045 2457 2105 2512 Β.

32 2541 36 2549 ’
416 2543 680 2600 τάλαντον
722 2545 751 2607 ἦ
793 2541 958 2612 προίξ.
998 2543 1072 2609 μὴ
1113 2542 1304 2610 λάβοις
1348 2542 1439 2611 ζῆν
1477 2543 1520 2596 δ’
1563 2542 1637 2600 ἔςι
1678 2564 1763 2609 μοι

415 2632 679 2687 τάλαντον
718 2631 1036 2699 ὑπεριδόντι,
1076 2630 1423 2697 τεύξομαι
1462 2630 1505 2683 δ’
1547 2628 1752 2688 ὕπνου

412 2721 720 2789 προέμενοςς
763 2723 818 2775 οὐ
859 2721 997 2776 δώσω
1037 2721 1091 2774 δὲ
1131 2722 1228 2774 κάν
1270 2719 1394 2789 ᾅδου
1437 2719 1578 2782 δίκην

414 2813 479 2872 ὥς
521 2810 786 2876 ἠσεβηκὼς
826 2810 897 2870 εἷς
934 2807 1197 2863 τάλαντον
1232 2808 1491 2876 άργύρους

111 2902 216 2972 Qui
257 2905 442 2973 postea
482 2899 539 2953 in
581 2896 864 2953 scribendo
903 2898 1145 2952 Atticum
1184 2896 1399 2951 dicendi
1435 2912 1607 2967 genus
1656 2896 1858 2954 referre
1897 2907 2105 2972 satage-

110 2990 242 3047 bant
294 2986 479 3043 codem
537 2984 693 3040 modo
746 3002 853 3058 quo
910 2987 1245 3059 antiquiores
1298 2983 1456 3040 ὕπνου
1515 2986 1819 3055 λαγχάνειν
1878 3005 2104 3062 usurpa·

113 3078 278 3143 bant,
318 3082 381 3131 ut
417 3074 688 3129 Lucianus
730 3075 785 3128 in
830 3074 1030 3148 Cynico
1082 3091 1200 3146 cap.
1232 3078 1284 3128 9.
1342 3071 1498 3129 ὕπνου
1555 3082 1751 3143 λαχεῖν
1790 3078 1843 3131 οὐ
1885 3077 2104 3145 δυναμέ-

112 3186 241 3228 νους.
319 3165 506 3236 Itaque
563 3162 732 3218 facilis
787 3170 971 3235 parata
1014 3171 1094 3218 cst
1149 3162 1416 3218 medicina
1472 3163 1747 3218 Charitoni
1806 3181 1924 3236 pag.
1957 3170 2104 3231 451,

116 3258 205 3309 46.
261 3254 315 3308 in
358 3251 652 3324 Hirschigii
707 3252 975 3317 Erotici3‚
1041 3251 1127 3306 ubi
1183 3250 1397 3307 editur:
1453 3252 1563 3306 ἐπεὶ
1607 3253 1658 3307 δὲ
1711 3254 1991 3322 προέκοπτε
2032 3253 2103 3307 τά

112 3349 206 3404 τῆς
246 3342 423 3403 νυκτὸς
477 3339 632 3396 ὕπνου
684 3342 779 3406 μὲν
834 3344 923 3396 οὐκ
975 3340 1343 3407 ἐλάμβανε
1386 3343 1494 3396 κτὲ.
1540 3358 1771 3411 namque
1814 3339 2101 3410 legendum

117 3445 232 3484 esse
281 3436 427 3501 patet
479 3427 634 3484 ὕπνου
685 3432 780 3495 μὲν
821 3433 911 3485 οὐκ
951 3429 1261 3497 ἐλάγχανε,
1302 3428 1440 3500 quod
1485 3428 1668 3483 cadom
1722 3427 1933 3482 indocta
1975 3427 2101 3483 lcvi-

119 3524 229 3571 tate
269 3524 538 3571 mutatum
587 3526 669 3572 est
723 3521 773 3573 in
821 3517 1130 3585 ἐλάμβανε,
1174 3535 1279 3590 qua
1323 3516 1476 3572 ὕπνου
1532 3518 1722 3581 λαβεῖν
1764 3516 2103 3588 suppositum

117 3611 196 3659 est
250 3621 405 3659 vcrac
466 3605 677 3661 lectioni
735 3605 889 3661 ὕπνου
946 3615 1138 3675 λαχεῖν
1181 3606 1320 3678 apud
1377 3605 1827 3675 Theoplnasttun.
1906 3604 2101 3660 Ὕπνου
