2436 4068
1268 245 1334 293 64

306 398 360 448 et
397 391 639 445 futurum
675 391 892 444 διατελῶ
937 390 990 441 in
1026 385 1223 457 Diphili
1259 383 1448 455 fragm.
1491 385 1650 456 apud.
1688 387 1876 446 Athen.
1916 388 2028 443 v11.
2062 392 2186 443 291.
2225 391 2282 444 F.

499 490 508 493 ’
613 480 666 531 οὐ
701 479 774 543 μὴ
810 475 1108 544 παραλάβω
1150 477 1198 527 σ’
1231 475 1452 538 οὐδαμοῦ
1477 515 1492 535 ,
1538 471 1750 541 Δράκων
1773 516 1786 538 ,
1827 477 1930 540 ἐγώ

619 567 703 619 ἐπ’
741 564 885 632 ἔργον
908 606 921 626 ,
958 561 1014 616 οὗ
1047 564 1120 627 μὴ
1161 563 1416 623 διατελεῖς
1458 563 1549 623 τὴν
1591 562 1782 629 ἡμέραν

613 653 989 720 τραπεζοποιῶν
1030 653 1078 703 ἐν
1118 651 1336 714 οὲγαθοῖς
1376 656 1587 711 πολλοῖς
1627 649 1792 716 χύδην
1815 691 1826 703 .

313 751 366 798 ot
403 741 599 796 similia
643 739 769 793 alibi
802 755 906 791 non
949 755 1072 792 raro
1105 739 1161 791 in
1196 737 1477 791 Comoedia
1511 737 1798 807 leguntur,
1841 738 1895 790 in
1933 737 2128 808 quibus
2164 755 2291 792 non·

313 845 608 899 numquam
651 826 859 880 librarii
897 832 948 879 et
980 825 1130 879 scioli
1163 842 1228 880 ne
1265 824 1678 896 suspicabantur
1707 823 1924 895 quidem
1959 824 2131 879 futuri
2163 833 2295 880 tem-

313 918 459 989 poris
511 932 599 969 eas
646 913 842 967 formas
892 929 1022 966 esse.
1103 913 1164 967 In
1209 913 1432 983 reliquis
1484 911 1836 982 scriptoribus
1875 912 2070 967 Atticis
2113 930 2293 984 saepe·

314 1019 538 1057 numero
578 1006 931 1073 pepercerunt
970 999 1171 1054 formae
1205 1001 1460 1070 antiquae
1500 999 1768 1070 imprimis
1808 1000 1864 1052 in
1905 1000 1973 1053 iis
2005 999 2163 1066 lociS,
2206 1001 2296 1055 ubi

313 1107 418 1144 non
454 1089 748 1160 unicuique
782 1089 1036 1142 continuo
1066 1087 1352 1159 apparebat
1384 1086 1631 1141 futurum
1660 1092 1874 1158 tempus
1906 1088 2126 1158 requiri.
2208 1088 2296 1144 Sic

314 1179 370 1231 in
412 1176 691 1230 Aeschinis
730 1175 1106 1246 Ctesiphontea
1145 1192 1247 1228 non
1293 1175 1592 1246 attigerunt
1629 1172 1874 1228 futurum
1910 1175 2128 1230 διατελῶ
2165 1174 2294 1249 §57

315 1266 441 1338 quia
473 1279 723 1336 praesens
754 1279 869 1316 esse
903 1261 1165 1332 putabant
1202 1268 1256 1316 et
1290 1263 1343 1315 in
1382 1261 1756 1317 Demosthenis
1791 1262 2043 1334 Leptinea
2085 1281 2133 1334 p.
2159 1267 2298 1329 465,

319 1357 351 1407 2
388 1359 441 1407 et
482 1355 551 1406 22
595 1350 777 1404 futura
811 1356 1053 1404 συντελεῖ
1088 1356 1141 1404 et
1181 1356 1510 1405 συντελοῦσιν
1552 1357 1838 1406 evaserunt
1872 1358 1923 1405 et
1969 1351 2022 1405 in
2066 1351 2300 1408 Platonis

317 1443 606 1511 Protagora
650 1455 699 1510 p.
733 1442 858 1492 511.
897 1438 957 1492 Ε.
999 1442 1241 1493 τελοῦντε
1288 1446 1341 1493 et
1381 1441 1437 1494 in
1479 1438 1820 1512 Euthydemo
1854 1455 1904 1510 p.
1943 1442 2067 1493 277.
2106 1439 2174 1494 Ε.
2207 1461 2300 1509 χο-

320 1530 519 1599 ρεύετον
557 1526 667 1594 περὶ
709 1526 768 1580 σε’
807 1559 881 1568 --
917 1529 981 1587 ὦς
1021 1527 1164 1592 μετὰ
1207 1532 1356 1582 τοῦτο
1396 1532 1675 1589 τελοῦντε,
1718 1525 1857 1598 quod
1899 1543 2015 1581 esse
2053 1526 2299 1583 futurum

319 1617 497 1680 videS,
539 1622 592 1669 et
633 1616 686 1667 in
720 1613 997 1668 Phaedone
1034 1631 1081 1685 p.
1108 1617 1196 1668 91.
1234 1614 1293 1668 A.
1335 1614 1672 1678 ξυνδιατελεῖ.
1753 1614 1949 1669 Contra
1982 1615 2034 1668 in
2066 1615 2302 1672 Platonis

320 1707 509 1775 Remp.
540 1703 628 1757 IV.
674 1706 799 1757 425.
837 1703 898 1756 Ε.
947 1703 1137 1755 vitiosa
1168 1701 1339 1758 forma
1382 1703 1763 1758 Graeculorum
1800 1703 2178 1760 διατελέσουσιν
2228 1705 2307 1759 in-

322 1799 476 1848 vecta
512 1797 617 1856 est,
659 1797 719 1844 ut
759 1789 1046 1845 διατελέσει
1078 1790 1132 1843 in
1177 1790 1549 1845 Demosthenis
1591 1791 1878 1860 Midianam
1917 1808 1965 1862 p.
1993 1795 2131 1856 556,
2174 1796 2206 1847 6
2252 1800 2304 1848 et

325 1881 630 1936 τελέσουσιν.
654 1879 708 1931 in
743 1876 1125 1950 Cyropaediam
1151 1878 1291 1934 VIII.
1317 1882 1366 1932 6.
1393 1883 1443 1933 5.
1501 1879 1796 1950 Irrepserat
1835 1877 1975 1932 idem
2018 1878 2211 1934 vitium
2250 1882 2302 1934 in

329 1968 583 2023 Isocratis
622 1965 1006 2021 Archidamum
1051 1963 1089 2038 §
1122 1970 1191 2020 87
1240 1966 1329 2019 ubi
1370 1966 1735 2031 διατελέσομεν
1775 1968 1830 2019 in
1871 1966 2120 2020 omnibus
2155 1967 2309 2023 libris

328 2063 437 2118 est,
481 2072 624 2109 unus
672 2054 927 2116 UrbinaS,
980 2055 1222 2107 omnium
1275 2055 1365 2124 qui
1409 2061 1622 2108 exstant
1670 2054 1925 2108 Codicum
1985 2053 2310 2111 Graecorum

333 2143 679 2198 fidelissimus
726 2141 935 2210 antiqui
979 2143 1242 2195 sermonis
1290 2143 1479 2205 testiS‚
1530 2159 1652 2196 cum
1701 2142 1967 2196 sexcentis
2005 2141 2124 2196 aliis
2164 2144 2310 2199 vitiis

333 2233 434 2286 hoc
475 2247 686 2301 quoque
721 2229 948 2282 removit
988 2245 1207 2282 servans
1238 2231 1531 2300 genuinum
1571 2231 1927 2295 διατελοῦμεν.
2008 2229 2208 2284 Eadem
2239 2238 2320 2286 est

338 2321 477 2374 ratio
515 2316 687 2371 suturi
727 2320 870 2369 καλῶ
896 2357 907 2376 ,
958 2315 1097 2386 quod
1138 2317 1383 2371 Graeculi
1426 2319 1695 2371 mirantur
1734 2323 1787 2370 et
1825 2318 1879 2370 in
1918 2317 2122 2372 καλέσω
2165 2318 2321 2372 refin-

339 2414 476 2479 gunt
518 2404 817 2459 nescientes
859 2420 1016 2456 usum
1058 2411 1291 2458 veterem
1316 2447 1329 2468 ,
1372 2422 1531 2476 quem
1578 2404 1802 2458 Photius
1843 2405 1896 2458 in
1935 2423 1981 2458 v.
2024 2411 2320 2473 καλοῦμενε

339 2496 454 2550 ἀντὶ
497 2498 585 2548 τοῦ
621 2492 909 2556 καλέσομεν
952 2490 1371 2556 demonstravit,
1415 2494 1740 2564 respicienS,
1783 2501 1842 2547 ut
1882 2494 2103 2564 opinor,
2144 2494 2319 2550 locum

345 2580 718 2652 Aristophanis
759 2580 814 2632 in
850 2578 1051 2633 Avibus
1094 2582 1219 2633 203.

718 2666 884 2721 ἔπειτ’
921 2667 1192 2734 ἀνεγείρας
1237 2669 1327 2730 τὴν
1369 2670 1495 2735 ἐμὴν
1532 2668 1724 2731 οέηδόνα

725 2759 985 2820 καλοῦμεν
1026 2755 1213 2816 αὐτούς
1236 2798 1246 2808 .

349 2844 441 2900 ubi
481 2843 606 2898 olim
646 2842 892 2897 Graeculi
932 2842 1256 2896 malesanam
1314 2844 1639 2915 scripturam
1688 2847 1899 2910 καλοῒμ’
1939 2844 2003 2898 ἂν
2043 2846 2230 2908 αὐτούς
2264 2847 2328 2903 de

350 2948 446 2987 suo
485 2938 856 3001 reposuerunt.
938 2930 1218 2984 Caeterum
1260 2930 1505 2985 futurum
1547 2938 1690 2987 καλῶ
1731 2949 1885 3004 saepe
1924 2932 2063 3004 apud
2099 2935 2325 2990 eundem

350 3028 404 3074 et
445 3018 576 3072 alios
615 3018 881 3071 incolume
903 3018 967 3071 ad
991 3035 1086 3071 nos
1107 3019 1373 3089 pervenit,
1410 3021 1545 3073 utin
1567 3020 1768 3074 Avibus
1802 3019 1930 3074 849.
1975 3022 2060 3075 τὸν
2094 3023 2229 3090 ἱερέα
2257 3056 2331 3069 —

355 3113 530 3170 καλῶ,
579 3107 632 3158 in
683 3106 915 3160 Acharn.
961 3110 1088 3160 968.
1138 3108 1255 3167 τοὺς
1300 3108 1648 3174 ἀγορανόμους
1698 3114 1867 3172 καλῶ,
1917 3109 1971 3162 in
2015 3109 2148 3162 Ran.
2205 3114 2328 3166 298.

355 3199 409 3251 οὐ
451 3196 523 3261 μὴ
563 3200 742 3257 καλεῖς
778 3215 879 3259 με,
923 3195 974 3246 in
1011 3193 1144 3247 Nub.
1179 3198 1304 3248 652.
1348 3196 1504 3249 αὐτὸν
1540 3203 1682 3249 καλῶ
1725 3195 1934 3264 θύραζε,
1975 3203 2028 3250 et
2062 3214 2137 3252 vs,
2170 3202 2331 3253 1001.

355 3284 447 3337 καί
467 3304 525 3336 σε
558 3286 772 3338 καλοῦσι
795 3281 1186 3347 βλιτομάμμαν
1217 3289 1267 3336 et
1297 3286 1456 3335 1221.
1495 3283 1644 3336 οέλλα
1680 3288 1943 3349 καλοῦμαι
1974 3284 2301 3351 Στρεψιάδην
2321 3329 2334 3350 ,

358 3378 409 3424 et
451 3371 527 3423 sic
557 3370 753 3441 passim
792 3375 932 3422 καλῶ
971 3369 1169 3439 legitur
1198 3370 1338 3441 apud
1373 3369 1774 3440 Xenophontem
1814 3378 1866 3424 et
1901 3372 2204 3436 Platonem,
2247 3375 2333 3428 cui

359 3458 521 3512 redde
560 3459 611 3510 in
655 3456 937 3510 Charmide
966 3473 1014 3526 p.
1043 3462 1164 3511 155.
1210 3459 1269 3511 A.
1307 3463 1582 3522 καλοῦμεν.
1664 3458 1721 3511 In
1763 3457 2075 3513 Oratoribus
2105 3463 2335 3531 grassati

361 3553 486 3600 sunt
524 3544 799 3610 Graeculi,
841 3545 931 3614 qui
974 3561 1128 3615 saepe
1170 3563 1325 3599 suum
1368 3546 1571 3599 καλέσω
1610 3547 1705 3611 iis,
1748 3553 1806 3600 ut
1835 3547 2151 3613 διατελέσω,
2191 3548 2333 3603 affri-

357 3641 619 3699 cucrunt:
663 3650 817 3704 saepe
857 3639 1030 3686 tamen
1075 3640 1217 3688 καλῶ
1260 3635 1462 3698 evasit,
1507 3634 1592 3687 ubi
1635 3634 1876 3690 futurum
1923 3653 2036 3695 esse
2080 3654 2180 3690 non
2225 3637 2334 3692 ani-
