2436 4068
1294 204 1400 256 204

357 346 571 401 brevem
609 363 724 402 esse
762 353 1023 419 oportere.
1105 345 1239 401 Male
1290 346 1565 400 Bekkerus
1619 346 1673 398 in
1727 346 1942 401 Homeri
2008 347 2341 404 carminibus

358 435 587 489 retinuit
621 435 839 488 vitiosas
881 434 1179 505 scripturas
1220 435 1413 500 πρώρης
1441 475 1454 499 ,
1503 434 1899 501 κυανοπρώροιο,
1953 440 2007 488 61
2059 434 2344 491 barbaram

362 521 590 576 formam
632 521 1051 588 κυοινοπρωρείους
1102 522 1157 575 in
1200 519 1389 594 Odys&
1432 529 1490 574 Γ.
1530 525 1675 585 299,
1718 520 1808 574 ubi
1856 521 1963 574 iam
2017 522 2226 593 pridem
2281 539 2346 578 ex

362 610 596 683 Etymol.
639 609 675 663 l.
713 609 748 664 l.
792 608 1137 662 scribendum
1177 625 1293 662 esse
1327 607 1661 662 ostendimus
1698 609 2140 677 κυοινοπρωείρους.
2196 610 2348 678 Quod

365 698 421 750 in
479 695 713 751 secundo
765 695 1042 767 Euripidis
1092 696 1208 750 loco
1261 695 1535 767 praeeedit
1595 711 1670 748 vs·
1718 699 1882 753 1585.
1943 695 2086 767 δεξιᾷ
2135 698 2179 751 δ’
2225 699 2349 751 ἐλὼν

365 785 516 853 ξίφος
554 782 563 859 Ι
599 785 647 845 ἐς
685 785 881 852 πρῷραν
922 780 1063 851 εἷρπε
1104 783 1293 837 leviter
1333 789 1414 836 est
1451 782 1800 854 depravatum
1851 799 1912 836 ex
1953 782 2099 854 δεξιᾷ
2132 784 2175 837 δ’
2215 783 2351 852 ἔχων

362 871 550 940 ξίφος,
610 877 672 925 ut
733 877 879 926 recte
938 871 1139 942 legitur
1188 888 1264 924 vs,
1315 874 1483 927 1810.
1575 869 1847 931 Μενέλεως
1907 871 1950 924 δ’
1999 869 2133 937 ἔχων
2186 868 2349 927 ὅπλον.

365 958 654 1013 Tralaticia
715 958 847 1014 haec
899 965 981 1015 est
1029 961 1083 1013 in
1135 958 1288 1013 libris
1341 955 1614 1012 confusio:
1676 959 1731 1011 in
1785 957 2158 1030 Aristophanis
2215 959 2353 1014 Pace

364 1063 442 1100 vs.
488 1050 614 1102 219.
658 1046 712 1100 in
747 1046 901 1102 libr-Is
941 1053 1048 1101 est:

668 1132 838 1197 ἥξουσι
879 1133 1090 1199 καῦθις,
1133 1136 1189 1198 ἢν
1231 1133 1438 1202 ἔχωμεν
1476 1135 1568 1196 τὴν
1609 1132 1796 1195 πόλιν,

367 1220 461 1276 sed
504 1222 846 1276 verissimum
888 1228 969 1277 est
1021 1224 1078 1286 ἢν
1120 1220 1317 1288 ἕλωμεν
1365 1223 1456 1284 τὴν
1503 1222 1709 1282 Πύλον,
1769 1220 1910 1293 quod
1951 1222 2160 1293 primus
2204 1238 2351 1294 repo-

370 1309 481 1362 suit
522 1309 582 1363 R.
625 1309 877 1381 Hirschig
918 1310 983 1364 ad
1023 1311 1186 1364 Arist.
1230 1309 1388 1381 Vesp.
1430 1326 1482 1380 p.
1522 1311 1646 1362 149.

444 1396 506 1451 In
547 1404 787 1452 extrema
827 1397 1005 1451 fabula
1053 1415 1129 1452 vs,
1170 1400 1334 1454 1666.

671 1485 746 1538 σοὶ
782 1487 879 1552 μὲν
918 1487 1035 1540 τάδ’
1076 1488 1228 1540 οούδῶ.
1271 1485 1512 1553 συγγόνῳ
1545 1485 1588 1538 δ’
1625 1484 1726 1552 ε’μῇ
1766 1483 1938 1549 λέγω·

671 1581 824 1627 πλεῖν
864 1575 955 1628 σὺν
995 1574 1144 1628 πόσει
1180 1575 1267 1641 σῷ.
1309 1578 1520 1638 πνεῦμοο
1562 1573 1605 1626 δ’
1645 1568 1780 1633 ἕξετ’
1820 1570 2010 1639 οὔριον,

368 1657 471 1713 fuit
505 1675 673 1730 quum
714 1661 854 1725 λέγω
897 1661 1031 1714 mihi
1068 1667 1208 1715 esset
1248 1659 1312 1714 de
1355 1660 1548 1715 mendo
1603 1664 1913 1729 suspectum
1957 1657 2359 1729 etsuspicarer

370 1746 573 1817 duplici
632 1748 762 1801 vitio
805 1747 1014 1802 sublato
1055 1746 1399 1801 scribendum
1442 1764 1586 1801 esse:
1627 1745 1864 1813 συγγόνῳ
1913 1747 1956 1799 δ’
2006 1748 2106 1814 ε’μῇ
2156 1745 2355 1799 τάδε·

368 1841 538 1888 πλεῖ
585 1837 675 1890 σὺν
735 1836 882 1890 πόσει
940 1838 1027 1903 σῷ.
1113 1835 1403 1906 Utramque
1466 1834 1825 1906 suspicionem
1869 1839 1922 1887 et
1969 1833 2356 1887 correctionem

368 1921 640 1976 Badhamo
681 1923 928 1994 probavi,
970 1941 1127 1994 quem
1167 1940 1338 1986 nunc,
1383 1929 1442 1976 ut
1494 1927 1622 1976 sunt
1662 1923 1718 1974 οοὶ
1771 1920 2006 1988 δεύτεραί
2046 1941 2151 1981 πως
2206 1926 2354 1990 φρον-

366 2011 503 2071 τίδες
564 2011 887 2080 σοφώτεραι,
945 2010 1176 2065 conabor
1235 2011 1603 2075 μεταπείθειν,
1663 2014 1725 2062 ut
1780 2007 1922 2073 λέγω
1982 2007 2171 2062 saltem
2229 2009 2356 2062 reti·

368 2103 530 2162 neat,
571 2098 711 2169 quod
752 2100 1098 2154 sanissimum
1152 2114 1265 2152 esse
1313 2097 1367 2150 hi
1409 2096 1686 2169 Euripidis
1727 2095 1829 2149 loci
1875 2094 2352 2152 demonstrabunt:

369 2185 643 2240 Phoeniss.
688 2189 812 2240 568.

671 2275 746 2327 σοὶ
788 2275 883 2339 μὲν
928 2272 1048 2327 τάδ’
1084 2274 1236 2328 οιὺδῶ.
1279 2273 1354 2326 σοὶ
1397 2273 1485 2336 δὲ,
1527 2271 1868 2334 Πολύνεικες,
1910 2271 2069 2335 λέγω.

364 2366 420 2414 61
467 2359 594 2415 ibid.
637 2378 711 2414 vs,
754 2365 878 2415 778.

673 2447 746 2502 σοὶ
788 2448 883 2514 μὲν
920 2446 1036 2502 τάδ’
1077 2445 1235 2502 εἷπον.
1280 2447 1585 2515 προσπόλοις
1626 2447 1669 2500 δ’
1712 2447 1852 2511 ἐμοῖς
1892 2446 2032 2511 λέγω
2057 2463 2070 2474 ·

676 2536 920 2604 ἐκφέρετε
965 2535 1134 2602 τεύχη
1171 2534 1420 2589 ποὲνοπλοὲ
1461 2538 1509 2588 τ’
1551 2535 1983 2603 ἀμφιβλήματα.

369 2628 421 2677 61
465 2622 698 2694 Supplie.
744 2627 903 2677 1213.

675 2711 747 2764 σοὶ
783 2712 879 2776 μὲν
911 2710 1027 2764 τάδ’
1071 2707 1231 2767 εἷπον.
1272 2712 1422 2765 ποιισὶ
1465 2711 1507 2764 δ’
1543 2710 1788 2777 Ἀργείων
1826 2710 1984 2774 λέγω.

373 2797 465 2852 sed
505 2805 634 2852 πλεῖ
665 2800 755 2852 σὺν
802 2798 947 2852 πόσει
990 2800 1058 2865 σῷ
1102 2798 1507 2852 rescribendum
1562 2815 1677 2851 esse
1726 2814 1819 2869 pro
1875 2803 2024 2855 πλεῖν
2066 2801 2119 2850 61
2159 2814 2254 2868 per
2300 2814 2356 2852 se
2423 2812 2426 2847 1

372 2887 504 2939 satis
543 2891 752 2939 certum
797 2893 850 2940 61
890 2885 1107 2940 evidens
1148 2892 1229 2940 est
1270 2893 1322 2940 et
1363 2885 1438 2938 ilii
1477 2886 1577 2956 ipsi
1617 2885 1718 2939 loci
1761 2885 2096 2939 confirmant.

449 2973 599 3039 Quod
638 2989 800 3044 supra
839 2973 1075 3027 diximus
1126 2973 1335 3027 Stobaei
1378 2973 1541 3026 libros
1581 2974 1815 3045 turpiter
1856 2972 2201 3044 interpolatos
2241 2989 2357 3027 esse
2416 2973 2436 3042 f'

374 3059 581 3114 duobus
637 3062 785 3114 novis
835 3061 1093 3131 exemplis
1144 3078 1207 3114 ex
1258 3060 1454 3114 Helena
1512 3061 1967 3114 confirmabimus,
2046 3060 2107 3113 In
2155 3061 2356 3130 optimo
2421 3106 2436 3134 4

374 3147 564 3202 Codice
602 3148 996 3201 vindobonensi
1027 3166 1091 3202 ex
1135 3148 1332 3202 Helena
1375 3148 1503 3202 haec
1552 3147 1853 3201 afferuntur
1895 3147 2076 3202 Floril.
2103 3147 2259 3201 LXII.
2305 3151 2355 3200 ⁶2.

679 3237 779 3301 ἐγὼ
822 3237 871 3290 δὲ
913 3237 1084 3297 δοῦλος
1127 3239 1168 3291 εἶ
1210 3237 1417 3304 πέφυχ’
1455 3233 1589 3301 ὅμως
1627 3235 1834 3302 λάτρις,

373 3339 469 3395 pro
504 3325 604 3388 ἐγὼ
646 3324 741 3389 μὲν
776 3322 911 3387 εἵην,
954 3327 1028 3378 κεί
1064 3325 1270 3392 πέφυχ’
1306 3321 1439 3389 ὅμως
1475 3323 1686 3390 λοέτρις,
1731 3322 1866 3395 (Hel.
1907 3339 1982 3374 vs.
2018 3322 2166 3395 727.)
2210 3322 2354 3376 dein·
2424 3363 2426 3366 ψ

374 3410 438 3464 de
491 3427 586 3481 pro
635 3410 837 3476 τοῦνομ’
886 3414 972 3464 οὐκ
1031 3411 1164 3478 ἔχων
1203 3411 1486 3477 ἐλεύθερον,
1529 3411 1582 3462 in
1627 3410 1727 3463 ΑΒ.
1789 3409 2046 3462 Parisinis
2085 3416 2164 3463 est
2213 3412 2356 3463 τοῦτ’

374 3496 523 3563 ἔμμοο
573 3501 660 3552 οὐκ
716 3497 888 3565 ἔχων,
947 3498 1000 3550 in
1054 3498 1277 3552 vindob.
1320 3501 1460 3553 τοῦτ’
1509 3497 1644 3563 ὄνομ’
1694 3500 1782 3551 οὐκ
1825 3496 1994 3564 ἔχων,
2053 3503 2238 3550 natum
2293 3513 2357 3550 ex

435 3584 478 3607 ⁷¹0

374 3623 606 3686 τοννομ’,
648 3625 700 3673 61
738 3620 894 3691 paulo
928 3627 1045 3693 post
1089 3637 1183 3693 pro
1224 3619 1291 3676 ἕν’
1345 3621 1465 3678 ἔντοο
1513 3619 1651 3693 quod
1701 3626 1815 3675 erat
1868 3621 1922 3675 in
1970 3625 2177 3674 vetusto
2224 3618 2358 3673 libro
