2436 4068
1000 211 1098 260 511

0 344 1 351 ἵ
75 373 235 429 quam
278 356 527 409 vitiosum
569 370 792 408 acumen
835 361 887 408 et
922 371 985 408 ex
1026 354 1205 425 inepta
1246 354 1543 409 subtilitate
1578 362 1701 410 nata
1737 356 2054 414 obscuritas.

76 449 336 517 Apertum
378 450 459 498 est
497 441 884 497 Theramenem
926 442 1024 496 hoc
1060 443 1239 498 dicere
1274 441 1500 498 debere:
1540 443 1653 511 πρὶν
1690 446 1777 499 καὶ
1817 448 1860 500 οἱ
1890 449 2054 502 δοῦλοι

75 535 162 587 καὶ
197 536 240 587 οἱ
276 531 593 598 ἀπορώτατοι
638 539 730 594 τῆς
761 531 1108 597 δημοκρατίας
1149 532 1455 600 μετέχοιεν,
1498 533 1613 600 πρὶν
1662 541 1754 596 τῆς
1799 534 2058 603 δημοκρα-

71 622 190 681 τίας
239 627 472 686 μετεῖναι
524 618 611 673 καὶ
665 626 771 680 τοῖς
811 619 1004 678 δούλοις
1053 619 1139 671 καὶ
1179 626 1284 679 τοῖς
1343 620 1725 688 ἀπορωτάτοις,
1773 630 1826 677 et
1868 640 1964 694 pro
2011 627 2055 679 οἱ

71 709 392 774 ἀπορώτατοι
437 707 749 778 eloquenter
801 706 1000 760 dixisse
1042 707 1085 758 οἱ
1124 706 1187 759 δι’
1223 709 1441 774 ἀπορίαν
1480 710 1720 777 δραχμῆς
1761 709 1825 765 ἂν
1865 713 2056 768 ἀποδό-

71 815 211 860 μενοι
250 799 344 858 τὴν
374 795 546 850 πόλιν.
626 795 814 867 Itaque
853 810 949 866 pro
988 795 1229 861 δραχμῆς
1283 796 1646 866 reponendum
1707 806 1789 853 est
1844 804 2055 866 αὐτῆς

70 884 379 953 μετέχοιεν,
418 881 558 954 quod
599 900 765 955 quum
812 882 992 937 nescio
1046 883 1169 952 quis
1217 881 1392 936 obtusi
1452 885 1654 954 ingenii
1699 887 1764 941 ad
1812 891 2054 960 proxime

70 972 395 1043 praecedens
442 973 685 1039 δραχμῆς
725 975 1064 1043 praepostere
1115 969 1390 1025 retulisset
1438 978 1564 1025 nata
1614 982 1696 1028 est
1746 975 1881 1031 bella
1918 981 2053 1034 scri-

72 1067 267 1132 ptura,
310 1076 447 1131 quae
487 1075 631 1114 nunc
667 1057 1069 1114 circumfertur.

147 1148 207 1202 In
242 1148 442 1203 Hellen.
479 1148 547 1203 11.
590 1165 664 1202 ιιι.
709 1152 796 1202 54.
847 1147 1193 1214 παραδίδομεν
1232 1147 1352 1211 ὑμῖν
1393 1149 1696 1216 Θηραμένην
1734 1154 2052 1219 τουτονΙ-,

42 1238 220 1302 -ὑμεῑς
263 1237 317 1291 δὲ
354 1236 612 1303 λαβόντες
652 1237 740 1291 καὶ
781 1234 1163 1300 ἀπαγαγόντες
1205 1236 1273 1305 [οἱ
1316 1234 1522 1309 ἕνδεκα]
1563 1235 1614 1293 οἷ
1639 1241 1720 1294 δεῖ
1744 1241 1815 1294 τὰ
1854 1242 1912 1296 ἐκ
1941 1244 2053 1298 τού-

68 1345 167 1379 των
205 1324 483 1393 πράττετε.
563 1324 726 1380 Recte
768 1321 1007 1380 Dindorf.
1049 1320 1098 1378 οἷ
1129 1326 1210 1378 δεῖ
1237 1325 1542 1380 emendavit
1573 1344 1670 1399 pro
1708 1325 1766 1383 οὗ
1799 1330 1905 1393 δεῖ,
1947 1348 2054 1402 quo

69 1412 211 1468 sacto
245 1414 410 1468 etiam
463 1412 656 1468 melius
704 1419 925 1484 apparet
974 1410 1135 1466 verba
1174 1414 1217 1467 οἱ
1257 1409 1437 1468 ἕνδεκα
1478 1416 1715 1471 insiticia
1769 1433 1916 1473 esse:
1969 1435 2053 1474 ar-

70 1503 311 1557 ctissime
349 1503 493 1557 enim
535 1499 897 1556 connectenda
939 1507 1065 1554 sunt
1108 1500 1490 1567 ἀπαγαγόντες
1541 1501 1593 1558 οἷ
1621 1507 1704 1559 δεῖ
1751 1522 1922 1578 neque
1974 1509 2052 1562 in-

71 1591 329 1662 terposito
380 1589 636 1645 vocabulo
687 1587 1002 1643 divellenda.
1083 1588 1365 1644 Praeterea
1419 1594 1708 1664 repetitum
1761 1611 2052 1665 pronomen

69 1680 220 1744 ὑμεῖς
262 1678 361 1734 boc
395 1678 824 1733 additamentum
868 1691 969 1730 non
1006 1676 1283 1740 admittit;
1324 1679 1576 1735 accedere
1614 1689 1820 1752 poterat
1863 1700 2053 1754 prono-

72 1768 205 1821 mini
245 1769 396 1833 ὑμῖν,
450 1768 539 1821 ubi
589 1766 826 1838 primum
881 1764 1089 1819 dixerat
1143 1768 1485 1834 παραδίδομεν
1540 1770 1688 1835 ὑμῖν,
1743 1773 1787 1826 οἱ
1835 1770 2012 1827 ἕνδεκα
2037 1815 2051 1838 ,

69 1857 300 1916 τουτονί,
354 1855 445 1910 sed
499 1862 681 1927 postea
730 1869 831 1908 non
883 1861 965 1907 est
1011 1854 1242 1926 amplius
1286 1857 1332 1910 ei
1391 1857 1467 1911 rei
1521 1857 1689 1914 locus,
1771 1860 1947 1914 Etiam
1990 1878 2053 1916 ea

70 1959 207 2015 quae
247 1942 574 2015 praecedunt
622 1941 758 1997 banc
814 1942 1074 1997 rationem
1118 1943 1438 1998 confirmant
1486 1946 1597 2001 sive
1637 1949 1897 2003 retinebis
1939 1950 2050 2004 vul-

69 2039 249 2100 gatam
293 2032 622 2103 scripturam
675 2032 1005 2086 ἐκέλευσε
1059 2033 1177 2091 τοὺς
1229 2030 1408 2088 ἕνδεκα
1461 2035 1546 2088 ἐπὶ
1591 2037 1677 2090 τὸν
1720 2039 2051 2105 Θηραμένην,

68 2121 181 2174 sive
233 2135 443 2174 mecum
501 2121 660 2174 unice
710 2119 960 2191 probabis
1014 2118 1270 2191 Stephani
1326 2122 1754 2178 emendationem
1811 2126 2050 2182 ἐκάλεσε.

70 2207 319 2262 Suaviter
351 2207 508 2262 multi
544 2210 597 2261 in
633 2208 831 2261 talibus
862 2208 987 2262 ἰέναι
1019 2209 1303 2278 cogitando
1338 2210 1694 2282 supplendum
1729 2230 1846 2268 esse
1879 2215 2051 2271 aiunt.

66 2294 235 2363 Quem
294 2295 471 2351 locum
524 2295 589 2350 ad
644 2296 695 2350 id
750 2296 1177 2351 confirmandum
1232 2314 1417 2352 omnes
1465 2298 1697 2354 afferunt
1738 2317 1801 2355 ex
1853 2305 2053 2359 vicinia

67 2383 132 2438 11.
157 2401 230 2438 ιιι.
263 2387 350 2440 20.
395 2386 563 2439 miror
601 2386 870 2440 neminem
906 2385 1105 2440 vidisse
1136 2403 1358 2457 prorsus
1392 2387 1686 2443 absurdum
1722 2407 1855 2446 esse.
1918 2393 2052 2449 Vide

67 2471 249 2527 modo:
302 2474 344 2527 οἱ
383 2474 436 2527 δὲ
475 2472 710 2536 ἐξέτασιν
750 2475 1055 2537 ποιήσαντες
1104 2481 1201 2529 τῶν
1253 2474 1346 2539 ἔξω
1387 2482 1476 2531 τοῦ
1526 2479 1830 2544 καταλόγου
1874 2480 2050 2538 ἄλλων

67 2562 318 2629 ἀλλαχοῦ
372 2557 490 2615 εἶτα
541 2563 976 2624 κελεύσαντες
1030 2564 1132 2617 ἐπὶ
1181 2565 1263 2618 τά
1313 2562 1479 2619 ὅπλα
1521 2568 1572 2619 ἐν
1613 2562 1647 2635 ᾦ
1689 2569 1863 2623 ἐκεῖνοι
1917 2571 2049 2625 ἀπε-

66 2650 356 2711 ληλύθεσαν
410 2649 719 2718 πέμψαντες
767 2650 884 2711 τοὺς
936 2653 1176 2718 φρουροὺς
1223 2652 1294 2707 τα
1351 2651 1493 2708 ὅπλα
1547 2657 1864 2722 παρείλοντο.
1946 2659 2050 2727 Qui

68 2737 199 2792 baec
237 2739 353 2792 sine
386 2739 500 2792 risu
536 2739 709 2809 legere
750 2746 918 2810 potest
947 2739 1215 2804 ἀγέλαςός
1251 2761 1328 2801 τις
1374 2738 1505 2796 εἶναι’
1541 2763 1625 2808 μοι
1661 2745 1819 2810 δοκεῖ,
1861 2754 1955 2801 aut
1997 2747 2051 2802 id

68 2824 208 2897 quod
245 2826 507 2898 scriptum
546 2835 628 2882 est
669 2844 772 2881 ιιοιι
797 2826 1112 2898 intelligere.
1171 2827 1396 2883 Gravcm
1433 2832 1792 2903 corruptelam
1836 2833 2053 2891 subesse

68 2921 122 2969 et
161 2914 423 2969 excidisse
463 2915 717 2969 nonnulla
758 2915 1104 2970 manifestum
1141 2923 1239 2972 est.
1284 2915 1525 2989 Namque
1558 2937 1642 2975 res
1666 2921 1777 2992 ipsa
1813 2922 2054 2994 loquitur

69 3019 172 3058 non
213 3018 331 3059 esse
371 3003 487 3059 illos
527 3004 702 3059 iussos
739 3003 824 3058 ἐπὶ
864 3004 935 3058 τα
981 3000 1124 3058 ὅπλα
1176 3005 1303 3060 ἱέναι
1345 3006 1436 3060 sed
1483 3015 1670 3064 contra
1711 3009 1930 3066 subdole
1971 3030 2054 3068 rc·

68 3099 275 3163 pettam
325 3109 440 3147 esse
478 3092 712 3164 aliquam
764 3091 1064 3156 fallaciam,
1120 3109 1258 3164 quae
1302 3093 1419 3149 illos
1468 3096 1743 3167 impulerit
1795 3100 1901 3155 ἀπὸ
1953 3107 2051 3155 τῶν

66 3176 239 3234 ὅπλων
283 3181 511 3235 ἀπιέναι.
601 3181 858 3252 Compara
909 3179 962 3234 id
1016 3180 1157 3252 quod
1215 3180 1341 3237 fecit
1401 3184 1714 3240 Pisistratus
1773 3190 2049 3250 Ἀθηναίων

67 3267 379 3333 βουλόμενος
429 3270 501 3323 τά
551 3265 694 3323 ὅπλα
745 3270 1058 3337 παρελέσθαι
1111 3269 1251 3341 apud
1306 3271 1630 3345 Polyaenum
1682 3273 1721 3329 Ῑ.
1765 3293 1868 3330 xxi.
1928 3280 1956 3348 §
1997 3282 2047 3333 2.

69 3353 172 3408 Sed
212 3355 660 3426 quemadmodum
713 3355 841 3412 baec
876 3357 1204 3429 expedienda
1241 3358 1351 3413 sint
1391 3376 1535 3415 nunc
1570 3378 1671 3416 non
1708 3380 1822 3434 ago.
1905 3364 2048 3419 Satis

71 3441 272 3497 habebo
324 3443 370 3497 si
422 3460 579 3499 nemo
632 3443 729 3499 boc
782 3444 896 3499 loco
949 3445 1206 3501 abutetur
1259 3446 1325 3500 ad
1385 3447 1862 3506 demonstrandum
1918 3454 2044 3508 ἱέναι

66 3530 339 3602 eleganter
387 3532 560 3586 omitti
610 3533 663 3587 in
704 3534 895 3589 κελεύω
949 3535 1034 3589 ἐπὶ
1088 3535 1159 3590 τὰ
1211 3533 1371 3591 ὅπλα.
1466 3546 1660 3593 Καλεῖν
1701 3541 1816 3600 τοὺς
1865 3538 2045 3597 ἕνδεκα

66 3620 149 3674 ἐπὶ
212 3622 296 3674 τὸν
351 3618 650 3687 Θηραμένην
708 3623 838 3693 quin
897 3623 1198 3678 rectissime
1258 3623 1472 3680 dicatur
1526 3642 1680 3680 nemo
1740 3625 2042 3685 dubitabit:
