2436 4068
1064 245 1131 295 75

101 392 268 463 Saepe
303 390 402 444 hoc
455 389 510 441 iu
561 387 786 443 Stobaeo
834 388 1037 443 sactum
1090 394 1171 443 est
1219 394 1276 442 ut
1327 386 1499 442 aliena
1554 385 2091 457 conglutinarentur3

98 475 459 548 deindequid
507 477 578 531 sit
615 478 788 543 Φέρειν
827 477 1050 542 ’τοξνιοιροὶ
1090 480 1401 542 περισκελῶς
1449 482 1504 529 et
1549 476 1963 543 περισκελέςερον
2003 493 2087 532 co·

95 564 380 637 gitandum
418 571 517 619 est.
598 564 958 636 Suspicantur
1005 563 1311 634 significare
1357 565 1645 629 χαλεπῶς,
1687 565 2090 634 χαλεπώτερον,

97 652 239 725 quod
289 669 394 707 non
445 651 661 707 videtur
714 653 826 709 veni
870 649 1079 705 simile:
1133 650 1225 704 sed
1266 657 1496 718 σκληρῶς
1535 657 1630 705 aut
1669 656 1848 719 ςερρῶς
1888 651 2091 724 signifi-

94 757 216 796 care
255 740 519 804 arbitror,
561 745 621 793 ut
661 746 743 794 est
786 739 841 792 in
882 738 1103 792 Gnomis
1142 737 1489 793 Monostichis
1529 755 1605 793 vs·
1642 742 1770 795 480.

318 833 497 894 ςερρῶς
537 827 711 895 Φέρειν
748 826 852 895 χρὴ
893 824 1169 894 συμφορὰς
1204 827 1290 880 τὸν
1326 829 1529 892 εὐγενῆ.

86 930 223 987 quae
260 915 485 986 antiqua
535 921 590 969 et
640 930 768 969 vera
819 913 976 968 lectio
1030 919 1111 966 est
1162 911 1452 983 fragmenti
1500 913 1779 988 Euripidei
1819 917 1875 971 in
1930 913 2082 972 Stob.

86 1001 267 1058 Floril.
302 1000 483 1057 CVIII.
528 1006 618 1057 18.

312 1092 441 1144 ἄλλ’
477 1087 533 1145 εὖ
571 1090 745 1159 Φέρειν
781 1090 884 1157 χρὴ
923 1088 1198 1157 συμφορὰς
1237 1092 1322 1143 τὸν
1362 1091 1579 1153 εὐγενῆ.

85 1185 139 1233 et
175 1177 331 1233 docet
370 1178 513 1233 vitae
556 1187 685 1233 usus
727 1177 1064 1232 calamitates
1100 1182 1154 1231 et
1193 1191 1482 1230 aerumnas
1521 1192 1552 1230 a
1599 1177 1939 1234 tenuioribus
1978 1178 2082 1233 for-

87 1267 195 1322 tius
242 1273 298 1320 et
347 1266 687 1320 constantius
734 1265 865 1320 ferri
913 1263 1131 1319 solitas:
1193 1280 1298 1335 quo
1349 1263 1546 1320 melius
1596 1265 1922 1337 intelligitur
1973 1266 2080 1321 duo

81 1352 383 1425 fragmenta
438 1370 554 1408 esse
607 1351 992 1427 dispescenda,
1050 1359 1104 1406 et
1157 1351 1391 1408 alterum
1445 1369 1572 1408 cum
1627 1353 1883 1427 Adelphis
1943 1354 2091 1410 nihil*

82 1458 368 1497 commune
407 1441 620 1497 hahere.

153 1530 213 1585 ln
253 1529 533 1585 Menandri
569 1529 761 1602 fragm.
803 1547 869 1585 ex
910 1528 1123 1585 Orionis
1163 1528 1404 1583 Gnomol.
1440 1529 1481 1585 Ι.
1530 1532 1615 1585 19.

307 1617 416 1684 εἰμὶ
459 1619 555 1683 μὲν
594 1616 834 1686 ἄγροικος
874 1618 1065 1678 καύτὸς
1106 1618 1196 1671 οὐκ
1232 1615 1410 1679 ἄλλως
1447 1619 1565 1686 ε’ρῶ,

75 1705 217 1780 quod
251 1705 493 1761 solebant
532 1705 712 1762 dicere
749 1723 934 1761 omnes
966 1707 1056 1760 οὐκ
1095 1703 1273 1766 ἄλλως
1315 1705 1455 1771 λέγω
1493 1705 1860 1778 reponendum
1899 1712 1981 1762 est
2020 1713 2076 1762 et

74 1793 371 1850 notandum
420 1810 585 1867 quam
634 1811 791 1866 saepe
834 1795 923 1863 ἐρῶ
964 1801 1018 1849 et
1063 1792 1207 1858 λέγω
1259 1791 1463 1847 suerint
1506 1793 1766 1856 confusa,
1823 1801 1886 1849 ut
1928 1794 2072 1867 apud

75 1882 345 1938 Demosth.
389 1900 439 1955 p.
475 1887 599 1937 184.
648 1888 695 1937 1.
738 1884 993 1950 πλήρωσιν
1030 1882 1083 1936 δὲ
1123 1880 1266 1946 μετὰ
1305 1885 1483 1936 ταῦτα
1515 1881 1655 1947 λέγω
1678 1924 1693 1946 ,
1733 1881 1825 1936 ubi
1862 1898 2071 1937 correc-

73 1978 216 2027 tores
265 1970 424 2026 Codd.
475 1969 814 2042 quorundam
866 1969 998 2034 λέξω
1053 1971 1410 2033 invexerunt,
1466 1970 1559 2025 sed
1606 1971 1695 2039 ἐρῶ
1737 1986 1926 2026 verum
1966 1976 2066 2025 est.

72 2058 358 2114 Simillima
397 2065 525 2113 sunt
560 2058 853 2130 Euripidea
892 2059 948 2112 in
988 2058 1162 2113 Rheso
1197 2063 1322 2113 271.

297 2147 462 2202 σκαιοὶ
502 2146 718 2214 βοτῆρές
757 2147 951 2212 ε’σῑμεν,
991 2150 1080 2201 οὐκ
1120 2145 1297 2208 ἄλλως
1338 2147 1480 2211 λέγω
1509 2187 1523 2210 ,

291 2236 419 2289 ἀλλ’
458 2235 598 2289 οὐδὲν
640 2230 790 2295 ἧσσόν
830 2253 906 2287 σοι
947 2234 1085 2302 φέρω
1125 2236 1326 2296 κεδνοὺς
1359 2234 1566 2300 λόγους.

64 2321 126 2377 lu
166 2320 356 2394 fragm.
401 2321 543 2394 apud
579 2322 927 2376 Ammonium
968 2341 1019 2394 p.
1056 2325 1146 2377 62.

289 2412 592 2479 Ἐλευθερῶν
631 2411 863 2474 ἀπῆλθεν
903 2411 1048 2471 εὐθὺς
1091 2413 1156 2472 ὡς
1198 2410 1364 2479 ταχύ.

62 2498 271 2570 corrige
305 2501 371 2560 ὥς
405 2499 603 2568 τάχος,
639 2498 673 2551 i.
697 2515 742 2553 e.
783 2500 848 2559 ὥς
882 2497 1109 2566 τάχιςοι.
1190 2498 1346 2570 Apud
1369 2498 1562 2553 Athen.
1588 2496 1724 2552 XIV.
1769 2515 1819 2569 p.
1847 2500 1972 2553 651.
1998 2499 2058 2553 A.

58 2587 384 2653 ἆμυγδοιλᾶς
426 2588 528 2652 ε’γώ
564 2588 573 2660 Ι
608 2585 872 2653 παρέθηκα
912 2587 998 2641 καὶ
1035 2591 1133 2641 τῶν
1168 2587 1353 2656 ῥοιδίων
1392 2588 1705 2654 ἐτρώγομεν,
1746 2601 1935 2641 verum
1978 2593 2060 2641 est

57 2673 432 2742 ἕνετράγομεν,
486 2692 719 2747 namque
767 2675 1001 2730 aoristus
1053 2676 1356 2747 requiritur
1396 2681 1451 2730 et
1490 2676 1758 2742 ἐντραγεῖν
1809 2673 2060 2729 dicebant

26 2763 259 2827 Attici,
301 2779 406 2817 non
441 2765 671 2831 τρώγειν.
735 2761 890 2835 Apud
932 2762 1291 2835 Antiphanem
1334 2762 1526 2818 Athen.
1563 2762 1628 2817 ΙΙ.
1674 2765 1762 2818 56.
1802 2762 1862 2817 E.
1912 2761 2058 2830 κάρυ’

56 2851 357 2918 ἐντρώγειν,
396 2851 538 2923 quod
581 2858 814 2906 metrum
856 2850 1051 2915 violat,
1092 2851 1226 2906 bene
1259 2857 1543 2906 mutarunt
1583 2851 1638 2905 in
1680 2851 1966 2918 ἐντραγεῖν.

129 2939 466 3011 Quamquam
516 2955 688 3011 neque
739 2955 824 2993 res
876 2953 1049 3011 neque
1082 2940 1254 2994 oratio
1294 2946 1505 2994 constat
1560 2939 1614 2993 in
1662 2938 1854 3010 fragm.
1909 2938 2052 3011 apud

54 3025 200 3083 Stoh.
242 3026 424 3083 Floril.
458 3026 540 3083 Ll.
585 3031 675 3082 27.

503 3116 575 3170 τὰ
615 3116 721 3182 γὰρ
759 3116 995 3180 τολμηροὶ
1035 3119 1131 3168 τῶν
1167 3114 1337 3183 ὄχλων
1379 3115 1491 3184 ἔχει

275 3205 326 3258 ἐν
362 3211 465 3264 τοῖς
507 3210 779 3269 λογισμοῖς
819 3204 918 3264 τὰς
962 3201 1229 3266 ἐπιδείξεις
1273 3205 1576 3267 δυσκόλους,

275 3294 326 3345 ἐν
365 3294 434 3359 τῷ
473 3292 525 3345 δὲ
562 3290 841 3358 πράττειν,
878 3289 943 3344 ἂν
983 3289 1131 3360 λάβῃ
1171 3292 1255 3345 τὸν
1296 3293 1463 3359 καιρὸν
1499 3288 1584 3355 εὖ,

272 3379 648 3447 ἀπροσδόκητον
686 3381 777 3442 τὴν
815 3379 1007 3447 τέχνην
1045 3377 1310 3446 ἐξηύροιτο.

47 3473 228 3522 tamen
262 3466 393 3539 quid
439 3468 602 3523 Poeta
640 3466 870 3523 voluerit
917 3466 1051 3522 satis
1091 3467 1146 3521 in
1186 3464 1272 3522 his
1309 3454 1544 3524 tenebris
1583 3466 1902 3539 dispicitur:
1947 3465 2046 3530 ita-7

47 3570 152 3626 que
191 3555 427 3626 primum
466 3557 538 3610 τὰ
574 3556 680 3623 γὰρ
721 3556 957 3623 τολμηρὰ
998 3560 1095 3610 τῶν
1137 3555 1294 3623 ἔργων
1337 3556 1663 3612 correxerim
1687 3595 1700 3618 ,
1744 3552 1936 3607 deinde
1974 3544 2040 3608 ἂν

45 3642 218 3713 λάβῃς
278 3643 361 3697 τὸν
418 3644 585 3711 καιρὸν
638 3641 722 3707 εὖ,
786 3651 845 3699 ut
900 3644 954 3698 in
998 3643 1298 3716 fragmento
1338 3643 1577 3699 eiusdem
1631 3639 1842 3696 fabulae
1898 3640 2039 3713 apud

1678 3735 1699 3765 7
