2436 4068
1283 222 1311 256 Χ

315 387 442 437 χων.
537 363 737 419 Deinde
791 362 984 416 multos
1037 374 1149 414 esse
1206 357 1348 410 locos
1404 355 1655 410 obscuros
1710 363 1763 411 et
1814 357 2096 429 impeditos
2148 361 2276 414 scri-

316 469 430 532 hit,
489 468 542 520 in
584 463 779 536 quibus
827 462 932 525 ἤτοι
983 457 1405 526 παραλελεῖφθαί
1453 479 1502 512 τι
1552 457 1758 512 πιθανόν
1812 459 1915 516 ἐςιν
1972 460 2000 523 ἢ
2041 480 2275 528 παραγε-

317 567 590 637 γράφθαι,
638 572 690 620 et
742 563 1038 618 rectissime
1088 557 1336 612 admonet
1378 564 1620 629 oportere
1670 576 1766 613 nos
1813 560 2091 615 orationem
2132 561 2278 615 resti-

318 678 459 724 tuere
501 669 557 722 in
587 668 875 737 inicorum,
928 658 1315 728 ἀπεργάζεσθαι
1355 660 1529 714 τέλεόν
1574 682 1632 715 τε
1671 662 1757 716 καὶ
1793 663 1956 724 οὲληθῆ
1994 664 2080 716 τὸν
2124 662 2277 728 λόγον

316 770 421 832 ἤτοι
461 769 517 823 τὸ
558 773 733 821 λεῖπον
772 760 1164 830 προςιθέντας,ἣ
1203 762 1260 815 τὸ
1291 761 1644 827 ἡμαρτημένον
1683 763 2094 829 ἐπανορθοῦντας.
2172 763 2278 817 Au·

316 869 465 923 diant
517 883 638 921 vero
691 863 1010 934 diligenter,
1068 861 1162 933 qui
1199 866 1442 915 veterum
1491 861 1925 916 membranarum
1977 861 2136 917 fidem
2190 879 2277 918 ve-

314 974 605 1028 nerantur,
645 981 704 1019 ea
745 980 880 1035 quae
918 961 1152 1016 addidit:
1193 959 1358 1029 ἇὶσπερ
1391 961 1496 1028 γαρ
1535 962 1594 1015 τὸ
1634 962 1999 1032 μεταγράφειν
2037 964 2136 1024 τας
2176 985 2276 1020 πα·

311 1067 467 1126 λαιας
526 1066 687 1134 ῥήσεις
747 1063 1031 1131 προπετές,
1089 1060 1215 1116 οὕτω
1269 1061 1356 1116 καὶ
1417 1061 1790 1131 φυλάττοντας
1848 1066 1912 1124 ὡς
1971 1064 2275 1132 γέγραπται

309 1166 589 1236 βραχείαις
637 1165 695 1219 τέ
747 1185 877 1219 τισιν
917 1165 947 1228 ἢ
993 1164 1310 1231 προσθέσεσιν
1361 1163 1389 1226 ἢ
1441 1163 1772 1227 ὑπαλλαέξεσι
1831 1165 2125 1220 διαλύεσθαι
2177 1165 2276 1228 τοὶς

310 1268 523 1335 ἀπορίας
591 1266 859 1329 οέγαθῶν
930 1262 1276 1329 ἐξηγητῶν
1342 1262 1481 1321 ἔςιν
1538 1262 1749 1332 ἔργον.
1842 1264 1902 1318 In
1970 1270 2117 1319 tanta
2180 1266 2278 1336 igi-

308 1377 399 1423 tur
457 1367 800 1420 librariorum
873 1366 1176 1420 temeritate
1235 1381 1341 1419 non
1403 1371 1485 1420 est
1540 1364 1640 1420 hoc
1695 1382 2016 1438 magnopere
2076 1367 2273 1420 miran-

310 1469 436 1523 dum
494 1469 732 1522 sinceras
803 1466 1012 1537 antiqui
1069 1467 1331 1520 sermonis
1391 1465 1590 1521 formas
1649 1467 1705 1520 in
1756 1466 1910 1521 libris
1966 1467 2274 1522 obliteratas

308 1586 456 1634 esse,
509 1566 601 1622 sed
658 1565 827 1621 multo
867 1566 1040 1634 magis
1081 1566 1325 1621 mirabile
1382 1573 1464 1622 est
1523 1567 1785 1639 quomodo
1843 1567 2085 1622 homines
2126 1567 2269 1623 docti

308 1669 543 1725 sutilium
614 1669 832 1723 testium
906 1673 958 1722 et
1022 1684 1317 1739 numquam
1377 1668 1478 1722 sibi
1540 1670 1904 1724 constantium
1968 1677 2061 1725 aut
2129 1671 2272 1725 inter

309 1788 364 1826 se
432 1768 880 1824 consentientium
945 1768 1320 1822 auctoritatem
1384 1769 1556 1823 secuti
1611 1769 1820 1824 tamdiu
1888 1769 2030 1825 serre
2091 1778 2273 1843 potue-

306 1874 415 1926 rint
463 1870 660 1925 sormas
710 1868 966 1933 vitiosaS,
1021 1866 1216 1939 quibus
1275 1874 1481 1922 veteres
1531 1869 1735 1923 Atticos
1798 1887 2091 1942 numquam
2148 1889 2271 1926 usos

306 1989 416 2028 esse
455 1971 616 2026 certis
650 1967 864 2022 indiciis
902 1975 954 2022 et
989 1969 1322 2039 argumentis
1372 1968 1575 2040 liquido
1613 1976 1849 2036 constet,
1891 1971 2085 2043 quibus
2134 1972 2268 2028 nihil

308 2072 449 2127 aliud
497 2070 687 2142 opponi
739 2075 912 2140 potest
950 2074 1164 2140 praeter
1217 2077 1447 2123 veterum
1493 2071 1916 2124 membranarum
1951 2071 2111 2142 fidem
2150 2090 2270 2128 sex-

306 2173 501 2227 centies
554 2171 797 2225 omnium
848 2186 1113 2224 consensu
1165 2169 1220 2222 in
1276 2167 1560 2223 manifesta
1618 2168 1805 2225 fraude
1863 2170 2263 2243 deprehensam.

306 2273 443 2328 Satis
482 2279 715 2336 constat,
768 2277 828 2325 ut
867 2270 967 2325 hoc
1006 2277 1163 2335 utar,
1216 2269 1477 2325 secundas
1517 2287 1767 2341 personas
1807 2271 2090 2327 verborum
2145 2290 2262 2346 pas-

306 2375 535 2428 sivorum
578 2373 634 2426 in
659 2405 735 2412 —-
763 2392 805 2426 ει
837 2387 1020 2426 omnes
1055 2371 1229 2435 exire,
1270 2386 1373 2424 non
1415 2371 1469 2423 in
1498 2402 1572 2411 -—
1602 2392 1644 2438 η.
1726 2371 1983 2428 Dicebant
2021 2373 2146 2429 olim
2189 2376 2263 2429 ἐν·

305 2476 483 2540 θυμεῖ,
519 2474 707 2542 λη’ψει,
749 2473 960 2537 πεύσει,
1000 2469 1449 2543 quemadmodum
1484 2471 1662 2536 βούλει
1704 2477 1758 2525 et
1804 2470 1916 2539 ὄψει
1958 2478 2266 2528 constanter

304 2572 562 2627 dicebant.
621 2574 877 2628 Librariis
917 2572 1073 2627 aliter
1105 2571 1298 2626 visum.
1377 2571 1562 2642 Itaque
1603 2571 1914 2643 Euripidem
1951 2573 2102 2628 video
2136 2591 2262 2630 cum

306 2672 491 2728 multis
542 2673 658 2728 aliis
705 2675 783 2728 sic
836 2671 1191 2727 deformatum
1233 2670 1300 2725 ad
1353 2671 1746 2726 Macedonicam
1801 2674 2260 2730 consuetudinem.

306 2772 450 2828 Nihil
487 2781 654 2843 potest
693 2790 806 2828 esse
845 2772 1046 2828 certius
1079 2788 1239 2843 quam
1272 2769 1339 2840 ᾖα
1380 2771 1521 2842 apud
1557 2771 1774 2827 Veteres
1815 2772 2066 2829 habuisse
2104 2774 2263 2844 ᾖμεν,

304 2873 398 2943 ᾖτε
432 2879 483 2926 et
523 2871 680 2940 ἦσαν,
733 2891 836 2928 non
882 2874 1036 2942 ᾕεμεν
1080 2871 1324 2947 (ᾔειμεν),
1379 2873 1514 2942 ᾕειτε
1556 2880 1608 2927 et
1658 2875 1844 2942 ᾔεσαν,
1886 2892 2022 2946 quae
2061 2875 2262 2931 formae

307 2972 577 3029 inauditae
627 2975 903 3038 Veteribus
942 2981 1097 3029 natae
1148 2980 1273 3028 sunt
1312 2991 1376 3028 ex
1412 2991 1594 3028 eorum
1639 2991 1820 3030 errore
1865 2977 1955 3047 qui
1998 2978 2129 3046 ᾔειν,
2183 2994 2262 3031 re-

306 3074 594 3130 centiorem
634 3073 854 3129 formam
908 3092 1004 3146 pro
1043 3074 1144 3144 ᾖα,
1199 3074 1264 3129 ad
1305 3091 1421 3129 eam
1475 3076 1737 3129 rationem
1790 3077 2264 3132 accommodarunt

308 3191 470 3248 quam
509 3174 564 3226 in
618 3176 744 3242 ᾔδειν
786 3177 1114 3247 caeterisque
1163 3175 1697 3248 plusquamperfectis
1749 3195 1931 3233 omnes
1973 3179 2260 3250 sequeban-

308 3282 419 3330 tur.
500 3272 718 3364 Formae
757 3277 992 3331 noviciae
1033 3278 1229 3347 passim
1265 3278 1320 3330 ἐκ
1358 3281 1450 3338 τῆς
1493 3278 1752 3339 συνηθείας
1795 3279 1849 3331 in
1899 3278 2062 3333 libros
2107 3280 2260 3335 Vete-

309 3392 433 3430 rum
461 3375 814 3444 irrepserunt‚
848 3384 899 3431 et
941 3375 1006 3431 ab
1045 3377 1313 3431 nonnullis
1353 3383 1460 3431 tam
1503 3394 1660 3432 caeca
1693 3380 1987 3450 pertinacia
2027 3381 2259 3435 retinen·

312 3483 432 3540 tur,
472 3481 534 3528 ut
574 3471 653 3527 vel
703 3475 836 3543 apud
887 3475 1252 3550 Thucydidem
1286 3478 1326 3532 Ι.
1372 3482 1419 3532 1.
1457 3475 1531 3532 ὅτι
1573 3479 1894 3547 ἀκμάζοντές
1928 3502 1986 3535 τε
2038 3480 2166 3549 ἦσαν
2207 3484 2258 3544 ἐς

310 3577 464 3631 αὐτὸν
507 3575 609 3649 (τὸν
649 3573 885 3649 πόλεμον)
929 3578 1210 3647 ἀμφότεροι
1264 3589 1561 3650 παρασκευῇ
1604 3589 1667 3648 τῇ
1702 3580 1873 3648 παση,
1933 3599 2255 3655 quamquam
