2436 4068
1337 221 1442 271 216

469 364 518 427 ὃς
557 366 638 431 ἔμ’
673 368 771 421 οὐδ’
813 365 874 420 ἂν
910 366 1054 432 ζῶντ’
1097 364 1227 431 ᾔδειν
1267 364 1308 416 εἶ
1350 365 1424 427 μὴ
1464 362 1548 416 διοὶ
1587 364 1677 422 τὴν
1721 362 1963 430 προτέροιν
1997 362 2278 431 ἀπόφυξιν.

391 453 482 508 ubi
533 457 594 515 ὡς
650 469 743 523 pro
792 450 844 511 ὅς
900 451 1262 520 scripserunt,
1317 455 1378 502 ut
1431 450 1563 518 ᾔδειν
1623 454 1800 519 posset
1851 450 2056 519 primae
2114 464 2370 521 personae

388 558 502 596 esse
544 540 744 603 videri,
794 538 857 591 de
899 537 1164 591 sententia
1219 552 1322 589 non
1368 537 1541 606 magis
1584 551 1746 606 quam
1794 534 1859 589 de
1900 543 2071 590 metro
2114 536 2367 602 solliciti,

391 645 562 700 neque
596 627 769 696 magis
807 624 1155 678 adverterunt
1191 625 1434 677 animum
1475 624 1531 676 in
1575 624 1710 677 Pace
1751 626 1913 677 1182.

693 714 762 780 τῷ
797 714 848 766 δὲ
888 711 1008 765 σιτί’
1044 714 1132 765 οὐκ
1174 712 1376 775 ἐώνητ’,
1419 715 1472 766 οὐ
1506 712 1610 778 γὰρ
1652 711 1782 778 ᾔδειν
1826 709 1982 773 ἐξιών.

467 805 534 857 At
576 818 679 855 non
711 805 957 871 poterant
999 799 1075 852 sic
1116 814 1297 852 errare
1337 799 1393 852 in
1435 798 1589 852 Pluto
1628 801 1754 852 696.

696 889 718 940 ὁ
759 888 811 941 δὲ
851 887 956 947 θεὸς
999 887 1116 951 ὑμῖν
1157 889 1211 940 οὐ
1252 887 1512 954 προσῄειν;
1551 915 1626 926 -—
1665 885 1875 940 οὐδέπω.

393 979 573 1047 itaque
613 975 792 1029 nescio
840 974 962 1044 quis
1011 972 1138 1027 olim
1183 972 1487 1028 emendavit
1538 972 1743 1027 scilicet
1792 974 1996 1041 προσῄει
2046 976 2132 1038 γ’,
2189 979 2375 1044 estque

393 1064 524 1118 haec
562 1063 778 1133 egregia
818 1062 1080 1117 correctio
1115 1062 1168 1114 in
1210 1061 1520 1115 Ravennate
1559 1060 1767 1115 Codice.
1830 1061 1892 1114 In
1929 1059 2172 1115 Nubibus
2213 1065 2374 1117 1550.

394 1168 561 1224 quum
603 1150 836 1205 dedisset
875 1155 1061 1220 poeta:

624 1241 687 1299 ὡς
731 1234 874 1298 οὗτος
898 1280 912 1299 ,
956 1239 998 1291 εἶ
1039 1238 1113 1301 μή
1148 1258 1217 1304 τῳ
1253 1236 1561 1300 ’πεποίθειν,
1600 1239 1689 1290 οὐκ
1729 1234 1792 1290 ἂν
1835 1232 1889 1295 ἦν

1002 1321 1156 1384 οὕτως
1196 1323 1473 1383 οὲκόλοοςος.

396 1414 643 1467 certatim
695 1411 845 1466 scioli
898 1412 1223 1481 rescripsere
1279 1411 1513 1465 πέποιθεν
1554 1416 1648 1464 aut
1689 1409 1914 1464 πέποιθ’;
1976 1409 2254 1464 Dawesius
2295 1428 2378 1466 ve-

398 1518 522 1555 rum
562 1500 696 1553 vidit
735 1498 1006 1553 ’πεποίθειν
1048 1498 1376 1562 emendanS,
1421 1515 1582 1570 quem
1623 1513 1807 1551 omnes
1849 1498 2021 1551 secuti
2060 1503 2185 1550 sunt
2239 1505 2379 1569 post·

399 1605 560 1660 quam
601 1604 664 1642 ex
705 1588 1014 1641 Ravennate
1050 1586 1246 1657 prodiit
1294 1586 1520 1640 πεποίθει
1564 1601 1669 1638 non
1719 1585 1835 1639 sine
1875 1586 2027 1655 gravi
2069 1586 2198 1638 vitio
2248 1587 2378 1640 scri-

399 1683 551 1747 ptum
575 1717 590 1739 ,
632 1673 772 1745 quod
815 1673 954 1727 unde
996 1679 1182 1727 natum
1220 1674 1290 1727 sit
1324 1674 1667 1745 perspicuum
1712 1678 1809 1726 est.
1887 1671 2049 1726 Nullo.
2083 1673 2226 1726 enim
2264 1690 2378 1727 mo-

399 1763 464 1817 do
517 1778 848 1833 concoquere
895 1767 1142 1831 poterant
1193 1758 1335 1822 οῧτος
1379 1795 1450 1802 -—
1489 1761 1780 1814 ’πεποίθειν.
1860 1759 1920 1813 Ιη
1972 1759 2172 1815 Avibus
2215 1765 2375 1817 1298.

399 1867 568 1921 quum
611 1850 918 1920 scripsisset
956 1847 1370 1919 Aristophanes:

701 1937 850 2004 ὄρτυξ
889 1938 1164 2000 ἕκοιλεῖτο,
1205 1936 1291 1990 κοιὶ
1334 1937 1438 2003 γὰρ
1479 1937 1615 2004 ᾔκειν
1655 1938 1850 2003 ὄρτυγι.

399 2025 581 2080 infelix
623 2025 760 2093 ᾔκειν
802 2024 1029 2077 mirifice
1070 2023 1431 2094 depravarunt
1481 2024 1896 2087 homuncioneS,
1937 2023 2030 2094 qui
2071 2021 2224 2091 ᾗκεν,
2264 2023 2380 2089 ἧκεν

398 2121 451 2168 et
491 2112 604 2175 ἧκεν
647 2130 743 2167 suo
783 2113 951 2166 Marte
1003 2111 1267 2165 dederunt
1310 2118 1362 2166 et
1418 2111 1614 2164 multos
1669 2127 1852 2164 secum
1895 2111 1948 2164 in
1991 2128 2228 2166 errorem
2270 2118 2378 2167 tra-

398 2208 622 2264 xerunt,
663 2201 817 2270 quasi
852 2216 976 2253 vero
1008 2199 1123 2252 εἵκω
1166 2216 1259 2270 pro
1300 2198 1439 2252 ἕοικοο
1481 2197 1586 2251 dici
1623 2199 1883 2268 potuisset
1916 2205 1968 2251 et
2009 2199 2086 2252 sic
2125 2198 2243 2267 ᾗκεν
2284 2217 2379 2271 pro

397 2289 576 2343 Ionica
615 2287 786 2341 forma
834 2287 991 2355 ἐῴκει.
1076 2287 1242 2340 Attici
1293 2285 1742 2356 quemadmodum
1785 2291 2092 2340 constanter
2131 2286 2379 2341 dicebant

398 2376 624 2440 εἴξασιν,
682 2375 906 2436 εἱκὲνοιι,
961 2376 1101 2435 εἰκώς
1163 2377 1319 2444 (quas
1369 2371 1567 2426 formas
1619 2378 1671 2426 et
1722 2373 1864 2443 ipsas
1921 2374 2207 2444 magistelli
2262 2391 2378 2428 cor-

400 2469 662 2534 rumpunt
715 2464 770 2516 in
811 2463 1030 2516 ἐοίκοισιν
1078 2461 1318 2516 Ionicum
1362 2467 1415 2514 et
1463 2459 1754 2514 barbarum
1808 2459 2038 2526 εἴκοισιν,
2099 2468 2152 2515 et
2199 2462 2378 2516 Ionica

397 2551 607 2605 ἐοικέναι
649 2555 701 2604 et
737 2548 922 2621 ἐοικώς)
967 2550 1044 2603 sic
1085 2549 1179 2617 ᾕκη
1218 2547 1494 2611 dicebant,
1554 2554 1614 2600 ut
1665 2548 1756 2614 ἤδη
1784 2588 1798 2611 ,
1858 2547 2058 2612 ἴσασιν,
2098 2550 2281 2604 εἶδένοιι
2323 2556 2376 2604 et

399 2640 558 2699 εἰδώς.
616 2639 804 2708 Itaque
839 2654 952 2691 rem
993 2654 1094 2691 acu
1126 2637 1303 2707 tetigit
1338 2636 1614 2690 Dawesius
1650 2637 1704 2688 in
1747 2635 1962 2690 Miscell.
2005 2636 2135 2692 Crit.
2174 2655 2224 2708 p.
2251 2642 2375 2693 501.

402 2724 692 2781 emendans
746 2725 831 2779 κοιὶ
887 2726 991 2792 γὰρ
1048 2725 1183 2793 ᾔκειν
1241 2723 1449 2790 ὄρτυγι,
1511 2740 1672 2794 quam
1728 2730 1931 2777 certam
1992 2726 2375 2780 correctionem

399 2812 707 2869 Dindorfius
740 2814 974 2883 sprevit,
1016 2813 1218 2883 recepit
1257 2828 1401 2864 nunc
1440 2811 1720 2881 BergkiuS.
1764 2810 2165 2865 Eiusdemmodi
2197 2829 2376 2867 emen-

402 2901 614 2955 datione
670 2899 847 2953 locum
906 2900 961 2952 in
1023 2898 1404 2970 Thesmophor.
1464 2902 1606 2961 504,
1667 2897 1756 2951 ubi
1809 2898 1863 2951 in
1925 2899 2175 2953 omnibus
2226 2899 2378 2954 libris

399 2995 510 3045 est:

705 3077 726 3128 ὁ
768 3077 808 3128 δ’
847 3078 967 3142 οένὴρ
1010 3077 1303 3143 περιήρχετ’
1346 3073 1574 3127 ὠκυτόκι’
1616 3074 1886 3139 ὠνούμενος
1913 3117 1927 3139 ,

402 3165 742 3219 restituimus
779 3163 832 3215 in
869 3164 1043 3232 priore
1066 3168 1216 3233 parte
1239 3179 1405 3233 quum
1443 3161 1934 3216 demonstraremus
1975 3160 2042 3229 ᾖοο
2083 3179 2186 3215 non
2229 3164 2376 3230 ἠρχό-

401 3274 502 3318 μην
549 3252 754 3307 Atticos
795 3267 977 3304 omnes
1018 3250 1231 3304 dixisse.
1313 3250 1498 3320 ltaque
1539 3266 1706 3319 quum
1742 3256 1881 3303 esset
1923 3256 2075 3303 vetus
2115 3250 2300 3305 lectio:

707 3340 728 3391 ὂ
770 3338 811 3392 δ’
852 3339 973 3403 ἀνὴρ
1015 3341 1230 3406 περιῄειν
1268 3337 1497 3391 ὠκυτόκι’
1538 3338 1839 3401 ὠνούμενος,

405 3414 713 3486 supervenit
754 3413 845 3484 qui
901 3413 1325 3466 semibarbarum
1379 3414 1679 3479 περιήρχετο
1728 3411 2092 3476 adscriberet,
2148 3413 2370 3477 deinde,

406 3503 485 3563 uti
527 3501 614 3564 fit,
659 3501 1029 3572 interpretatio
1073 3507 1302 3554 veterem
1355 3501 1678 3571 scripturam
1728 3500 1948 3571 expulit.
2032 3500 2177 3555 Adeo
2217 3502 2378 3572 perti-

410 3605 566 3643 naces
626 3595 751 3643 sunt
808 3589 860 3641 in
923 3587 1119 3642 talibus
1178 3588 1502 3660 retingendis
1559 3587 1709 3642 scioli
1767 3594 1827 3643 ut
1888 3589 1940 3642 in
2001 3588 2176 3644 verbis
2236 3588 2376 3642 docti
