2436 4068
1049 259 1148 310 151

100 408 164 463 be
196 407 264 463 ad
302 402 645 460 sarciendam
685 402 943 458 damnum
982 403 1212 457 inseruit
1258 402 1323 463 de
1354 418 1475 459 suo.
1551 403 1791 475 Denique
1830 423 1965 461 nova
2001 407 2071 463 la-

97 511 236 551 cuna
284 501 364 548 est
409 493 463 546 in
510 491 639 555 fine,
687 491 779 546 uhi
827 491 1130 546 Marcianus
1185 489 1320 546 liber
1371 489 1609 546 exhibet:
1661 494 1704 546 ei
1755 496 1828 558 μὴ
1879 497 1934 558 νὴ
1986 497 2072 550 δία

94 585 216 638 τοὺο·
254 581 589 649 ἰχθυοπώλαο·
632 601 717 634 τιο·
754 581 1008 646 βούλεται
1052 579 1227 643 λέγειν
1277 578 1420 645 μετ-οὶ
1458 600 1524 645 γε
1563 599 1686 635 τουο·
1725 583 2066 650 τραπεζίτασ.

97 673 160 727 ln
198 669 283 724 his
317 670 552 741 genuina
591 684 707 723 esse
743 667 988 739 suspicor

1399 763 1582 810 EIMH

620 849 1585 899 ΝΗΔῙΑΤΟΤΣΙΧΘΤΟΠΩΛΑΣ

623 944 650 968 4
751 944 776 967 4
879 942 905 966 ιι»
1007 941 1033 966 4
1116 940 1139 965 4
1223 940 1250 966 11-
1331 943 1356 967 *
1438 943 1464 968 ιι»
1545 944 1571 967 1⁴—

617 1024 1576 1074 ΜΕΤΑΓΕΤΟΤΣΤΡΑΠΕΖΙΤΑΣ

86 1130 166 1171 τις
202 1109 454 1176 βούλεται
487 1107 662 1174 λέγειν
698 1106 945 1163 Graeculi
983 1112 1066 1160 est
1114 1103 1349 1159 hiulcam
1403 1107 1727 1161 sententiam
1778 1116 2074 1183 utcumque

87 1198 372 1254 sarcientis
407 1196 838 1251 additamentum
884 1193 1127 1250 eiusdem
1163 1193 1377 1262 generis
1418 1200 1579 1265 atque
1621 1195 1703 1261 μὰ
1747 1197 1853 1251 Δία
1892 1200 1945 1252 in
1986 1217 2073 1254 su-

36 1277 43 1347 {
90 1285 404 1359 perioribus.
484 1283 686 1340 Deinde
722 1283 959 1339 Editoris
997 1280 1302 1337 temeritate
1334 1301 1400 1346 γε
1435 1281 1680 1337 additum
1719 1291 1827 1347 est,
1875 1294 1934 1340 ut
1970 1288 2073 1341 An-

84 1373 337 1447 tiphanes
371 1372 647 1428 videretur
685 1371 906 1427 dixisse:

387 1462 505 1522 τοὺς
545 1462 874 1529 ἰχθυοπώλαις
915 1460 994 1520 τίς
1034 1479 1100 1523 γε
1139 1459 1394 1525 βούλεται
1434 1458 1642 1525 λέγειν,

0 1591 1 1594 ¹
87 1549 399 1614 Bellissime‚
448 1556 510 1605 ut
548 1549 712 1604 vides,
792 1548 862 1602 At
911 1546 1077 1601 nihilo
1131 1546 1324 1602 melius
1376 1553 1458 1602 est
1510 1547 1653 1620 quod
1706 1548 2000 1605 Meinekius
2041 1567 2073 1605 a
2153 1544 2155 1547 ’

0 1642 2 1657 '
84 1655 147 1696 se
184 1640 463 1695 inventum
503 1638 734 1710 recepit:
1396 1660 1399 1662 ·

385 1729 504 1787 τοὺς
542 1727 872 1795 ἰχθυοπώλας
914 1725 1170 1790 βούλεταί
1208 1723 1275 1789 γε’
1314 1744 1393 1785 τις
1433 1723 1625 1790 λέγειν.

89 1817 255 1872 Periit
288 1816 487 1870 iterum
524 1831 667 1869 uuus
705 1813 828 1868 libri
861 1812 1226 1883 antiquissimi
1261 1827 1448 1867 versus
1489 1811 1814 1885 syllabarum
1857 1813 2067 1879 decem,

84 1921 220 1977 quas
252 1902 387 1958 mihi
429 1901 666 1957 nondum
706 1902 934 1972 contigit
976 1901 1052 1954 ita
1088 1898 1364 1971 supplere,
1414 1907 1475 1954 ut
1524 1901 1727 1972 aliquid
1781 1903 1975 1957 Atticis
2012 1910 2067 1957 et

86 1991 389 2063 Antiphane
426 1990 650 2061 dignum
691 1988 1000 2062 proferrem.
1063 1990 1170 2043 Aut
1212 1989 1382 2059 igitur
1424 1987 1626 2044 felicior
1666 1989 1796 2044 hora
1836 1990 1891 2044 id
1933 1991 2065 2045 mihi

85 2086 338 2151 suggeret
376 2085 467 2133 aut
509 2079 776 2133 acutiores
815 2078 906 2132 alii
940 2077 1224 2149 reperient.

163 2167 396 2222 Facilius
434 2174 516 2221 est
553 2166 801 2221 lacunam
837 2167 1040 2221 sarcire
1092 2168 1147 2219 in
1202 2164 1522 2236 Antiphanis
1569 2165 1870 2236 fragmento
1922 2167 2063 2239 apud

86 2255 441 2328 Porphyrium
480 2254 545 2310 de
580 2254 727 2309 Abst.
771 2255 835 2309 11.
883 2259 947 2309 17

710 2339 834 2396 ὅταν
870 2343 974 2408 γὰρ
1015 2340 1322 2407 ἑκατόμβας
1361 2342 1493 2402 τινές

496 2432 673 2486 θύωσιν
713 2431 797 2484 ἐπὶ
837 2432 1032 2491 τούτοις
1072 2427 1270 2484 ἅπασιν
1311 2426 1499 2490 ὅςατος

566 2520 585 2544 ¹⁰
629 2517 874 2574 ἁπάντων
910 2518 998 2573 καὶ
1038 2519 1326 2584 λιβανωτὸς
1361 2518 1605 2583 ἐπετέθη,

69 2610 278 2683 optime
332 2607 546 2663 habebit
598 2609 772 2663 enim:
826 2605 1014 2668 ὅςατος
1063 2606 1479 2670 απαξαποὶντων.
1571 2607 1770 2663 Eodem
1825 2609 2059 2664 remedio

39 2683 57 2778 Ξ
121 2697 338 2755 tendum
378 2698 429 2751 in
473 2695 682 2751 Eubulo
725 2694 864 2766 apud
901 2694 1076 2750 Schol.
1112 2696 1297 2767 Eurip.
1334 2695 1468 2751 Med
1510 2699 1620 2751 600

39 2711 119 2936 ἶ
453 2787 507 2840 τί
539 2787 655 2839 ποτ’
694 2785 799 2841 ἐςιν
839 2783 863 2807 ⁴
901 2784 926 2809 ¹*
967 2781 1184 2839 α’παντα
1225 2785 1640 2852 διαπεπρισμένα

452 2874 624 2939 halo?
664 2873 887 2940 ἀκριβῶς
923 2872 1135 2940 ὥσπερει
1177 2893 1249 2927 τα
1289 2874 1559 2939 σύμβολα.

71 2951 170 3021 'fii
194 2961 377 3019 redde:
454 2964 510 3017 τί
547 2964 663 3016 ποτ’
702 2960 803 3015 ἔσθ’
840 2959 1209 3024 ἁπαξάπαντα
1249 2961 1685 3030 διαπεπρισμένα.

74 3051 101 3137 i}
167 3049 228 3106 ln
283 3051 375 3116 iis,
426 3066 564 3123 quae
611 3047 752 3121 apud
802 3047 1162 3121 Antiphanem
1213 3056 1542 3121 sequuntur,
1605 3049 1752 3105 aliud
1797 3050 2050 3106 mendum

64 3121 245 3206 511εειτ

376 3230 440 3288 ὡς
479 3227 662 3282 τᾶλλα
700 3228 797 3292 μὲν
836 3226 907 3280 τοὶ
950 3226 1125 3280 πολλοὶ
1166 3227 1607 3294 παραναλούμενα

376 3316 611 3377 δαπάνην
649 3315 887 3381 ματαίαν
921 3311 1075 3369 οὖσαν
1114 3318 1282 3371 αὐτῶν
1321 3314 1548 3378 οὕνεκα,’

375 3405 433 3459 τὸ
469 3404 520 3459 δὲ
557 3404 732 3472 μικρὸν
768 3404 895 3458 αὐτὸ
929 3405 1070 3458 τοῦτ’
1108 3405 1340 3471 οὶρεςὸν
1380 3412 1486 3465 τοῖς
1530 3404 1672 3464 θεοῖς.

77 3489 253 3562 &paedia
286 3508 476 3547 sanum
519 3508 621 3546 non
663 3498 772 3555 est,
814 3492 939 3563 quia
981 3507 1078 3546 nec
1134 3492 1309 3563 ipsum
1362 3491 1660 3547 sententiae
1701 3489 1947 3545 convenit
1996 3492 2049 3544 et

77 3587 221 3637 certe
259 3582 434 3650 ἀρεςὸν
473 3580 524 3634 ὅν
565 3581 948 3652 requireretur.
1030 3580 1206 3647 Quare
1243 3579 1497 3636 emenda:

375 3669 431 3722 τὸ
474 3669 524 3723 δὲ
561 3671 735 3736 μικρὸν
773 3671 900 3724 αὐτὸ
940 3670 1079 3723 τοῦτ’
1120 3669 1395 3736 ἀρέσκον
1435 3676 1539 3729 τοῖς
1581 3668 1721 3724 θεοῖς.

1615 3758 1651 3789 11
1685 3755 1702 3773 ⁴
