<?xml version="1.0" encoding="UTF-8"?>
<!DOCTYPE html PUBLIC "-//W3C//DTD XHTML 1.0 Transitional//EN"
    "http://www.w3.org/TR/xhtml1/DTD/xhtml1-transitional.dtd">
<html xmlns="http://www.w3.org/1999/xhtml" xml:lang="en" lang="en">
 <head>
  <title>
</title>
<meta http-equiv="Content-Type" content="text/html;charset=utf-8" />
  <meta name='ocr-system' content='tesseract 3.04.00' />
  <meta name='ocr-capabilities' content='ocr_page ocr_carea ocr_par ocr_line ocrx_word'/>
</head>
<body>
  <div class='ocr_page' id='page_1' title='image "./novaelectionesqu00cobeuoft/novaelectionesqu00cobeuoft_0031.png"; bbox 0 0 2436 4068; ppageno 0'>
   <div class='ocr_carea' id='block_1_1' title="bbox 1118 248 1149 300">
    <p class='ocr_par' dir='ltr' id='par_1_1' title="bbox 1118 248 1149 300">
     <span class='ocr_line' id='line_1_1' title="bbox 1118 248 1149 300; baseline 0 0"><span class='ocrx_word' id='word_1_1' title='bbox 1118 248 1149 300; x_wconf 84' lang='lat'>5</span> 
     </span>
    </p>
   </div>
   <div class='ocr_carea' id='block_1_2' title="bbox 122 393 2156 3629">
    <p class='ocr_par' dir='ltr' id='par_1_2' title="bbox 122 393 2156 3629">
     <span class='ocr_line' id='line_1_2' title="bbox 432 393 1811 464; baseline 0.001 -15"><span class='ocrx_word' id='word_1_2' title='bbox 432 397 674 461; x_wconf 81' lang='grc' dir='ltr'><em>ἤνεγκον.</em></span> <span class='ocrx_word' id='word_1_3' title='bbox 717 405 772 448; x_wconf 91' lang='grc' dir='ltr'><strong>Β.</strong></span> <span class='ocrx_word' id='word_1_4' title='bbox 814 397 1040 461; x_wconf 76' lang='grc' dir='ltr'><em>ἤνεγκας</em></span> <span class='ocrx_word' id='word_1_5' title='bbox 1075 393 1172 457; x_wconf 84' lang='grc' dir='ltr'><strong>σύ;</strong></span> <span class='ocrx_word' id='word_1_6' title='bbox 1213 403 1280 448; x_wconf 90' lang='grc' dir='ltr'><strong>Α.</strong></span> <span class='ocrx_word' id='word_1_7' title='bbox 1320 395 1377 456; x_wconf 74' lang='grc' dir='ltr'><em>νὺ</em></span> <span class='ocrx_word' id='word_1_8' title='bbox 1417 397 1509 458; x_wconf 70' lang='grc' dir='ltr'><em>τὴν</em></span> <span class='ocrx_word' id='word_1_9' title='bbox 1541 397 1811 464; x_wconf 73' lang='grc' dir='ltr'><em>Ἄρτεμιν.</em></span> 
     </span>
     <span class='ocr_line' id='line_1_3' title="bbox 131 479 2120 559; baseline 0.002 -19"><span class='ocrx_word' id='word_1_10' title='bbox 131 483 514 556; x_wconf 69' lang='lat' dir='ltr'>Aristophanes</span> <span class='ocrx_word' id='word_1_11' title='bbox 554 484 725 554; x_wconf 82' lang='lat' dir='ltr'><strong>igitur</strong></span> <span class='ocrx_word' id='word_1_12' title='bbox 764 499 938 554; x_wconf 87' lang='lat' dir='ltr'><strong>neque</strong></span> <span class='ocrx_word' id='word_1_13' title='bbox 970 484 1169 548; x_wconf 80' lang='grc' dir='ltr'><em>ἤνεγκα</em></span> <span class='ocrx_word' id='word_1_14' title='bbox 1203 487 1296 536; x_wconf 89' lang='lat' dir='ltr'><strong>aut</strong></span> <span class='ocrx_word' id='word_1_15' title='bbox 1331 479 1458 537; x_wconf 79' lang='grc' dir='ltr'><em>εἶπα</em></span> <span class='ocrx_word' id='word_1_16' title='bbox 1497 481 1699 540; x_wconf 82' lang='lat' dir='ltr'><strong>dixisse</strong></span> <span class='ocrx_word' id='word_1_17' title='bbox 1731 491 1904 557; x_wconf 89' lang='lat' dir='ltr'><strong>potest</strong></span> <span class='ocrx_word' id='word_1_18' title='bbox 1944 502 2120 559; x_wconf 85' lang='lat' dir='ltr'><strong>neque</strong></span> 
     </span>
     <span class='ocr_line' id='line_1_4' title="bbox 127 570 2120 643; baseline 0.001 -15"><span class='ocrx_word' id='word_1_19' title='bbox 127 572 270 634; x_wconf 84' lang='grc' dir='ltr'><em>εἶπες</em></span> <span class='ocrx_word' id='word_1_20' title='bbox 306 579 400 627; x_wconf 82' lang='lat' dir='ltr'><strong>aut</strong></span> <span class='ocrx_word' id='word_1_21' title='bbox 433 574 669 637; x_wconf 79' lang='grc' dir='ltr'><em>ἤνεγκες.</em></span> <span class='ocrx_word' id='word_1_22' title='bbox 710 572 873 625; x_wconf 80' lang='grc' dir='ltr'><em>εἰπεῖν</em></span> <span class='ocrx_word' id='word_1_23' title='bbox 907 577 960 624; x_wconf 80' lang='lat' dir='ltr'><strong>et</strong></span> <span class='ocrx_word' id='word_1_24' title='bbox 994 571 1146 625; x_wconf 79' lang='grc' dir='ltr'><em>εἰπών</em></span> <span class='ocrx_word' id='word_1_25' title='bbox 1188 577 1240 625; x_wconf 80' lang='lat' dir='ltr'><strong>et</strong></span> <span class='ocrx_word' id='word_1_26' title='bbox 1274 570 1469 638; x_wconf 74' lang='grc' dir='ltr'><em>εἴποιμι</em></span> <span class='ocrx_word' id='word_1_27' title='bbox 1503 571 1646 643; x_wconf 81' lang='lat' dir='ltr'><strong>apud</strong></span> <span class='ocrx_word' id='word_1_28' title='bbox 1678 580 1887 628; x_wconf 81' lang='lat' dir='ltr'><strong>veteres</strong></span> <span class='ocrx_word' id='word_1_29' title='bbox 1920 573 2031 628; x_wconf 85' lang='lat' dir='ltr'><strong>sola</strong></span> <span class='ocrx_word' id='word_1_30' title='bbox 2061 575 2120 630; x_wconf 89' lang='lat' dir='ltr'><strong>in</strong></span> 
     </span>
     <span class='ocr_line' id='line_1_5' title="bbox 128 657 2119 732; baseline 0 -16"><span class='ocrx_word' id='word_1_31' title='bbox 128 678 234 716; x_wconf 90' lang='lat' dir='ltr'><strong>usu</strong></span> <span class='ocrx_word' id='word_1_32' title='bbox 284 668 432 716; x_wconf 92' lang='lat' dir='ltr'><strong>sunt:</strong></span> <span class='ocrx_word' id='word_1_33' title='bbox 474 661 568 732; x_wconf 90' lang='lat' dir='ltr'><strong>qui</strong></span> <span class='ocrx_word' id='word_1_34' title='bbox 602 658 756 719; x_wconf 76' lang='grc' dir='ltr'><em>εἴπας</em></span> <span class='ocrx_word' id='word_1_35' title='bbox 798 657 955 722; x_wconf 90' lang='lat' dir='ltr'><strong>dicit,</strong></span> <span class='ocrx_word' id='word_1_36' title='bbox 997 665 1092 712; x_wconf 91' lang='lat' dir='ltr'><strong>aut</strong></span> <span class='ocrx_word' id='word_1_37' title='bbox 1133 660 1225 729; x_wconf 91' lang='lat' dir='ltr'><strong>qui</strong></span> <span class='ocrx_word' id='word_1_38' title='bbox 1261 658 1469 725; x_wconf 83' lang='grc' dir='ltr'><em>ἔνεγκον</em></span> <span class='ocrx_word' id='word_1_39' title='bbox 1508 665 1604 714; x_wconf 90' lang='lat' dir='ltr'><strong>aut</strong></span> <span class='ocrx_word' id='word_1_40' title='bbox 1641 659 1860 726; x_wconf 84' lang='grc' dir='ltr'><em>ἐνέγκας</em></span> <span class='ocrx_word' id='word_1_41' title='bbox 1902 678 2009 716; x_wconf 91' lang='lat' dir='ltr'><strong>non</strong></span> <span class='ocrx_word' id='word_1_42' title='bbox 2043 663 2119 716; x_wconf 86' lang='lat' dir='ltr'><strong>vi-</strong></span> 
     </span>
     <span class='ocr_line' id='line_1_6' title="bbox 127 747 2126 820; baseline 0 -16"><span class='ocrx_word' id='word_1_43' title='bbox 127 756 247 804; x_wconf 86' lang='lat' dir='ltr'><strong>tant</strong></span> <span class='ocrx_word' id='word_1_44' title='bbox 286 749 542 803; x_wconf 83' lang='lat' dir='ltr'><strong>continuo</strong></span> <span class='ocrx_word' id='word_1_45' title='bbox 592 753 822 802; x_wconf 87' lang='lat' dir='ltr'><strong>aetatem</strong></span> <span class='ocrx_word' id='word_1_46' title='bbox 877 752 1115 818; x_wconf 86' lang='lat' dir='ltr'><strong>arguunt</strong></span> <span class='ocrx_word' id='word_1_47' title='bbox 1161 747 1481 817; x_wconf 87' lang='lat' dir='ltr'><strong>sequiorem.</strong></span> <span class='ocrx_word' id='word_1_48' title='bbox 1561 747 1687 803; x_wconf 90' lang='lat' dir='ltr'><strong>Levi</strong></span> <span class='ocrx_word' id='word_1_49' title='bbox 1728 764 1910 804; x_wconf 84' lang='lat' dir='ltr'><strong>errore</strong></span> <span class='ocrx_word' id='word_1_50' title='bbox 1950 749 2126 820; x_wconf 49' lang='lat' dir='ltr'><strong>igitur*</strong></span> 
     </span>
     <span class='ocr_line' id='line_1_7' title="bbox 126 833 2118 909; baseline 0.001 -18"><span class='ocrx_word' id='word_1_51' title='bbox 126 837 396 892; x_wconf 92' lang='lat' dir='ltr'><strong>Porsonus</strong></span> <span class='ocrx_word' id='word_1_52' title='bbox 442 836 693 890; x_wconf 84' lang='lat' dir='ltr'>lacunam</span> <span class='ocrx_word' id='word_1_53' title='bbox 734 835 787 887; x_wconf 91' lang='lat' dir='ltr'><strong>in</strong></span> <span class='ocrx_word' id='word_1_54' title='bbox 825 833 1202 906; x_wconf 84' lang='lat' dir='ltr'><strong>Aristophanis</strong></span> <span class='ocrx_word' id='word_1_55' title='bbox 1247 833 1550 906; x_wconf 84' lang='lat' dir='ltr'><strong>fragmento</strong></span> <span class='ocrx_word' id='word_1_56' title='bbox 1597 835 1742 909; x_wconf 90' lang='lat' dir='ltr'><strong>apud</strong></span> <span class='ocrx_word' id='word_1_57' title='bbox 1784 835 2118 894; x_wconf 84' lang='lat' dir='ltr'><strong>Athenaeum</strong></span> 
     </span>
     <span class='ocr_line' id='line_1_8' title="bbox 127 921 928 994; baseline -0.006 -13"><span class='ocrx_word' id='word_1_58' title='bbox 127 926 218 981; x_wconf 87' lang='lat' dir='ltr'><strong>IX.</strong></span> <span class='ocrx_word' id='word_1_59' title='bbox 258 928 385 980; x_wconf 75' lang='lat'><strong>572.</strong></span> <span class='ocrx_word' id='word_1_60' title='bbox 422 924 478 979; x_wconf 87' lang='lat' dir='ltr'><strong>G.</strong></span> <span class='ocrx_word' id='word_1_61' title='bbox 520 924 599 977; x_wconf 92' lang='lat' dir='ltr'><strong>sic</strong></span> <span class='ocrx_word' id='word_1_62' title='bbox 636 921 928 994; x_wconf 89' lang='lat' dir='ltr'><strong>supplevit:</strong></span> 
     </span>
     <span class='ocr_line' id='line_1_9' title="bbox 428 1008 1792 1084; baseline 0.002 -18"><span class='ocrx_word' id='word_1_63' title='bbox 428 1011 646 1078; x_wconf 79' lang='grc' dir='ltr'><em>μέγιςον</em></span> <span class='ocrx_word' id='word_1_64' title='bbox 684 1011 884 1076; x_wconf 70' lang='grc' dir='ltr'><em>ἀγαθὸν</em></span> <span class='ocrx_word' id='word_1_65' title='bbox 933 1008 1122 1084; x_wconf 81' lang='grc' dir='ltr'><em>[εἶπες]</em></span> <span class='ocrx_word' id='word_1_66' title='bbox 1162 1009 1306 1078; x_wconf 81' lang='grc' dir='ltr'><em>εἴπερ</em></span> <span class='ocrx_word' id='word_1_67' title='bbox 1346 1010 1422 1069; x_wconf 60' lang='lat' dir='ltr'><strong>zea</strong></span> <span class='ocrx_word' id='word_1_68' title='bbox 1460 1011 1523 1065; x_wconf 88' lang='grc' dir='ltr'><strong>δι’</strong></span> <span class='ocrx_word' id='word_1_69' title='bbox 1560 1014 1792 1069; x_wconf 82' lang='grc' dir='ltr'><em>ἐνιαυτοῦ</em></span> 
     </span>
     <span class='ocr_line' id='line_1_10' title="bbox 429 1098 1177 1165; baseline -0.003 -10"><span class='ocrx_word' id='word_1_70' title='bbox 429 1098 546 1155; x_wconf 75' lang='grc' dir='ltr'><em>ὅτου</em></span> <span class='ocrx_word' id='word_1_71' title='bbox 579 1121 659 1162; x_wconf 88' lang='grc' dir='ltr'><em>τις</em></span> <span class='ocrx_word' id='word_1_72' title='bbox 698 1101 943 1165; x_wconf 78' lang='grc' dir='ltr'><em>ἐπιθυμεῖ</em></span> <span class='ocrx_word' id='word_1_73' title='bbox 969 1099 1177 1165; x_wconf 84' lang='grc' dir='ltr'><em>λαβεῖν.</em></span> 
     </span>
     <span class='ocr_line' id='line_1_11' title="bbox 129 1187 479 1244; baseline -0.003 0"><span class='ocrx_word' id='word_1_74' title='bbox 129 1189 222 1244; x_wconf 89' lang='lat' dir='ltr'><strong>nbi</strong></span> <span class='ocrx_word' id='word_1_75' title='bbox 263 1187 479 1244; x_wconf 88' lang='lat' dir='ltr'><strong>malim:</strong></span> 
     </span>
     <span class='ocr_line' id='line_1_12' title="bbox 429 1273 1779 1344; baseline 0.001 -13"><span class='ocrx_word' id='word_1_76' title='bbox 429 1276 647 1343; x_wconf 77' lang='grc' dir='ltr'><em>μέγιςον</em></span> <span class='ocrx_word' id='word_1_77' title='bbox 683 1273 839 1339; x_wconf 80' lang='grc' dir='ltr'><em>εἶπας</em></span> <span class='ocrx_word' id='word_1_78' title='bbox 874 1275 1100 1341; x_wconf 72' lang='grc' dir='ltr'><em>ἀγαθόν,</em></span> <span class='ocrx_word' id='word_1_79' title='bbox 1140 1274 1282 1344; x_wconf 82' lang='grc' dir='ltr'><em>εἴπερ</em></span> <span class='ocrx_word' id='word_1_80' title='bbox 1321 1274 1398 1333; x_wconf 82' lang='grc' dir='ltr'><strong>ἔςι</strong></span> <span class='ocrx_word' id='word_1_81' title='bbox 1431 1274 1494 1329; x_wconf 86' lang='grc' dir='ltr'><strong>δι’</strong></span> <span class='ocrx_word' id='word_1_82' title='bbox 1527 1275 1779 1332; x_wconf 81' lang='grc' dir='ltr'><em>ἐνιαυτοῦ.</em></span> 
     </span>
     <span class='ocr_line' id='line_1_13' title="bbox 126 1361 2125 1437; baseline 0.002 -17"><span class='ocrx_word' id='word_1_83' title='bbox 126 1365 188 1420; x_wconf 93' lang='lat' dir='ltr'><strong>In</strong></span> <span class='ocrx_word' id='word_1_84' title='bbox 232 1364 417 1421; x_wconf 88' lang='lat' dir='ltr'><strong>eodem</strong></span> <span class='ocrx_word' id='word_1_85' title='bbox 467 1364 769 1437; x_wconf 79' lang='lat' dir='ltr'><strong>fragmento</strong></span> <span class='ocrx_word' id='word_1_86' title='bbox 808 1370 862 1419; x_wconf 92' lang='lat' dir='ltr'><strong>et</strong></span> <span class='ocrx_word' id='word_1_87' title='bbox 901 1364 1005 1419; x_wconf 90' lang='lat' dir='ltr'><strong>alia</strong></span> <span class='ocrx_word' id='word_1_88' title='bbox 1059 1369 1212 1427; x_wconf 90' lang='lat' dir='ltr'><strong>sunt,</strong></span> <span class='ocrx_word' id='word_1_89' title='bbox 1266 1379 1404 1434; x_wconf 92' lang='lat' dir='ltr'><strong>quae</strong></span> <span class='ocrx_word' id='word_1_90' title='bbox 1454 1361 1778 1420; x_wconf 87' lang='lat' dir='ltr'><strong>Criticorum</strong></span> <span class='ocrx_word' id='word_1_91' title='bbox 1827 1381 2016 1420; x_wconf 91' lang='lat' dir='ltr'><strong>curam</strong></span> <span class='ocrx_word' id='word_1_92' title='bbox 2069 1374 2125 1424; x_wconf 89' lang='lat' dir='ltr'><strong>et</strong></span> 
     </span>
     <span class='ocr_line' id='line_1_14' title="bbox 129 1449 2126 1526; baseline 0 -17"><span class='ocrx_word' id='word_1_93' title='bbox 129 1469 356 1509; x_wconf 84' lang='lat' dir='ltr'>acumen</span> <span class='ocrx_word' id='word_1_94' title='bbox 396 1458 727 1526; x_wconf 88' lang='lat' dir='ltr'><strong>exspectant.</strong></span> <span class='ocrx_word' id='word_1_95' title='bbox 808 1452 1163 1508; x_wconf 81' lang='lat' dir='ltr'><strong>Enumeravit</strong></span> <span class='ocrx_word' id='word_1_96' title='bbox 1203 1449 1400 1523; x_wconf 90' lang='lat' dir='ltr'><strong>aliquis</strong></span> <span class='ocrx_word' id='word_1_97' title='bbox 1438 1468 1709 1507; x_wconf 90' lang='lat' dir='ltr'><strong>summam</strong></span> <span class='ocrx_word' id='word_1_98' title='bbox 1763 1469 2007 1509; x_wconf 89' lang='lat' dir='ltr'><strong>annonae</strong></span> <span class='ocrx_word' id='word_1_99' title='bbox 2040 1471 2126 1509; x_wconf 91' lang='lat' dir='ltr'><strong>co-</strong></span> 
     </span>
     <span class='ocr_line' id='line_1_15' title="bbox 125 1539 2124 1615; baseline 0.001 -19"><span class='ocrx_word' id='word_1_100' title='bbox 125 1543 270 1615; x_wconf 87' lang='lat' dir='ltr'><strong>piam</strong></span> <span class='ocrx_word' id='word_1_101' title='bbox 305 1548 362 1597; x_wconf 86' lang='lat' dir='ltr'><strong>et</strong></span> <span class='ocrx_word' id='word_1_102' title='bbox 401 1542 790 1596; x_wconf 85' lang='lat' dir='ltr'><strong>abundantiam</strong></span> <span class='ocrx_word' id='word_1_103' title='bbox 831 1540 1234 1604; x_wconf 83' lang='lat' dir='ltr'><strong>incredibilem,</strong></span> <span class='ocrx_word' id='word_1_104' title='bbox 1277 1556 1414 1611; x_wconf 89' lang='lat' dir='ltr'><strong>quae</strong></span> <span class='ocrx_word' id='word_1_105' title='bbox 1459 1539 1685 1596; x_wconf 77' lang='lat' dir='ltr'><strong>Athenis</strong></span> <span class='ocrx_word' id='word_1_106' title='bbox 1725 1539 1866 1598; x_wconf 85' lang='lat' dir='ltr'><strong>sacta</strong></span> <span class='ocrx_word' id='word_1_107' title='bbox 1905 1543 2006 1610; x_wconf 88' lang='lat' dir='ltr'><strong>sit,</strong></span> <span class='ocrx_word' id='word_1_108' title='bbox 2047 1542 2124 1598; x_wconf 89' lang='lat' dir='ltr'><strong>id-</strong></span> 
     </span>
     <span class='ocr_line' id='line_1_16' title="bbox 127 1627 2156 1704; baseline -0.001 -18"><span class='ocrx_word' id='word_1_109' title='bbox 127 1646 232 1704; x_wconf 89' lang='lat' dir='ltr'><strong>que</strong></span> <span class='ocrx_word' id='word_1_110' title='bbox 264 1630 404 1686; x_wconf 88' lang='lat' dir='ltr'><strong>alius</strong></span> <span class='ocrx_word' id='word_1_111' title='bbox 443 1630 643 1702; x_wconf 87' lang='lat' dir='ltr'><strong>gaudet</strong></span> <span class='ocrx_word' id='word_1_112' title='bbox 677 1629 910 1692; x_wconf 80' lang='lat' dir='ltr'><strong>sactum,</strong></span> <span class='ocrx_word' id='word_1_113' title='bbox 954 1628 1094 1684; x_wconf 88' lang='lat' dir='ltr'><strong>alius</strong></span> <span class='ocrx_word' id='word_1_114' title='bbox 1133 1629 1385 1700; x_wconf 90' lang='lat' dir='ltr'><strong>queritur</strong></span> <span class='ocrx_word' id='word_1_115' title='bbox 1425 1628 1510 1684; x_wconf 92' lang='lat' dir='ltr'><strong>his</strong></span> <span class='ocrx_word' id='word_1_116' title='bbox 1548 1629 1752 1685; x_wconf 88' lang='lat' dir='ltr'><strong>verbis:</strong></span> <span class='ocrx_word' id='word_1_117' title='bbox 2154 1627 2156 1630; x_wconf 74' lang='grc'>’</span> 
     </span>
     <span class='ocr_line' id='line_1_17' title="bbox 1160 1715 1912 1791; baseline 0.003 -19"><span class='ocrx_word' id='word_1_118' title='bbox 1160 1718 1318 1772; x_wconf 80' lang='grc' dir='ltr'><em>κακὸν</em></span> <span class='ocrx_word' id='word_1_119' title='bbox 1355 1717 1452 1783; x_wconf 79' lang='grc' dir='ltr'><em>μὲν</em></span> <span class='ocrx_word' id='word_1_120' title='bbox 1490 1715 1575 1773; x_wconf 77' lang='grc' dir='ltr'><strong>οὖν</strong></span> <span class='ocrx_word' id='word_1_121' title='bbox 1611 1718 1830 1785; x_wconf 77' lang='grc' dir='ltr'><em>μέγιςον</em></span> <span class='ocrx_word' id='word_1_122' title='bbox 1910 1789 1912 1791; x_wconf 17' lang='lat'>¹</span> 
     </span>
     <span class='ocr_line' id='line_1_18' title="bbox 353 1805 1921 1875; baseline 0.001 -14"><span class='ocrx_word' id='word_1_123' title='bbox 353 1809 396 1862; x_wconf 83' lang='grc' dir='ltr'><strong>εἶ</strong></span> <span class='ocrx_word' id='word_1_124' title='bbox 431 1809 507 1874; x_wconf 65' lang='grc' dir='ltr'><strong>μὴ</strong></span> <span class='ocrx_word' id='word_1_125' title='bbox 541 1807 647 1875; x_wconf 78' lang='grc' dir='ltr'><strong>γαρ</strong></span> <span class='ocrx_word' id='word_1_126' title='bbox 689 1805 745 1871; x_wconf 76' lang='grc' dir='ltr'><em>ἦν</em></span> <span class='ocrx_word' id='word_1_127' title='bbox 784 1809 875 1862; x_wconf 83' lang='grc' dir='ltr'><em>οὐκ</em></span> <span class='ocrx_word' id='word_1_128' title='bbox 914 1805 979 1860; x_wconf 77' lang='grc' dir='ltr'><em>ἂν</em></span> <span class='ocrx_word' id='word_1_129' title='bbox 1020 1806 1304 1873; x_wconf 78' lang='grc' dir='ltr'><em>ἐπεθύμουν</em></span> <span class='ocrx_word' id='word_1_130' title='bbox 1342 1807 1445 1862; x_wconf 80' lang='grc' dir='ltr'><em>οὐδ’</em></span> <span class='ocrx_word' id='word_1_131' title='bbox 1483 1805 1547 1861; x_wconf 71' lang='grc' dir='ltr'><em>ἂν</em></span> <span class='ocrx_word' id='word_1_132' title='bbox 1576 1807 1921 1863; x_wconf 78' lang='grc' dir='ltr'><em>ἐδαπανῶντο.</em></span> 
     </span>
     <span class='ocr_line' id='line_1_19' title="bbox 125 1894 1061 1967; baseline -0.005 -14"><span class='ocrx_word' id='word_1_133' title='bbox 125 1898 214 1953; x_wconf 89' lang='lat' dir='ltr'><strong>cni</strong></span> <span class='ocrx_word' id='word_1_134' title='bbox 254 1897 436 1952; x_wconf 86' lang='lat' dir='ltr'><strong>nescio</strong></span> <span class='ocrx_word' id='word_1_135' title='bbox 476 1897 598 1967; x_wconf 90' lang='lat' dir='ltr'><strong>quis</strong></span> <span class='ocrx_word' id='word_1_136' title='bbox 634 1897 711 1950; x_wconf 89' lang='lat' dir='ltr'><strong>ita</strong></span> <span class='ocrx_word' id='word_1_137' title='bbox 742 1894 1061 1966; x_wconf 72' lang='lat' dir='ltr'><strong>respondet:</strong></span> 
     </span>
     <span class='ocr_line' id='line_1_20' title="bbox 352 1982 1839 2052; baseline 0 -14"><span class='ocrx_word' id='word_1_138' title='bbox 352 1986 454 2050; x_wconf 81' lang='grc' dir='ltr'><strong>ἐγὼ</strong></span> <span class='ocrx_word' id='word_1_139' title='bbox 493 1984 546 2037; x_wconf 78' lang='grc' dir='ltr'><strong>δὲ</strong></span> <span class='ocrx_word' id='word_1_140' title='bbox 580 1986 723 2038; x_wconf 80' lang='grc' dir='ltr'><em>τοῦτ’</em></span> <span class='ocrx_word' id='word_1_141' title='bbox 762 1983 939 2047; x_wconf 79' lang='grc' dir='ltr'><em>ὀλίγον</em></span> <span class='ocrx_word' id='word_1_142' title='bbox 978 1982 1157 2050; x_wconf 82' lang='grc' dir='ltr'><em>χρόνον</em></span> <span class='ocrx_word' id='word_1_143' title='bbox 1196 1983 1377 2051; x_wconf 77' lang='grc' dir='ltr'><em>φήσας</em></span> <span class='ocrx_word' id='word_1_144' title='bbox 1417 1983 1717 2052; x_wconf 68' lang='grc' dir='ltr'><em>ἀφειλόμην</em></span> <span class='ocrx_word' id='word_1_145' title='bbox 1756 1983 1839 2038; x_wconf 78' lang='grc' dir='ltr'><em>ἄν.</em></span> 
     </span>
     <span class='ocr_line' id='line_1_21' title="bbox 124 2070 2121 2143; baseline -0.001 -14"><span class='ocrx_word' id='word_1_146' title='bbox 124 2075 349 2129; x_wconf 87' lang='lat' dir='ltr'><strong>haerent</strong></span> <span class='ocrx_word' id='word_1_147' title='bbox 393 2087 579 2125; x_wconf 91' lang='lat' dir='ltr'><strong>omnes</strong></span> <span class='ocrx_word' id='word_1_148' title='bbox 628 2071 682 2125; x_wconf 90' lang='lat' dir='ltr'><strong>in</strong></span> <span class='ocrx_word' id='word_1_149' title='bbox 734 2073 933 2140; x_wconf 76' lang='grc' dir='ltr'><em>φήσας.</em></span> <span class='ocrx_word' id='word_1_150' title='bbox 1026 2071 1192 2124; x_wconf 89' lang='lat' dir='ltr'><strong>Miror</strong></span> <span class='ocrx_word' id='word_1_151' title='bbox 1245 2070 1510 2141; x_wconf 88' lang='lat' dir='ltr'><strong>quomodo</strong></span> <span class='ocrx_word' id='word_1_152' title='bbox 1564 2072 1829 2143; x_wconf 84' lang='lat' dir='ltr'><strong>Bergkius</strong></span> <span class='ocrx_word' id='word_1_153' title='bbox 1882 2073 2121 2143; x_wconf 89' lang='lat' dir='ltr'><strong>potuerit</strong></span> 
     </span>
     <span class='ocr_line' id='line_1_22' title="bbox 123 2157 2120 2236; baseline -0.002 -18"><span class='ocrx_word' id='word_1_154' title='bbox 123 2162 349 2236; x_wconf 89' lang='lat' dir='ltr'><strong>probare</strong></span> <span class='ocrx_word' id='word_1_155' title='bbox 380 2166 434 2214; x_wconf 88' lang='lat' dir='ltr'><strong>et</strong></span> <span class='ocrx_word' id='word_1_156' title='bbox 462 2159 701 2230; x_wconf 90' lang='lat' dir='ltr'><strong>recipere</strong></span> <span class='ocrx_word' id='word_1_157' title='bbox 729 2157 1162 2213; x_wconf 84' lang='lat' dir='ltr'><strong>Fritzschianum</strong></span> <span class='ocrx_word' id='word_1_158' title='bbox 1195 2158 1393 2226; x_wconf 83' lang='grc' dir='ltr'><em>φύσας.</em></span> <span class='ocrx_word' id='word_1_159' title='bbox 1451 2158 1709 2214; x_wconf 90' lang='lat' dir='ltr'><strong>Novimus</strong></span> <span class='ocrx_word' id='word_1_160' title='bbox 1743 2158 1872 2231; x_wconf 89' lang='lat' dir='ltr'><strong>quid</strong></span> <span class='ocrx_word' id='word_1_161' title='bbox 1913 2159 1984 2214; x_wconf 88' lang='lat' dir='ltr'><strong>sit</strong></span> <span class='ocrx_word' id='word_1_162' title='bbox 2018 2160 2120 2228; x_wconf 85' lang='grc' dir='ltr'><em>φύ-</em></span> 
     </span>
     <span class='ocr_line' id='line_1_23' title="bbox 123 2244 2121 2317; baseline 0 -13"><span class='ocrx_word' id='word_1_163' title='bbox 123 2273 223 2313; x_wconf 87' lang='grc' dir='ltr'><strong>σας</strong></span> <span class='ocrx_word' id='word_1_164' title='bbox 256 2247 456 2316; x_wconf 68' lang='grc' dir='ltr'><em>πτερά,</em></span> <span class='ocrx_word' id='word_1_165' title='bbox 494 2246 732 2311; x_wconf 81' lang='grc' dir='ltr'><em>ὀδόντας,</em></span> <span class='ocrx_word' id='word_1_166' title='bbox 777 2248 1032 2312; x_wconf 81' lang='grc' dir='ltr'><em>πώγωνα,</em></span> <span class='ocrx_word' id='word_1_167' title='bbox 1073 2244 1203 2317; x_wconf 87' lang='lat' dir='ltr'><strong>quid</strong></span> <span class='ocrx_word' id='word_1_168' title='bbox 1237 2250 1348 2300; x_wconf 81' lang='grc' dir='ltr'><em>νοῦν</em></span> <span class='ocrx_word' id='word_1_169' title='bbox 1383 2246 1563 2316; x_wconf 80' lang='grc' dir='ltr'><em>φύσας</em></span> <span class='ocrx_word' id='word_1_170' title='bbox 1599 2253 1650 2302; x_wconf 77' lang='lat' dir='ltr'><strong>et</strong></span> <span class='ocrx_word' id='word_1_171' title='bbox 1688 2247 1887 2302; x_wconf 84' lang='lat' dir='ltr'><strong>similia</strong></span> <span class='ocrx_word' id='word_1_172' title='bbox 1922 2247 2121 2304; x_wconf 85' lang='lat' dir='ltr'><strong>multa:</strong></span> 
     </span>
     <span class='ocr_line' id='line_1_24' title="bbox 122 2333 2121 2413; baseline -0.001 -19"><span class='ocrx_word' id='word_1_173' title='bbox 122 2338 254 2413; x_wconf 88' lang='lat' dir='ltr'><strong>qnid</strong></span> <span class='ocrx_word' id='word_1_174' title='bbox 293 2338 394 2391; x_wconf 90' lang='lat' dir='ltr'><strong>sibi</strong></span> <span class='ocrx_word' id='word_1_175' title='bbox 430 2336 560 2391; x_wconf 89' lang='lat' dir='ltr'><strong>velit</strong></span> <span class='ocrx_word' id='word_1_176' title='bbox 596 2336 649 2389; x_wconf 91' lang='lat' dir='ltr'><strong>in</strong></span> <span class='ocrx_word' id='word_1_177' title='bbox 687 2334 776 2389; x_wconf 84' lang='lat' dir='ltr'><strong>ino</strong></span> <span class='ocrx_word' id='word_1_178' title='bbox 804 2351 966 2389; x_wconf 91' lang='lat' dir='ltr'><strong>versu</strong></span> <span class='ocrx_word' id='word_1_179' title='bbox 999 2334 1179 2402; x_wconf 84' lang='grc' dir='ltr'><em>φύσας</em></span> <span class='ocrx_word' id='word_1_180' title='bbox 1218 2333 1391 2388; x_wconf 92' lang='lat' dir='ltr'><strong>solum</strong></span> <span class='ocrx_word' id='word_1_181' title='bbox 1425 2336 1526 2390; x_wconf 78' lang='grc' dir='ltr'><em>οὐδ’</em></span> <span class='ocrx_word' id='word_1_182' title='bbox 1560 2335 1624 2390; x_wconf 74' lang='grc' dir='ltr'><em>ἂν</em></span> <span class='ocrx_word' id='word_1_183' title='bbox 1657 2335 1906 2392; x_wconf 79' lang='grc' dir='ltr'><em>οὶπόλλων</em></span> <span class='ocrx_word' id='word_1_184' title='bbox 1940 2338 2121 2404; x_wconf 76' lang='grc' dir='ltr'><em>μοέθοι,</em></span> 
     </span>
     <span class='ocr_line' id='line_1_25' title="bbox 124 2421 2123 2500; baseline -0.002 -16"><span class='ocrx_word' id='word_1_185' title='bbox 124 2436 186 2483; x_wconf 84' lang='lat' dir='ltr'><strong>ut</strong></span> <span class='ocrx_word' id='word_1_186' title='bbox 221 2426 363 2500; x_wconf 90' lang='lat' dir='ltr'><strong>apud</strong></span> <span class='ocrx_word' id='word_1_187' title='bbox 398 2425 673 2480; x_wconf 89' lang='lat' dir='ltr'><strong>Comicum</strong></span> <span class='ocrx_word' id='word_1_188' title='bbox 713 2423 930 2478; x_wconf 84' lang='lat' dir='ltr'><strong>dicitur.</strong></span> <span class='ocrx_word' id='word_1_189' title='bbox 1011 2421 1154 2475; x_wconf 81' lang='lat' dir='ltr'><strong>Nihil</strong></span> <span class='ocrx_word' id='word_1_190' title='bbox 1189 2428 1371 2478; x_wconf 88' lang='lat' dir='ltr'><strong>autem</strong></span> <span class='ocrx_word' id='word_1_191' title='bbox 1410 2431 1726 2496; x_wconf 89' lang='lat' dir='ltr'><strong>corruptum</strong></span> <span class='ocrx_word' id='word_1_192' title='bbox 1763 2441 1879 2479; x_wconf 88' lang='lat' dir='ltr'><strong>esse</strong></span> <span class='ocrx_word' id='word_1_193' title='bbox 1909 2432 2123 2497; x_wconf 91' lang='lat' dir='ltr'><strong>praeter</strong></span> 
     </span>
     <span class='ocr_line' id='line_1_26' title="bbox 124 2510 2120 2586; baseline -0.002 -15"><span class='ocrx_word' id='word_1_194' title='bbox 124 2518 304 2586; x_wconf 80' lang='grc' dir='ltr'><em>φήσας</em></span> <span class='ocrx_word' id='word_1_195' title='bbox 337 2519 584 2586; x_wconf 88' lang='lat' dir='ltr'><strong>apparet:</strong></span> <span class='ocrx_word' id='word_1_196' title='bbox 628 2513 736 2567; x_wconf 88' lang='lat' dir='ltr'><strong>iam</strong></span> <span class='ocrx_word' id='word_1_197' title='bbox 773 2528 899 2566; x_wconf 88' lang='lat' dir='ltr'><strong>vero</strong></span> <span class='ocrx_word' id='word_1_198' title='bbox 933 2510 1055 2581; x_wconf 88' lang='lat' dir='ltr'><strong>quis</strong></span> <span class='ocrx_word' id='word_1_199' title='bbox 1094 2516 1199 2573; x_wconf 91' lang='lat' dir='ltr'><strong>est,</strong></span> <span class='ocrx_word' id='word_1_200' title='bbox 1241 2511 1333 2582; x_wconf 89' lang='lat' dir='ltr'><strong>qui</strong></span> <span class='ocrx_word' id='word_1_201' title='bbox 1376 2528 1439 2566; x_wconf 86' lang='lat' dir='ltr'><strong>ex</strong></span> <span class='ocrx_word' id='word_1_202' title='bbox 1476 2511 1628 2585; x_wconf 89' lang='lat' dir='ltr'><strong>copia</strong></span> <span class='ocrx_word' id='word_1_203' title='bbox 1667 2512 1844 2569; x_wconf 85' lang='lat' dir='ltr'><strong>facere</strong></span> <span class='ocrx_word' id='word_1_204' title='bbox 1885 2512 2120 2585; x_wconf 86' lang='lat' dir='ltr'><strong>inopiam</strong></span> 
     </span>
     <span class='ocr_line' id='line_1_27' title="bbox 125 2598 2122 2678; baseline -0.001 -20"><span class='ocrx_word' id='word_1_205' title='bbox 125 2603 331 2678; x_wconf 80' lang='lat' dir='ltr'><strong>possit?</strong></span> <span class='ocrx_word' id='word_1_206' title='bbox 375 2618 566 2672; x_wconf 88' lang='lat' dir='ltr'><strong>nempe</strong></span> <span class='ocrx_word' id='word_1_207' title='bbox 597 2601 673 2663; x_wconf 91' lang='lat' dir='ltr'><strong>is,</strong></span> <span class='ocrx_word' id='word_1_208' title='bbox 718 2616 879 2672; x_wconf 83' lang='lat' dir='ltr'><strong>quem</strong></span> <span class='ocrx_word' id='word_1_209' title='bbox 920 2598 1062 2671; x_wconf 90' lang='lat' dir='ltr'><strong>apud</strong></span> <span class='ocrx_word' id='word_1_210' title='bbox 1099 2599 1512 2670; x_wconf 86' lang='lat' dir='ltr'><strong>Aristophanem</strong></span> <span class='ocrx_word' id='word_1_211' title='bbox 1547 2601 1800 2659; x_wconf 87' lang='lat' dir='ltr'><strong>audimus</strong></span> <span class='ocrx_word' id='word_1_212' title='bbox 1832 2601 1886 2654; x_wconf 91' lang='lat' dir='ltr'><strong>in</strong></span> <span class='ocrx_word' id='word_1_213' title='bbox 1923 2601 2122 2656; x_wconf 88' lang='lat' dir='ltr'><strong>Achar-</strong></span> 
     </span>
     <span class='ocr_line' id='line_1_28' title="bbox 125 2689 950 2748; baseline -0.008 0"><span class='ocrx_word' id='word_1_214' title='bbox 125 2691 380 2748; x_wconf 90' lang='lat' dir='ltr'><strong>nensibus</strong></span> <span class='ocrx_word' id='word_1_215' title='bbox 413 2689 681 2744; x_wconf 83' lang='lat' dir='ltr'><strong>dicentem</strong></span> <span class='ocrx_word' id='word_1_216' title='bbox 721 2706 797 2742; x_wconf 88' lang='lat' dir='ltr'><strong>vs.</strong></span> <span class='ocrx_word' id='word_1_217' title='bbox 823 2692 950 2743; x_wconf 87' lang='grc'><strong>819.</strong></span> 
     </span>
     <span class='ocr_line' id='line_1_29' title="bbox 500 2777 1568 2846; baseline 0 -15"><span class='ocrx_word' id='word_1_218' title='bbox 500 2778 575 2831; x_wconf 73' lang='grc' dir='ltr'><em>τοὶ</em></span> <span class='ocrx_word' id='word_1_219' title='bbox 614 2777 839 2845; x_wconf 76' lang='grc' dir='ltr'><em>χοιρίδια</em></span> <span class='ocrx_word' id='word_1_220' title='bbox 876 2777 1042 2831; x_wconf 88' lang='grc' dir='ltr'><em>τοίνυν</em></span> <span class='ocrx_word' id='word_1_221' title='bbox 1082 2778 1185 2842; x_wconf 84' lang='grc' dir='ltr'><strong>ἐγὼ</strong></span> <span class='ocrx_word' id='word_1_222' title='bbox 1223 2777 1394 2846; x_wconf 85' lang='grc' dir='ltr'><em>φαίνω</em></span> <span class='ocrx_word' id='word_1_223' title='bbox 1430 2777 1568 2831; x_wconf 87' lang='grc' dir='ltr'><em>ταδί.</em></span> 
     </span>
     <span class='ocr_line' id='line_1_30' title="bbox 130 2865 1478 2943; baseline -0.004 -20"><span class='ocrx_word' id='word_1_224' title='bbox 130 2870 275 2943; x_wconf 88' lang='lat' dir='ltr'><strong>(nam</strong></span> <span class='ocrx_word' id='word_1_225' title='bbox 313 2868 391 2922; x_wconf 87' lang='lat' dir='ltr'><strong>sic</strong></span> <span class='ocrx_word' id='word_1_226' title='bbox 430 2865 749 2938; x_wconf 86' lang='lat' dir='ltr'><strong>legendum,</strong></span> <span class='ocrx_word' id='word_1_227' title='bbox 790 2881 895 2919; x_wconf 87' lang='lat' dir='ltr'><strong>non</strong></span> <span class='ocrx_word' id='word_1_228' title='bbox 932 2865 1123 2938; x_wconf 85' lang='grc' dir='ltr'><em>φανῶ).</em></span> <span class='ocrx_word' id='word_1_229' title='bbox 1166 2871 1220 2920; x_wconf 81' lang='lat' dir='ltr'><strong>et</strong></span> <span class='ocrx_word' id='word_1_230' title='bbox 1261 2882 1337 2919; x_wconf 90' lang='lat' dir='ltr'><strong>vs.</strong></span> <span class='ocrx_word' id='word_1_231' title='bbox 1375 2868 1478 2919; x_wconf 88' lang='grc'><strong>911</strong></span> 
     </span>
     <span class='ocr_line' id='line_1_31' title="bbox 504 2952 1690 3025; baseline -0.001 -17"><span class='ocrx_word' id='word_1_232' title='bbox 504 2956 606 3021; x_wconf 81' lang='grc' dir='ltr'><strong>ἐγὼ</strong></span> <span class='ocrx_word' id='word_1_233' title='bbox 646 2952 811 3009; x_wconf 84' lang='grc' dir='ltr'><em>τοίνυν</em></span> <span class='ocrx_word' id='word_1_234' title='bbox 850 2952 921 3007; x_wconf 79' lang='grc' dir='ltr'><strong>ὁδὶ</strong></span> <span class='ocrx_word' id='word_1_235' title='bbox 960 2952 967 3025; x_wconf 92' lang='grc' dir='ltr'>Ι</span> <span class='ocrx_word' id='word_1_236' title='bbox 1002 2953 1172 3022; x_wconf 89' lang='grc' dir='ltr'><em>φαίνω</em></span> <span class='ocrx_word' id='word_1_237' title='bbox 1213 2952 1446 3020; x_wconf 78' lang='grc' dir='ltr'><em>πολέμια</em></span> <span class='ocrx_word' id='word_1_238' title='bbox 1483 2956 1690 3009; x_wconf 79' lang='grc' dir='ltr'><em>ταῦτα.</em></span> 
     </span>
     <span class='ocr_line' id='line_1_32' title="bbox 126 3039 2122 3117; baseline -0.002 -17"><span class='ocrx_word' id='word_1_239' title='bbox 126 3045 217 3100; x_wconf 83' lang='lat' dir='ltr'><strong>isti</strong></span> <span class='ocrx_word' id='word_1_240' title='bbox 257 3044 576 3117; x_wconf 86' lang='lat' dir='ltr'><strong>nequissimi</strong></span> <span class='ocrx_word' id='word_1_241' title='bbox 629 3041 996 3117; x_wconf 78' lang='lat' dir='ltr'><strong>sycophantae</strong></span> <span class='ocrx_word' id='word_1_242' title='bbox 1035 3041 1318 3113; x_wconf 89' lang='lat' dir='ltr'><strong>penuriam</strong></span> <span class='ocrx_word' id='word_1_243' title='bbox 1358 3047 1414 3097; x_wconf 93' lang='lat' dir='ltr'><strong>et</strong></span> <span class='ocrx_word' id='word_1_244' title='bbox 1453 3039 1651 3097; x_wconf 86' lang='lat' dir='ltr'><strong>famem</strong></span> <span class='ocrx_word' id='word_1_245' title='bbox 1692 3039 1960 3099; x_wconf 83' lang='lat' dir='ltr'><strong>faciebant</strong></span> <span class='ocrx_word' id='word_1_246' title='bbox 2000 3043 2122 3108; x_wconf 91' lang='lat' dir='ltr'><strong>soli,</strong></span> 
     </span>
     <span class='ocr_line' id='line_1_33' title="bbox 127 3127 1170 3203; baseline -0.005 -15"><span class='ocrx_word' id='word_1_247' title='bbox 127 3132 341 3189; x_wconf 81' lang='lat' dir='ltr'><strong>etiamsi</strong></span> <span class='ocrx_word' id='word_1_248' title='bbox 379 3130 620 3203; x_wconf 88' lang='lat' dir='ltr'><strong>undique</strong></span> <span class='ocrx_word' id='word_1_249' title='bbox 656 3145 868 3186; x_wconf 89' lang='lat' dir='ltr'><strong>annona</strong></span> <span class='ocrx_word' id='word_1_250' title='bbox 908 3127 1170 3184; x_wconf 87' lang='lat' dir='ltr'><strong>afflueret.</strong></span> 
     </span>
     <span class='ocr_line' id='line_1_34' title="bbox 506 3217 1453 3286; baseline -0.002 -12"><span class='ocrx_word' id='word_1_251' title='bbox 506 3220 555 3274; x_wconf 75' lang='grc' dir='ltr'><strong>εἷ</strong></span> <span class='ocrx_word' id='word_1_252' title='bbox 590 3239 689 3274; x_wconf 89' lang='grc' dir='ltr'><em>που</em></span> <span class='ocrx_word' id='word_1_253' title='bbox 726 3218 898 3274; x_wconf 86' lang='grc' dir='ltr'><em>σίκυον</em></span> <span class='ocrx_word' id='word_1_254' title='bbox 937 3217 1086 3272; x_wconf 78' lang='grc' dir='ltr'><em>ἴδοιεν</em></span> <span class='ocrx_word' id='word_1_255' title='bbox 1127 3218 1155 3281; x_wconf 78' lang='grc' dir='ltr'>ἢ</span> <span class='ocrx_word' id='word_1_256' title='bbox 1197 3217 1453 3286; x_wconf 77' lang='grc' dir='ltr'><em>λαγῴδιον</em></span> 
     </span>
     <span class='ocr_line' id='line_1_35' title="bbox 506 3304 1703 3376; baseline -0.001 -14"><span class='ocrx_word' id='word_1_257' title='bbox 506 3311 535 3373; x_wconf 74' lang='grc' dir='ltr'>ἢ</span> <span class='ocrx_word' id='word_1_258' title='bbox 576 3307 812 3376; x_wconf 84' lang='grc' dir='ltr'><em>χοιρίδιον</em></span> <span class='ocrx_word' id='word_1_259' title='bbox 853 3307 879 3370; x_wconf 73' lang='grc' dir='ltr'>ἢ</span> <span class='ocrx_word' id='word_1_260' title='bbox 918 3305 1146 3374; x_wconf 82' lang='grc' dir='ltr'><em>σκόροδον</em></span> <span class='ocrx_word' id='word_1_261' title='bbox 1187 3307 1215 3370; x_wconf 76' lang='grc' dir='ltr'>ἢ</span> <span class='ocrx_word' id='word_1_262' title='bbox 1254 3305 1496 3375; x_wconf 83' lang='grc' dir='ltr'><em>χόνδρους</em></span> <span class='ocrx_word' id='word_1_263' title='bbox 1537 3304 1703 3372; x_wconf 70' lang='grc' dir='ltr'><em>ἅλας,</em></span> 
     </span>
     <span class='ocr_line' id='line_1_36' title="bbox 506 3394 1771 3465; baseline -0.001 -14"><span class='ocrx_word' id='word_1_264' title='bbox 506 3399 661 3451; x_wconf 82' lang='grc' dir='ltr'><em>ταῦτ’</em></span> <span class='ocrx_word' id='word_1_265' title='bbox 697 3395 755 3461; x_wconf 74' lang='grc' dir='ltr'><em>ἦν</em></span> <span class='ocrx_word' id='word_1_266' title='bbox 790 3395 1077 3465; x_wconf 67' lang='grc' dir='ltr'><em>Μεγαρικὰ</em></span> <span class='ocrx_word' id='word_1_267' title='bbox 1119 3394 1420 3463; x_wconf 69' lang='grc' dir='ltr'><em>κάπέπρατ’</em></span> <span class='ocrx_word' id='word_1_268' title='bbox 1460 3395 1771 3464; x_wconf 79' lang='grc' dir='ltr'><em>αὐθημερόν.</em></span> 
     </span>
     <span class='ocr_line' id='line_1_37' title="bbox 130 3481 2120 3557; baseline -0.004 -15"><span class='ocrx_word' id='word_1_269' title='bbox 130 3484 359 3542; x_wconf 80' lang='lat' dir='ltr'><strong>Acharn.</strong></span> <span class='ocrx_word' id='word_1_270' title='bbox 403 3489 512 3541; x_wconf 77' lang='lat'><strong>520</strong></span> <span class='ocrx_word' id='word_1_271' title='bbox 552 3501 666 3557; x_wconf 88' lang='lat' dir='ltr'><strong>sqq.</strong></span> <span class='ocrx_word' id='word_1_272' title='bbox 732 3484 922 3557; x_wconf 88' lang='lat' dir='ltr'><strong>Itaque</strong></span> <span class='ocrx_word' id='word_1_273' title='bbox 956 3482 1409 3557; x_wconf 86' lang='lat' dir='ltr'><strong>quemadmodum</strong></span> <span class='ocrx_word' id='word_1_274' title='bbox 1452 3483 1839 3557; x_wconf 87' lang='lat' dir='ltr'><strong>Aristophanes</strong></span> <span class='ocrx_word' id='word_1_275' title='bbox 1882 3481 2007 3537; x_wconf 86' lang='lat' dir='ltr'><strong>ibid.</strong></span> <span class='ocrx_word' id='word_1_276' title='bbox 2045 3498 2120 3536; x_wconf 91' lang='lat' dir='ltr'><strong>vs.</strong></span> 
     </span>
     <span class='ocr_line' id='line_1_38' title="bbox 134 3572 437 3629; baseline 0.003 -1"><span class='ocrx_word' id='word_1_277' title='bbox 134 3578 235 3629; x_wconf 77' lang='lat'><strong>541</strong></span> <span class='ocrx_word' id='word_1_278' title='bbox 282 3572 437 3629; x_wconf 81' lang='lat' dir='ltr'><strong>dixit:</strong></span> 
     </span>
    </p>
   </div>
   <div class='ocr_carea' id='block_1_3' title="bbox 1763 3659 1822 3694">
    <p class='ocr_par' dir='ltr' id='par_1_3' title="bbox 1763 3659 1822 3694">
     <span class='ocr_line' id='line_1_39' title="bbox 1763 3659 1822 3694; baseline 0 -18"><span class='ocrx_word' id='word_1_279' title='bbox 1763 3659 1822 3694; x_wconf 57' lang='grc' dir='ltr'><strong>ιθ</strong></span> 
     </span>
    </p>
   </div>
  </div>
 </body>
</html>
