2436 4068
1025 181 1130 231 763

75 346 231 401 saepe
281 329 537 383 dicuntur
586 330 815 381 ἐκλιπεῖν
871 329 962 387 τὴν
1013 324 1194 388 πόλιν,
1250 331 1302 378 et
1353 323 1492 396 apud
1543 322 1913 396 Thucydidem
1967 331 2047 377 est

0 453 1 470 ι
77 420 118 472 1.
166 422 304 472 115:
362 420 453 479 τὴν
495 416 734 469 Βοιωτίαν
787 412 1103 477 ἐξέλιπον
1154 414 1407 474 Ἀθηναῖοι
1448 415 1662 474 πᾶσαν,
1711 418 1763 465 et
1814 412 1868 464 in
1911 411 2046 464 Ana-

74 507 189 562 basi
225 505 266 559 Ι.
308 522 362 558 11.
406 507 510 557 24:
564 504 760 564 ταύτην
807 505 898 564 τὴν
938 502 1086 555 πόλιν
1139 499 1456 563 ἐξέλιπον
1503 502 1545 555 οἱ
1598 501 1935 562 ἐνοικοῦντες,
1998 506 2052 552 el:

24 589 30 600 ’
76 610 261 648 omnes
302 600 410 646 tam
454 606 609 662 saepe
650 591 723 643 ita
766 590 1089 660 loquuntur,
1144 595 1203 641 ut
1255 589 1622 659 unusquisque
1662 587 1822 641 verba
1859 589 1901 640 οἱ
1944 595 2050 641 Φω-

77 690 171 745 κῆς
215 679 448 744 ἐξέλιπον
485 680 543 732 τὸ
588 677 715 744 ἱερόν
755 695 858 730 non
917 677 1073 730 aliter
1131 692 1291 746 quam
1346 677 1423 730 sic
1464 677 1634 747 accipi
1678 691 1827 746 posse
1865 674 2056 728 debeat

24 784 26 787 ’
78 770 316 832 sentire,
359 775 419 820 ut
455 766 753 820 Phocenses
794 765 990 835 templo
1028 763 1312 834 Delphico,
1363 780 1530 833 quum
1581 763 1633 817 id
1677 764 1910 817 retinere
1950 779 2055 816 non

0 875 3 888 ’
76 858 408 930 potuissent,
462 855 752 909 excessisse
788 852 1174 923 intelligantur.
1257 853 1322 904 Οἱ
1366 859 1541 914 Φωκῆς
1597 852 1654 904 τὸ
1711 851 1835 917 ἱερὸν
1892 871 2056 905 κατα-

76 945 335 1011 λαβόντες
389 939 509 997 εἶτα
567 945 621 996 οὐ
668 941 934 1005 δυνάμενοι
992 939 1241 1005 κατέχειν
1296 937 1544 1000 ἐξέλιπον.
1645 938 1783 992 Tum
1838 955 1960 993 vero
2013 941 2055 993 οἱ

0 1036 26 1064 ¹⁸
80 1034 304 1098 Θηβαῖοι
365 1030 670 1085 ἐκλιπόντων
727 1028 935 1083 Φωκέων
990 1028 1047 1081 τὸ
1106 1027 1231 1093 ἱερὸν
1271 1024 1713 1091 καταλαμβάνειν
1776 1027 2056 1093 ἐπειρῶντο.

17 1135 30 1153 ⁷
79 1120 175 1176 nto
213 1120 380 1190 igitur
417 1120 530 1190 ipso
572 1126 809 1188 tempore
849 1114 1116 1170 scribebat
1155 1114 1283 1168 haec
1325 1113 1645 1184 Xenophon,
1687 1120 1740 1167 et
1774 1113 2061 1168 Athenien·

79 1225 166 1263 ses
202 1207 520 1262 adhortatur
576 1213 637 1259 ιιι
679 1203 1032 1275 legationibus
1069 1218 1164 1274 per
1213 1201 1488 1256 Graeciam
1541 1201 1724 1254 missis
1778 1201 2057 1255 oraculum

81 1294 398 1367 Delphicum
442 1293 715 1348 vindicent
767 1293 822 1345 in
860 1290 1195 1345 libertatem:
1250 1287 1382 1351 ὅπως
1436 1291 1494 1344 τὸ
1548 1290 1600 1342 ἐν
1656 1294 1888 1356 Δελφοῖς
1935 1291 2062 1356 ἱερὸν

15 1397 21 1445 3
80 1385 359 1448 αὐτόνομον
422 1382 589 1449 ὥσπερ
647 1381 856 1448 πρόσθεν
916 1379 1111 1444 γένοιτο
1152 1409 1225 1418 -—-
1264 1379 1336 1443 μὴ
1400 1381 1855 1443 συμπολεμοῦντες
1913 1379 2063 1432 ἄλλο),

16 1532 25 1546 ‚
81 1473 450 1541 πρεσβεύοντες
488 1470 591 1523 ἀνὰ
649 1470 741 1530 τὴν
782 1467 1036 1539 Ἑλλάδα.
1118 1465 1266 1533 Quod
1309 1465 1440 1520 dicit
1480 1466 1553 1531 μὴ
1603 1471 2061 1534 συμπολεμοῦντες

80 1560 415 1615 demonstrat
447 1558 536 1611 illo
575 1563 814 1628 tempore
849 1555 1043 1609 bellum
1082 1554 1188 1607 iam
1227 1555 1393 1626 fuisse
1433 1561 1527 1608 aut.
1561 1560 1707 1608 certe
1738 1555 1959 1626 parari,
2006 1555 2062 1606 in

16 1646 19 1651 ’
83 1650 240 1704 cuius
291 1646 415 1702 belli
476 1646 784 1700 societatem
844 1660 909 1698 ne
963 1643 1179 1696 veniant
1220 1659 1351 1696 neve
1408 1658 1557 1696 arma
1614 1658 1738 1695 cum
1788 1640 2065 1695 alterutris

83 1736 394 1791 consocient
432 1733 783 1788 Athenienses
824 1731 1158 1785 dehortatur.
1241 1729 1518 1796 Quodnam
1558 1729 1775 1784 tandem
1820 1729 1930 1783 hocv
1960 1728 2066 1783 bel·

85 1825 200 1879 lum
240 1822 406 1877 fuisse
457 1821 735 1875 dicamus?
815 1819 1111 1875 Gerebatur
1145 1816 1278 1878 ὅπως
1318 1819 1377 1872 τὸ
1423 1819 1473 1872 ἐν
1518 1824 1751 1887 Δελφοῖς
1804 1818 1928 1886 ἱερὸν
1973 1820 2063 1871 αὐ·

0 1925 2 1966 ἔ
84 1912 292 1976 τόνομον
349 1910 563 1975 γένοιτο.
638 1907 955 1963 ‘Gerebatur
1008 1910 1104 1960 τῶν
1164 1907 1371 1960 Φωκέων
1432 1905 1740 1960 ἐκλιπόντων
1799 1908 1859 1961 τὸ
1918 1907 2061 1973 ἱερόν.

84 2000 380 2056 Gerebatur
429 1999 613 2053 statim
652 2004 770 2068 post
812 2012 995 2067 pacem
1042 1994 1107 2048 ab
1163 1993 1577 2048 Atheniensibus
1617 1995 1963 2065 compositam
2012 2001 2066 2048 et

88 2096 336 2162 pacatum
380 2103 546 2141 mare.
627 2084 879 2139 Adversis
931 2082 1195 2137 frontibus
1236 2082 1367 2137 haec
1419 2089 1752 2137 concurrunt
1805 2099 1926 2136 cum
1970 2083 2064 2145 iis,

85 2194 224 2249 quae
283 2175 348 2231 de
403 2174 539 2229 bello
594 2190 745 2227 sacro
803 2172 1057 2227 Phocensi
1113 2177 1360 2225 constant
1413 2171 1555 2225 inter
1602 2187 1802 2224 omnes,
1895 2170 2066 2224 Causa

88 2264 209 2320 betti
253 2262 351 2318 suit
393 2266 421 2326 ἦ
462 2267 551 2317 τοῦ
593 2263 643 2315 ἐν
684 2266 916 2329 Δελφοῖς
965 2262 1092 2327 ἱεροῦ
1148 2259 1245 2314 ὑπὸ
1288 2261 1580 2324 Φιλομήλου
1631 2258 1935 2326 κατάληψις
1987 2257 2063 2311 id-

84 2369 190 2425 que
242 2351 443 2406 sactum
505 2355 585 2404 est
644 2349 728 2403 ἐπὶ
788 2348 1151 2416 Καλλιςρατου
1206 2346 1414 2420 Olymp.
1453 2348 1580 2403 CVI.
1638 2351 1688 2402 2.
1760 2365 1898 2402 anuo
1964 2365 2064 2401 uno

86 2447 368 2514 postquam
423 2438 551 2493 baec
613 2438 815 2509 scripta
873 2445 1021 2492 sunt.
1119 2437 1303 2491 Dicam
1362 2436 1489 2508 quid
1551 2437 1683 2490 mihi
1744 2437 1949 2490 venerit
2005 2436 2061 2488 in

87 2537 357 2593 mentem,
399 2526 539 2582 unde
583 2524 712 2580 haec
763 2526 904 2580 inter
963 2543 1078 2580 sese
1126 2525 1373 2579 desinant
1421 2542 1657 2597 pugnare
1698 2524 1886 2580 videri.
1970 2524 2065 2578 Fa·

25 2623 33 2639 ”
87 2619 229 2673 ciam
270 2615 322 2671 id
364 2614 503 2690 quod
546 2613 813 2686 appellant
853 2613 1178 2668 Graecorum
1221 2615 1513 2667 astronomi
1569 2613 1741 2681 σώζειν
1780 2614 1850 2668 τὰ
1884 2612 2065 2681 φαινό-

87 2727 258 2773 μενα,
317 2703 371 2758 id
424 2711 504 2758 est
553 2701 862 2773 excogitabo
911 2718 1126 2756 causam
1170 2700 1532 2773 probabilem,
1588 2718 1748 2773 quam
1799 2702 1843 2755 si
1883 2717 2064 2755 veram

89 2810 206 2850 esse
241 2794 534 2853 sumseris‚
577 2807 762 2845 earum
812 2806 994 2844 rerum
1035 2790 1308 2854 omnium,
1348 2807 1482 2862 quas
1538 2807 1690 2845 veras
1748 2807 1863 2845 esse
1922 2807 2062 2844 com·

90 2890 303 2956 pertum
341 2881 440 2944 sit,
481 2880 619 2933 ratio
647 2877 943 2940 constabit,
985 2885 1039 2932 et
1079 2894 1214 2949 quae
1255 2894 1397 2933 nunc
1435 2895 1675 2951 pugnare
1715 2878 1967 2933 videntur
2009 2878 2063 2932 in

30 3007 35 3012 -
88 2969 428 3028 concordiam
471 2967 801 3038 redigentur.
882 2965 1084 3021 Deinde
1138 2964 1190 3020 id
1245 2966 1421 3038 ipsum
1477 2966 1670 3023 efficiet
1716 2974 1774 3022 ut
1829 2966 1882 3020 id
1924 2966 2063 3037 quod

0 3059 2 3123 ᾖ
90 3059 352 3116 sumseris
392 3055 658 3129 probabile
696 3073 812 3110 esse
847 3054 1092 3109 videatur
1130 3062 1182 3110 et
1233 3071 1417 3110 verum
1473 3073 1590 3111 esse
1637 3072 1804 3128 posse.
1888 3055 1954 3109 Ut
1991 3056 2066 3108 ita

92 3146 394 3204 faciendum
438 3147 507 3200 sit
544 3153 597 3200 et
638 3153 698 3199 ut
746 3145 819 3198 ita
869 3142 1041 3198 facere
1079 3142 1234 3198 liceat
1275 3143 1489 3198 Diodori
1533 3143 1698 3198 Siculi
1741 3142 2065 3213 negligentia

91 3244 148 3293 et
188 3234 428 3291 socordia
478 3233 679 3288 sactum
737 3239 842 3297 cst,
903 3234 994 3303 qni
1049 3231 1112 3287 de
1149 3230 1280 3287 bello
1334 3232 1590 3286 Phocensi
1632 3238 1691 3285 ut
1731 3230 1795 3285 de
1836 3232 2062 3285 caeteris

91 3325 345 3381 historiae
390 3322 632 3395 partibus
676 3324 746 3376 ita
806 3321 1022 3385 scribit,
1078 3328 1136 3375 ut
1178 3321 1319 3375 veris
1379 3320 1510 3375 salsa
1562 3319 1855 3373 admisceat
1895 3326 1948 3373 et
1988 3326 2062 3374 te-

93 3415 281 3469 nuiora
319 3410 578 3484 quaedam
615 3427 872 3466 enarrans
907 3410 1226 3480 gravissima
1279 3408 1381 3464 alia
1430 3408 1643 3462 omittat
1674 3414 1727 3462 et
1759 3414 2060 3479 temporum

93 3502 327 3557 rationes
365 3500 659 3554 oscitanter
700 3496 1006 3554 confundat.
1086 3496 1374 3553 Ostendam
1431 3497 1664 3568 primum
1707 3511 1829 3550 enm
1878 3512 2061 3551 secum

92 3605 345 3662 pugnare.
428 3587 482 3641 Si
536 3602 694 3642 causa
751 3584 869 3640 belli
927 3584 1026 3640 l'uit
1068 3589 1095 3647 ἦ
1136 3590 1224 3640 τοῦ
1268 3588 1395 3651 ἱεροῦ
1453 3584 1786 3651 κατάληψις,
1849 3593 1907 3640 ιιι
1949 3587 2064 3639 sinc

1615 3675 1704 3709 52⁴
