2436 4068
1007 205 1109 255 2835

157 349 253 404 Est
294 349 347 400 iu
391 344 686 400 Heraclidis
725 346 911 410 locuS,
951 349 1045 418 qui
1085 364 1211 402 cum
1250 347 1717 420 Xenophonteoin
1763 346 2052 406 llellenicis

20 461 30 473 ·
82 435 409 507 compositus
442 435 793 489 inveteratam
826 435 1086 489 librorum
1119 435 1363 492 fraudem
1396 435 1631 506 deteget.
1710 435 1911 489 Ponam
1944 435 2058 506 pri-x

5 527 10 533 '
81 539 230 577 mum
283 521 650 592 Xenophontis
710 522 871 577 verba
926 539 990 577 ex
1042 523 1244 578 Hellen.
1281 523 1342 577 V.
1383 532 1439 578 ιἰ.
1482 529 1532 579 5.
1611 523 1973 582 Mantinenses
2017 539 2053 576 a

81 610 359 682 Spartanis
401 609 641 671 obsessi,
684 611 813 681 quia
860 611 1072 664 moenia
1119 611 1350 666 deiicere
1403 611 1691 678 uolebant,
1748 611 1826 668 ad·
1856 611 2057 669 incitas

4 700 40 742 ‘⁸
75 698 282 754 redacti
329 698 590 758 δείσαντες
628 701 701 763 μὴ
740 698 1027 765 δοριάλωτοι
1077 698 1300 762 γένοιντο
1351 699 1645 765 ὡμολόγουν
1693 700 2054 768 περιαιρήσειν.

23 782 33 802 “
76 788 120 841 οἱ
157 787 210 840 δὲ
248 785 644 851 Λακεδαιμόνιοι
693 789 783 840 οὐκ
834 784 1043 855 ἔφασαν
1094 787 1393 840 σπείσεσθαι
1446 790 1488 841 εἰ
1528 790 1601 854 μὴ
1655 789 1743 843 καὶ
1793 791 2051 844 διοικοῖντο

76 874 218 929 κατὰ
257 875 453 939 κώμας.
534 872 880 928 Manifestum
937 865 995 927 in
1042 873 1127 928 his
1181 875 1404 928 vitium·
1435 892 1539 929 non
1594 892 1714 933 uno·
1761 875 1917 938 modo
1951 874 2056 937 ‘dee

75 961 445 1035 prehenditur.
535 960 605 1015 Et
658 962 896 1032 primum
949 961 1167 1032 quidem
1228 963 1423 1018 διοικεῖν
1485 969 1540 1016 et
1599 964 1885 1018 διοικεῖσθαι
1945 979 2051 1016 non

75 1057 299 1123 possunt
339 1048 645 1119 significare
684 1049 737 1102 id
798 1049 939 1120 quod
992 1050 1078 1104 hic
1118 1050 1267 1105 locus
1320 1050 1572 1121 postulat.
1651 1051 1766 1104 Viri
1809 1051 1953 1105 docti
1995 1057 2060 1105 ut

75 1138 508 1193 demonstrarent
546 1139 746 1192 διοικεῖν
795 1155 914 1192 esse
958 1139 1172 1192 seorsim
1213 1139 1449 1192 habita-re
1502 1143 1850 1210 (quamquam
1893 1137 1947 1191 id
1988 1155 2055 1192 ex.

76 1242 135 1281 se
167 1233 470 1297 spectatum
511 1225 667 1297 plane
697 1225 991 1282 absurdum
1028 1234 1111 1281 est
1151 1233 1212 1281 ut
1249 1227 1406 1294 χωρὶς
1449 1227 1631 1290 οἰκεῖν,
1672 1225 1813 1298 quod
1864 1225 2053 1282 Graeci

76 1330 139 1369 eo
177 1331 341 1367 sensu
383 1314 564 1368 dicere
595 1314 858 1376 assolent,
901 1315 1098 1369 διοικεῖν
1132 1313 1404 1370 diceretur
1444 1321 1538 1374 aut
1572 1331 1796 1386 prorsus
1828 1313 2057 1368 barbare

74 1402 388 1475 διοικεῖσθαι)
450 1401 684 1457 afferunt
734 1401 912 1456 locum
973 1401 1210 1459 Platonis
1263 1404 1317 1459 in
1373 1403 1590 1463 Timaeo
1638 1421 1689 1474 p.
1732 1407 1799 1458 19
1840 1403 1938 1457 E
1962 1401 2057 1455 uhi

26 1526 29 1531 -
75 1491 136 1545 τὸ
172 1494 271 1544 τῶν
309 1494 533 1558 σοφιςῶν
567 1490 714 1555 γένος
750 1489 953 1544 dicitur
992 1507 1110 1546 esse
1150 1490 1343 1559 ἄςοχον
1377 1489 1497 1557 ἅμα
1527 1491 1830 1560 φιλοσόφων
1867 1491 2062 1557 ἀνδρῶν,

76 1579 164 1633 καὶ
203 1584 475 1633 πολιτικῶν
515 1576 613 1633 ἅτε
649 1580 910 1641 πλανητὸν
951 1579 1002 1632 ὃν
1041 1580 1184 1635 κατὰ
1221 1579 1399 1641 πόλεις
1450 1581 1669 1643 οἰκήσεις
1702 1600 1763 1641 τε
1799 1579 1938 1640 ἰδίοις
1976 1580 2055 1642 ,οὐό

76 1667 219 1735 δαμῇ
255 1667 526 1735 διῳκηκός,
566 1666 661 1721 sed
703 1672 790 1740 (ne
823 1666 1000 1721 dicam
1041 1666 1327 1722 ridiculam
1367 1680 1485 1725 esse
1524 1667 1662 1722 hanc
1703 1668 2058 1732 sententiam,

77 1754 220 1828 quod
272 1755 555 1827 Sophistae
606 1753 892 1820 dicantur,
951 1755 1078 1826 quia
1123 1772 1421 1827 numquam
1474 1757 1717 1827 proprias
1771 1755 1924 1818 sedes
1977 1744 2063 1811 vel

79 1842 350 1898 domicilia
390 1842 677 1896 habuerint
727 1849 1006 1914 propterea
1045 1844 1093 1899 ei
1134 1845 1212 1899 rei
1263 1844 1437 1898 idonei
1493 1861 1595 1899 non
1651 1861 1806 1907 esse,
1867 1851 1924 1899 et
1979 1845 2058 1899 sic

78 1933 277 1987 διοικεῖν
319 1930 474 2003 plane
522 1930 664 1985 idem
715 1947 832 1986 esse
885 1938 1044 2002 atque
1083 1931 1272 2005 οἰκεῖν.)
1327 1932 1450 1987 luce
1490 1932 1690 1987 clarius
1733 1938 1815 1987 est
1861 1933 2061 1990 διοικεῖν

79 2021 211 2082 ἰδίας
262 2021 479 2083 οἰκήσεις
531 2017 630 2073 hoc
683 2036 895 2091 quoque
940 2018 1054 2074 loeo
1105 2019 1247 2075 idem
1302 2020 1441 2092 quod
1487 2036 1700 2092 semper
1751 2020 2060 2091 significare

82 2107 484 2171 administrare,
543 2106 818 2171 ordinare,
876 2125 1086 2177 reyere,
1144 2115 1206 2163 ut
1264 2109 1319 2162 in
1373 2108 1568 2180 Gorgia
1628 2124 1680 2179 p.
1716 2110 1827 2163 520
1865 2109 1927 2164 Ε.
1966 2111 2067 2173 τὴν.

79 2198 272 2251 ἑαυτοῦ
298 2196 460 2250 οἰκίαιν
498 2196 696 2250 διοικεῖν
718 2236 732 2258 ,
785 2200 838 2249 et
877 2194 1004 2249 alibi
1044 2197 1264 2267 passim.
1347 2196 1507 2251 Peius
1561 2197 1725 2258 etiam
1779 2201 1862 2261 est
1917 2196 2063 2267 quod

75 2284 366 2339 διοικεῖσθαι
414 2282 597 2338 eodem
656 2299 819 2338 sensu
870 2300 968 2355 pro
1022 2284 1217 2340 διοικεῖν
1266 2291 1460 2356 putant
1514 2283 1623 2339 dici
1663 2300 1853 2355 posse,
1913 2283 2062 2346 hunc,

75 2371 256 2444 ipsum
289 2371 465 2427 locum
506 2370 875 2443 Xenophontis
906 2369 1191 2428 afferentes
1213 2373 1408 2444 ‚quod
1448 2389 1616 2444 quum
1659 2372 1718 2428 G.
1748 2371 2066 2430 Dindorfius·

76 2457 278 2515 faceret
332 2461 387 2514 in
443 2459 701 2532 Stephani
749 2459 1063 2525 Thesaur0‚
1119 2477 1184 2516 ex
1236 2461 1419 2516 nescio
1466 2478 1572 2533 quo
1621 2460 1803 2516 Irenes
1857 2462 2061 2536 Typico

23 2623 26 2627 ἢ
76 2545 255 2603 locum
294 2547 502 2603 addidit
535 2565 696 2620 quem
729 2547 947 2604 difficile
972 2555 1055 2604 est
1091 2550 1210 2605 sine
1248 2550 1366 2605 risu
1397 2548 1589 2621 legere.
1670 2547 1802 2616 Quis
1840 2549 2060 2617 tandem

0 2651 27 2721 f,
78 2636 334 2708 purgabit
372 2638 625 2708 antiquae
670 2635 986 2709 philologiae
1027 2637 1206 2692 studia
1249 2637 1372 2692 istis
1412 2636 1663 2691 sordibus
1716 2643 1769 2692 ct
1821 2638 2063 2710 quisqui-

0 2731 28 2902 'fi

79 2722 169 2780 liis
189 2724 572 2798 desipientium
610 2724 1030 2781 Graeculorum?
1072 2725 1180 2780 Cur
1218 2726 1578 2797 Antiquorum
1615 2725 1901 2781 sanitatem
1935 2726 2060 2781 isto-

78 2827 201 2867 rum
239 2814 486 2885 ineptiis,
526 2813 723 2885 quihus
763 2812 897 2868 nihil
935 2830 1192 2885 umquam
1233 2814 1497 2886 scriptum
1538 2819 1620 2867 est
1656 2811 1893 2876 socdiuS‚
1938 2810 2060 2869 con-

0 2913 5 2973 ι
75 2902 407 2957 taminamus
463 2910 517 2957 et
564 2902 882 2973 perdimus?
964 2901 1066 2957 Sed
1105 2901 1171 2957 de
1213 2900 1310 2956 hoc
1363 2907 1683 2972 argumento
1721 2900 1854 2957 alias
1902 2919 2060 2960 aceu-

0 2991 22 3126 ἶ.

77 2996 195 3045 rate
234 2989 446 3054 dicam,
488 3007 631 3045 nunc
684 2990 910 3045 barbare
961 2989 1168 3045 dictum
1208 2990 1495 3045 διοικεῖσθαι
1536 2990 1771 3061 reposita
1815 3007 1943 3047 vera
1990 2991 2061 3047 le-

77 3078 254 3134 ctione
293 3078 611 3141 conl’utabo‚
666 3094 828 3149 quam
870 3078 949 3133 sic
1001 3080 1372 3150 unusquisque
1421 3077 1677 3149 indagare
1728 3079 1960 3149 poterit,
2002 3087 2064 3134 ut

79 3165 473 3222 animadvertat
511 3166 680 3222 futuri
732 3166 986 3238 temporis
1034 3166 1258 3222 sormam
1314 3167 1549 3238 requiri:
1602 3167 1646 3220 εἰ
1685 3168 1760 3232 μή
1811 3167 1955 3221 enim
2005 3167 2060 3220 in

81 3252 389 3310 huiusmodi
437 3256 734 3310 sentcntiae
766 3253 1185 3312 conformatione
1225 3254 1461 3327 postulat
1512 3254 1736 3326 optativi
1785 3252 2059 3309 futurum:

85 3340 286 3397 affatim
310 3342 675 3415 exemplorum
710 3349 792 3397 est
826 3342 905 3397 vel
938 3344 989 3397 in
1027 3343 1123 3398 hoc
1151 3346 1264 3416 ipso
1288 3342 1657 3414 Xenophontis
1694 3341 1849 3396 libro,
1906 3342 2062 3396 Prac-

88 3429 299 3485 mittam
350 3448 516 3485 unum
571 3431 638 3486 al»
689 3433 800 3503 ipso
854 3431 1127 3486 Dindorfio
1181 3440 1324 3486 recte
1384 3430 1727 3486 emendatum
1765 3429 1851 3482 Vl.
1898 3444 1964 3482 ιν.
2008 3432 2063 3498 6.

90 3522 185 3570 τῶν
227 3520 467 3583 Θηβαίων
507 3522 549 3574 οἱ
601 3526 880 3587 προεςῶτες
923 3522 1208 3588 ἐλογίζοντο
1250 3523 1314 3581 ὠς
1366 3522 1406 3574 εἰ
1445 3521 1518 3584 μὴ
1564 3517 1891 3584 μάχοιντο
1941 3517 2068 3572 dm-

90 3606 321 3668 ςῆσοιντο
362 3608 456 3670 μὲν
504 3610 556 3661 ozi
602 3611 891 3674 περιοικίδες
935 3613 1101 3665 αὐτῶν
1156 3610 1366 3671 πόλεις,
1426 3609 1570 3663 κὺτοί
1614 3606 1662 3660 δὲ
1707 3605 2072 3670 πολιορκήσοιν-
