2436 4068
1088 191 1195 242 515

133 347 238 394 test
297 339 440 392 enim
490 334 754 391 articulus
803 334 973 406 repeti
1014 335 1070 387 in
1117 350 1180 388 ea
1223 350 1316 399 re,
1372 350 1508 406 quae
1557 333 1765 390 duobus
1809 335 2114 390 communis

132 435 215 483 est
237 471 253 490 ‚
298 434 357 481 ut
396 427 452 479 in
492 428 522 488 ἦ
551 426 651 490 ἐμὴ
683 424 770 478 καὶ
806 425 869 486 σὴ
910 422 1088 491 φιλία.
1171 424 1446 494 Frequens
1479 428 1532 477 et
1571 422 1808 478 solemne
1839 423 1936 478 hoc
1965 440 2114 479 men-

132 516 263 570 dum
302 521 400 570 est.
480 513 655 568 Unum
709 511 1015 583 exemplum
1065 510 1187 565 vide
1234 512 1290 565 in
1338 510 1631 585 Cyropacd.
1674 512 1787 567 Vll.
1829 529 1878 566 v.
1922 515 2013 567 52.
2054 514 2116 566 ά-

132 604 316 672 φθονία
365 608 459 664 τῆς
510 602 640 666 ἐμῆς
680 601 768 655 καὶ
816 599 956 672 [τῆς]
1014 606 1107 662 σῆς
1147 601 1445 664 συνουσίας,
1486 600 1628 671 quod
1665 599 1932 655 indicasse
1984 600 2119 654 satis

133 699 233 747 est.
310 690 423 746 Non
459 690 642 743 minus
683 688 937 759 frequens
982 687 1176 741 vitium
1222 694 1444 758 apparet
1479 689 1535 742 in
1575 688 1778 744 Hellen.
1818 688 1914 744 111.
1957 705 2015 742 11.
2059 690 2118 743 6.

132 782 394 838 ἔπιε-εἶλαι
433 778 486 832 δὲ
530 777 708 846 σφίσιν
768 777 995 848 [αὐτοῖς]
1034 775 1151 836 τοὺς
1200 775 1478 843 Ἐφόρους,
1525 775 1579 829 id
1617 783 1699 831 est
1743 784 1850 838 τοῖς
1884 775 2119 846 Ἐφόροις

132 871 251 929 τοὺς
294 867 576 936 Ἐφόρους,
618 864 760 937 quod
806 862 1104 918 absurdum
1142 871 1244 918 est.
1327 862 1459 917 Tres
1498 863 1662 934 legati
1714 865 1791 918 ita
1836 863 2121 920 dixerant:

133 957 409 1014 ἐπέςειλαν
449 957 571 1020 ἡμῖν
610 955 653 1007 οἱ
695 954 939 1021 ’Έφοροι,
990 952 1171 1022 itaque
1226 950 1567 1022 Xenophonti
1607 951 1894 1006 dicendum
1934 960 2018 1007 est
2055 950 2124 1008 εἷ·

133 1066 227 1099 πον
273 1047 317 1098 οἱ
372 1043 615 1111 πρέσβεις
663 1042 924 1098 ἕπιςεῖλαι
981 1041 1133 1109 σφίσι
1182 1040 1298 1100 τοὺς
1351 1038 1616 1107 Ἐφόρους.
1696 1041 1889 1110 Σφίσιν
1946 1044 2123 1103 αὐτοῖς

134 1131 420 1204 respondet
455 1133 576 1196 ἡμῖν
616 1132 818 1190 αὐτοῖςε
870 1127 1055 1182 eadem
1098 1127 1151 1180 in
1203 1126 1451 1181 omnibus
1498 1135 1552 1181 et
1601 1135 1750 1182 certa
1795 1127 1926 1183 haec
1985 1130 2124 1184 ratio

136 1227 235 1275 est.
314 1219 570 1275 Ibid.111.
606 1237 661 1274 11.
700 1223 787 1273 10.
828 1217 916 1271 καὶ
955 1212 1097 1270 §aaa
1144 1214 1366 1287 [αὐτοῖς]
1414 1216 1770 1283 ὑποσχόμενος
1807 1217 1982 1272 δώσειν
2020 1226 2126 1280 τοῖς

134 1309 347 1376 πρώτοις
386 1308 778 1375 ἐκτειχίσασιν,
837 1321 942 1358 non
985 1321 1102 1358 esse
1143 1305 1197 1356 in
1240 1302 1325 1358 his
1379 1305 1684 1374 pronomini
1723 1307 1900 1367 αὐτοῖς
1948 1304 2128 1360 locum

132 1397 291 1452 facile
330 1404 413 1452 est
460 1396 527 1451 ad
576 1393 1006 1465 intelligendum.
1087 1391 1222 1447 Ibid.
1257 1391 1350 1446 111.
1393 1410 1449 1446 11.
1495 1399 1580 1447 11.
1635 1393 1916 1459 πυθόμενος
1957 1394 2009 1449 δὲ
2049 1391 2126 1448 ὅτι

131 1487 294 1546 πολὺς
334 1493 476 1547 σῖτος
516 1486 629 1548 ε’νῆν
678 1486 855 1543 αὐτοῖς
899 1479 1227 1552 perridicule
1283 1479 1488 1535 dictum
1532 1488 1630 1536 est.
1713 1484 1929 1536 Poterat
1981 1481 2159 1536 enims

132 1573 199 1629 de
243 1573 452 1629 horreis
491 1580 546 1628 et
578 1572 846 1644 granariis
886 1577 1034 1624 recle
1070 1568 1168 1622 hoc
1206 1567 1341 1634 dici,
1383 1585 1572 1623 verum
1605 1578 1711 1631 τοῖς
1748 1571 1879 1625 Χίων
1917 1569 2127 1640 φυγάσι

132 1671 274 1724 σῖτος
313 1663 477 1723 πολὺς
518 1661 575 1726 ἦν
618 1678 723 1715 non
755 1661 868 1722 ἐνῆν
891 1701 904 1722 ,
943 1654 1086 1727 εἶχον
1120 1659 1227 1725 γάρ
1266 1659 1351 1712 τὸν
1392 1663 1562 1721 σῖτον,
1601 1661 1656 1713 οὐ
1699 1659 2126 1722 κατεδηδόκεσαν.

133 1751 335 1806 Eadem
395 1766 556 1822 opera
614 1748 840 1804 emenda
897 1746 1311 1801 Demosthenem
1371 1743 1517 1801 Orat.
1559 1747 1626 1800 11.
1683 1753 1712 1820 ᾗ
1763 1751 1853 1802 22.
1917 1748 2127 1809 πλείους

131 1839 584 1910 ἀφορμὰς-ὁρῶ
620 1839 741 1903 ὑμῖν
782 1837 1045 1895 ἐνούσαις
1086 1835 1115 1898 ἢ
1153 1835 1342 1903 ’κείνῳ,
1387 1835 1494 1888 imo
1536 1851 1660 1889 vero
1693 1835 1868 1896 οὔσας.
1929 1838 1993 1891 In
2033 1835 2125 1891 ΙΙΙ.

132 1945 186 1983 11.
228 1931 313 1988 12,
368 1925 524 1987 οὕτως
584 1926 648 1981 ἂν
701 1925 913 1994 ἔφασαν
963 1924 1172 1993 τάχιςα
1225 1923 1445 1991 νομίζειν
1499 1925 1658 1979 αὐτὸν
1717 1924 2120 1998 [συγχωρήσειν]

130 2016 442 2081 αὐτονόμους
494 2018 642 2081 σφᾶς
695 2015 950 2081 ἀφεῖναι,
992 2020 1046 2067 et
1086 2029 1173 2066 res
1210 2012 1323 2083 ipsa
1366 2019 1419 2066 et
1463 2012 1737 2085 orationis·
1773 2011 2127 2068 conformatio

132 2111 397 2177 respuunt
451 2104 827 2170 συγχωρήσειν.
907 2101 1073 2155 Paulo
1113 2107 1238 2155 ante
1278 2099 1479 2154 diserte
1535 2099 1737 2153 dicitur
1788 2097 1864 2154 ὅτι
1911 2100 1986 2162 εἴη
2038 2101 2122 2154 ἐπὶ

131 2194 481 2260 Τισσαφέρνει
522 2193 565 2244 εἰ
605 2190 848 2255 βούλοιτο
887 2189 1102 2258 ἀφιέναι
1155 2189 1467 2254 αὐτονόμους
1524 2188 1624 2248 τοὶς
1675 2189 1982 2250 Ἑλληνίδας
2030 2189 2125 2244 πό·

127 2297 256 2343 λεις.
336 2283 460 2352 lpse
500 2285 708 2350 poterat
747 2277 967 2332 Graecis
1006 2277 1134 2332 dare
1188 2276 1531 2339 libertatem,
1585 2293 1688 2329 non
1736 2276 1855 2330 aliis
1905 2283 1966 2332 ut
2026 2277 2126 2332 hoc

128 2370 367 2426 facerent
407 2366 715 2422 concedere.
795 2365 996 2421 Deinde
1050 2365 1115 2420 ἄν
1169 2382 1294 2420 cum
1346 2367 1562 2434 ἀφεῖναι
1614 2365 1966 2420 coniunctum
2019 2373 2121 2422 est.

130 2459 319 2515 Graeci
353 2458 498 2512 enini
541 2458 620 2510 sic
668 2454 1002 2526 cogitabant:
1045 2456 1088 2509 εἰ
1130 2460 1298 2516 κακῶς
1348 2454 1549 2520 πάσχοι
1586 2456 1613 2517 ἦ
1655 2455 1821 2522 Καρία
1861 2453 2019 2517 οὕτως
2059 2455 2125 2510 ἂν

127 2547 342 2615 τάχισθ’
378 2548 518 2611 ἡμᾶς
552 2546 575 2598 o‘
610 2543 976 2612 Τισσαφέρνης
1022 2543 1334 2607 αὐτονόμους
1383 2543 1582 2611 ἀφείης
1626 2544 1807 2614 itaque
1851 2545 1945 2614 qui
1992 2543 2125 2599 haec

133 2635 297 2690 refert
334 2636 408 2688 ila
447 2632 604 2688 debet
642 2631 853 2686 dicere:
894 2629 1051 2692 οὕτως
1089 2630 1152 2685 ἂν
1194 2631 1404 2700 ἔφασαν
1445 2631 1655 2699 τάχιςα
1699 2632 1918 2699 νομίζειν
1967 2634 2126 2687 αὐτὸν

129 2723 442 2788 αὐτονόμους
492 2725 638 2791 σφᾶς
688 2723 924 2790 ἀφεῖναι.
1004 2719 1136 2774 Ibid.
1175 2719 1267 2774 111.
1310 2737 1362 2772 ιι.
1408 2722 1497 2772 21.
1540 2719 1763 2773 delenda
1804 2736 1920 2774 esse
1963 2721 2126 2776 verba

135 2811 298 2887 [εἷπον
342 2810 444 2882 ὅτι]
490 2810 646 2864 facile
686 2808 819 2863 mihi
863 2808 1097 2862 dabitur.
1179 2806 1316 2862 ibid.
1369 2812 1398 2880 §
1440 2811 1528 2861 51.
1585 2808 1795 2873 γνόντες
1845 2809 2003 2874 μηδὲν
2053 2812 2122 2865 δι·

127 2901 384 2967 καιότερον
435 2897 564 2953 εἶναι
618 2898 718 2967 βία
769 2897 1076 2964 πριαμένους
1123 2898 1151 2959 ἢ
1211 2895 1354 2968 [βίᾳ]
1413 2896 1769 2964 ἀφελομένους
1829 2898 1973 2965 παρα
2025 2904 2123 2953 τῶν

128 2989 349 3054 ἡττόνων
382 2987 719 3055 λαμβάνειν,
773 2993 1039 3058 expuncto
1081 2983 1336 3039 vocabulo
1390 2984 1569 3038 inutili
1626 2992 1679 3039 et
1729 2985 1953 3040 auribus
2012 3002 2123 3041 mo·

127 3079 261 3134 lesio
300 3075 354 3131 id
394 3074 536 3147 quod
580 3075 901 3148 primarium
945 3081 1026 3129 est
1063 3072 1256 3127 melius
1296 3072 1590 3143 apparebit.
1667 3074 1861 3128 Misere
1901 3072 2118 3129 habitus

131 3173 211 3221 esi
252 3165 401 3220 locus
434 3164 524 3219 ΙΙΙ.
568 3181 643 3218 111.
687 3167 736 3216 2.
790 3165 891 3231 ἀφ’
927 3160 983 3218 οὗ
1022 3162 1128 3229 γάρ
1163 3181 1237 3216 τοι
1281 3161 1442 3227 ἔφυσε
1479 3160 1590 3234 (alii
1621 3161 1723 3231 ἔφυ
1763 3183 1820 3216 σε
1871 3169 1966 3216 aul.
1996 3161 2121 3222 ἔφυ·

128 3254 216 3327 γε)
258 3257 348 3308 οὐκ
388 3252 556 3322 ἐφάνη
602 3253 653 3305 ἐν
692 3254 761 3318 τῷ
806 3250 1026 3319 θαλάμῳ
1078 3250 1275 3319 δεκάτῳ
1327 3250 1446 3314 μηνὶ
1491 3250 1682 3315 ἐγένου.
1766 3250 2021 3322 Suspicor
2065 3251 2119 3303 in

131 3340 309 3396 verbis
359 3361 433 3395 τοι
475 3341 638 3409 ἔφυσε
692 3339 857 3394 latere
896 3342 959 3394 τὺ
1001 3339 1131 3406 ἔφυς
1179 3346 1233 3392 et
1280 3337 1456 3392 locum
1499 3339 1577 3392 sic
1626 3355 1741 3393 esse
1786 3338 2114 3393 constituen-

131 3430 295 3484 dum:
337 3431 436 3496 ἀφ’
471 3427 527 3483 οὗ
557 3430 662 3496 γάρ
694 3431 783 3483 οὐκ
821 3428 989 3497 ἐφάνη
1034 3429 1084 3480 ἐν
1117 3428 1187 3494 τῷ
1223 3426 1442 3494 θαλάμῳ
1479 3426 1677 3496 δεκάτῳ
1705 3428 1825 3493 μηνὶ
1856 3428 1919 3479 τὺ
1954 3425 2083 3494 ἔφυς
2106 3466 2118 3488 ,

131 3524 397 3589 expuncta
452 3517 893 3589 interpretatione
944 3515 1136 3581 ἐγένου.
1216 3514 1476 3568 lbid.111.
1523 3533 1588 3569 ιν.
1634 3520 1683 3569 8.
1742 3515 1993 3567 vitiosum
2034 3520 2117 3568 csl,

130 3611 168 3661 οἱ
213 3607 364 3660 ἄλλοι
420 3605 731 3670 τριάκοντα,
788 3604 1088 3674 exquibus
1146 3603 1298 3658 ἄλλοι
1342 3602 1660 3658 deleverim:
1718 3610 1834 3656 tum
1887 3600 2114 3658 ridicula

1771 3694 1811 3724 24
