2436 4068
1067 288 1135 338 95

77 432 261 488 eodem
309 427 465 484 modo
518 429 903 485 Demosthenes
958 428 1096 484 dixit
1151 430 1206 483 in
1259 427 1487 501 Philipp.
1527 429 1564 483 1.
1625 447 1675 502 p.
1720 434 1824 496 47,
1871 436 1954 486 14.
2019 434 2070 486 in

82 520 346 576 acerrimo
384 517 531 573 loco:
586 516 752 587 ὥσπερ
804 518 911 585 γὰρ
959 519 1003 572 οἱ
1043 516 1371 580 πλάττοντες
1410 517 1528 580 τοὺς
1582 518 1824 582 πηλίνους
1869 521 1941 582 εἰς
1981 521 2072 582 την

77 607 276 676 άγοράν
314 612 654 675 χειροτονεῖτε
690 605 810 666 τοὺς
850 603 1168 672 ταξιάρχους
1219 606 1306 660 καὶ
1347 607 1465 668 τοὺς
1505 605 1816 676 φυλάρχους
1853 610 1944 662 οὐκ
1988 609 2074 662 ἐπὶ

74 695 160 750 τὸν
208 695 474 760 πόλεμον,
527 711 633 765 quo
688 691 823 746 nihil
866 692 1044 764 potuit
1099 692 1407 748 mordacius
1459 693 1583 748 dici.
1663 694 1864 750 Eodem
1920 695 2076 750 modo

75 781 284 838 dietum
333 787 415 837 est
466 781 538 843 εἰς
593 779 792 847 άγοροὶν
842 778 1075 849 ὑφαίνειν
1128 786 1180 835 et
1220 780 1480 837 πλάττειν
1516 784 1588 844 εἰς
1630 784 1724 846 τὴν
1773 782 1970 852 άγοράν
2023 792 2077 839 et

74 870 182 935 sic,
222 867 414 932 cred0,
454 884 641 923 omnes
675 866 901 922 Athenis
935 868 1007 928 εἰς
1046 868 1137 930 την
1167 867 1364 936 ἀγοράν
1399 868 1718 925 dicebantur
1744 870 2073 940 ἐργάζεσθαι.

77 957 343 1030 Gompone
380 972 526 1011 nunc
567 954 703 1009 mihi
742 954 876 1010 haec
922 953 1206 1009 Aeschinis
1246 956 1299 1009 in
1344 956 1665 1012 Timarchea
1704 957 1744 1032 §
1780 962 1870 1014 97.
1911 961 2073 1030 τούτῳ
2151 1010 2158 1011 ff

75 1046 181 1113 γάρ
219 1045 503 1100 κατέλιπεν
544 1043 568 1097 ὅ
606 1045 779 1111 πατὴρ
813 1042 989 1099 οὐσίαν
1028 1044 1130 1112 ἀφ’
1173 1039 1228 1105 ἧς
1269 1042 1434 1112 ἔτερος
1467 1046 1562 1110 μὲν
1602 1043 1667 1100 ἂν
1702 1047 1789 1101 καὶ
1826 1049 2076 1118 ἐλειτούρ-

74 1154 160 1199 γει
204 1131 400 1207 (scribe
435 1131 532 1197 μὲν
571 1130 670 1185 κᾶν
719 1129 1053 1203 ἐλειτούργει)
1095 1163 1171 1172 —
1211 1130 1287 1186 ἔτι
1336 1132 1387 1186 δὲ
1437 1134 1560 1201 πρὸς
1602 1134 1800 1196 τούτοις
1846 1142 2073 1200 γυναῖκα

74 1221 336 1290 ἀμόργινα
376 1219 694 1284 ἐπιςαμένην
740 1218 1050 1287 ἐργάζεσθαι
1098 1219 1186 1273 καὶ
1233 1218 1364 1287 ἔργα
1403 1220 1583 1275 λεπτά
1623 1222 1695 1283 εἰς
1743 1223 1837 1286 την
1876 1225 2075 1291 άγοραν

74 1310 421 1379 ἐκφέρουσαν,
457 1314 512 1363 et
541 1305 686 1361 sacili
720 1307 933 1378 negotio
969 1306 1407 1379 interpolatorem
1439 1307 1820 1380 deprehendes.
1882 1310 2075 1366 Genui-

77 1413 148 1452 na
185 1403 314 1451 sunt
351 1401 582 1462 γυναῖκα
621 1394 883 1461 ἀμόργινα
916 1396 1235 1462 ἐπιςαμένην
1275 1394 1585 1465 ἐργάζεσθαι
1625 1397 1698 1458 εἰς
1734 1398 1827 1461 τὴν
1858 1399 2074 1467 άγοράν.

74 1483 430 1541 Athenienses
465 1482 667 1554 optime
701 1490 960 1538 noverant
991 1484 1064 1539 τα
1092 1483 1355 1552 ἀμόργινα
1385 1501 1524 1557 quae
1556 1491 1762 1540 essent:
1802 1487 2076 1558 sequiores

75 1572 265 1628 Graeci
304 1587 408 1626 non
457 1571 624 1625 item:
674 1571 859 1643 itaque
902 1571 1047 1627 docti
1089 1589 1276 1629 omnes
1319 1572 1504 1628 sedulo
1542 1573 1861 1629 vocabulum
1910 1575 2074 1630 inter·
2144 1612 2146 1615 -

77 1666 399 1734 pretantur,
455 1659 876 1731 Harpocration,
935 1660 1271 1735 HesychiuS,
1323 1669 1533 1717 veteres
1577 1661 1953 1735 Aristophanis
1999 1664 2076 1718 in-

79 1753 370 1820 terprete8‚
411 1746 519 1802 alii.
572 1745 785 1819 Optime
802 1748 1104 1823 Hesychius
1121 1750 1441 1818 Ἀμόργιναε
1476 1753 1756 1819 λεπτοϋφῆ
1777 1751 2077 1818 ἐνδύματα,

78 1835 206 1891 hinc
254 1834 323 1893 ad
378 1834 701 1891 Aeschinem
747 1835 873 1891 olim
914 1844 1233 1892 annotatum
1281 1845 1364 1893 est
1416 1837 1546 1906 ἔργα
1585 1838 1766 1893 λεπτά
1818 1846 1912 1894 aut
1969 1840 2076 1909 ἔρια

78 1923 296 1987 λεπτά,
351 1923 495 1995 quod
541 1924 596 1977 in
653 1929 864 1979 textum
919 1942 976 1979 se
1021 1926 1352 1990 insinuavit,
1409 1925 1601 1980 deinde
1669 1927 1984 1997 ἐκφέρουσαν
2047 1947 2079 1984 a

80 2010 245 2065 sciolo
283 2011 527 2066 additum
550 2053 564 2076 ,
605 2010 660 2065 id
701 2011 876 2083 ipsum
919 2030 1026 2084 quo
1065 2013 1259 2068 Suidas
1294 2013 1470 2067 utitur
1510 2014 1565 2066 in
1606 2014 1936 2086 explicandis
1963 2034 2079 2072 ver-

77 2098 163 2153 his
182 2098 521 2155 Menandreis
551 2100 623 2161 εἰς
662 2100 755 2161 την
790 2101 989 2168 άγοροὶν
1024 2102 1316 2170 ἐκφέρειν
1350 2102 1423 2156 τα
1453 2101 1808 2171 ὐφαινόμεναε
1851 2121 1958 2159 non
1996 2114 2078 2160 est

73 2188 361 2259 antiquum
411 2187 646 2257 ἐκφέρειν
694 2203 757 2242 eo
798 2204 961 2242 sensu
1013 2188 1106 2242 sed
1148 2190 1435 2244 novicium.
1518 2188 1700 2244 Scatet
1754 2191 1926 2246 nitida
1981 2193 2076 2248 Ae-

75 2274 280 2331 schinis
318 2275 488 2329 oratio
523 2274 743 2330 insulsis
779 2275 1133 2331 emblematis,
1215 2277 1275 2331 In
1319 2276 1358 2351 g
1389 2281 1509 2332 101.
1551 2279 1799 2347 φοβηθεὶς
1834 2281 1940 2348 γαρ
1976 2283 2076 2344 τας

74 2363 401 2432 λειτουργίας
439 2364 662 2419 άπέδοτο
699 2360 737 2418 ἃ
773 2361 831 2426 ἦν
869 2366 1011 2433 αὐτῷ
1053 2365 1308 2430 κτήματα
1347 2365 1471 2421 ἄνευ
1517 2372 1616 2421 τῶν
1655 2368 1840 2436 άρτίως
1880 2371 2078 2438 εἰρημέ-

74 2473 168 2507 νων
204 2452 402 2520 χωρίων
439 2452 759 2521 Κηφισίασιν
813 2451 1017 2522 ἕτερον,
1078 2454 1238 2520 άγρὸν
1296 2456 1754 2525 Ἀμφιτροπῆσιν,
1793 2458 2077 2527 ἐργαςήρια

75 2540 161 2596 δύο
200 2542 254 2595 ἐν
287 2547 395 2602 τοῖς
430 2541 714 2609 άργυρείοις
749 2538 800 2595 ἓν
840 2542 937 2607 μὲν
979 2542 1031 2595 ἐν
1071 2546 1310 2607 Αὐλῶνι,
1350 2541 1516 2611 ἕτερον
1557 2544 1599 2597 δ’
1639 2544 1724 2598 ἐπὶ
1768 2547 2074 2617 Θρασύλλῳ.

75 2627 342 2684 Emenda:
399 2627 523 2683 ἄνευ
579 2634 678 2684 τῶν
724 2628 910 2698 οἰρτίως
963 2629 1233 2698 εἰρημένων
1284 2632 1467 2699 χωρίον
1507 2632 1861 2701 Κηφισίασιν,
1911 2633 2077 2705 ἕτερον

74 2718 495 2787 ’Δμφιτροπῆσιν
553 2716 681 2791 (non
722 2716 896 2790 -ᾖσ-ιν)
938 2750 1015 2760 —-
1053 2714 1104 2772 ἓν
1149 2720 1245 2784 μὲν
1294 2721 1496 2774 Αὐλῶνι
1551 2722 1659 2775 κτὲ.
1748 2722 1948 2795 Nempe
2004 2728 2077 2780 τά

30 2822 38 2852 2
74 2805 259 2875 ἀρτίως
299 2805 540 2874 εἰρημένα
582 2802 643 2879 (S
668 2807 738 2859 97
782 2803 922 2877 sqq.)
965 2821 1073 2860 non
1114 2812 1270 2861 erant
1309 2807 1478 2875 χωρία
1518 2813 1765 2873 tantum,
1810 2811 1903 2866 sed
1941 2814 2076 2868 οἰκία

28 2912 31 2918 ’
75 2894 128 2948 ἐν
177 2892 331 2957 ἄςει,
383 2892 576 2948 οἰκέται
628 2893 941 2959 δημιουργοὶ.
976 2899 1029 2948 et
1076 2892 1416 2963 θεράπαιναι,
1464 2896 1700 2965 ἐσχατιαὶ
1743 2905 1990 2969 Σφηττοῖ
2026 2909 2078 2956 et

31 2967 38 2978 ¹
75 2982 258 3049 χωρίον
306 2983 682 3044 Ἀλωπεκῆσιν.
726 2979 820 3035 ubi
872 2980 1111 3053 primum
1165 2983 1348 3052 χωρίον
1405 2984 1458 3037 in
1506 2985 1704 3054 χωρίων
1759 2995 2075 3060 corruptum

78 3075 160 3124 est
199 3075 446 3142 repertus
486 3075 570 3123 est
604 3074 902 3132 corrector,
942 3070 1036 3141 qui
1072 3070 1138 3126 de
1178 3088 1275 3125 suo
1314 3071 1472 3140 ἀγρόν
1513 3073 1720 3129 addidit
1741 3083 1927 3130 contra
1966 3095 2073 3131 mo-

79 3173 195 3214 rem
231 3156 674 3222 Atheniensium,
715 3156 911 3228 quibus
943 3158 1126 3227 χωρίον
1163 3159 1398 3215 solemne
1437 3168 1518 3216 est
1557 3161 1754 3218 dicere.
1836 3165 2075 3220 Praeter-

78 3260 141 3300 ea
182 3246 236 3299 in
272 3245 448 3301 verbis
484 3244 536 3300 ἓν
570 3247 666 3312 μὲν
700 3246 751 3299 ἐν
787 3246 988 3301 Αὐλῶνι
1027 3246 1287 3302 habemus
1325 3255 1638 3321 perpetuam
1691 3252 2073 3323 propemodum

81 3332 463 3389 Graeculorum
525 3331 991 3406 interpolationem
1053 3336 1413 3391 nescientium
1468 3341 1707 3403 Αὐλῶνι,
1766 3343 2074 3407 Μαραθῶνι,

82 3420 376 3486 Ἐλευσῖνι,
415 3428 755 3488 Ῥαμνοῦντι,
812 3425 1083 3489 Ἀγνούντι
1139 3430 1194 3479 et
1247 3425 1368 3479 sim.
1423 3424 1566 3480 haud
1617 3443 1771 3481 secus
1822 3426 2074 3484 adverbia

82 3525 198 3564 esse
231 3516 284 3564 et
312 3510 757 3582 praepositionem
798 3527 1052 3584 respuere
1086 3519 1247 3586 atque
1285 3518 1560 3582 Σφηττοῖ,
1599 3521 1865 3579 Μεγαροῖ,
1910 3518 2074 3572 Ἀλω-

82 3604 331 3663 πεκῆσιν,
394 3601 818 3669 Ἀμφιτροπῆσι,
880 3600 1190 3659 Δεκελείατι
1222 3645 1236 3668 ,
1298 3602 1649 3672 Κηφισιάο-ιν,
1714 3602 2072 3667 Ὀλυμπίασιν
