2436 4068
1012 224 1115 275 461

59 386 176 427 esse
214 368 427 423 dicatur
467 366 617 422 dictu
650 365 866 422 difficile
899 374 998 422 est.
1080 368 1326 435 Ἑταίρας
1367 367 1421 420 in
1459 367 1700 422 exercitu
1739 365 2041 437 complures

60 457 226 512 fuisse
276 457 479 528 passim
536 463 790 527 apparet,
844 455 951 509 vid.
993 455 1082 510 lv.
1125 473 1199 510 ιιι.
1247 459 1315 510 19
1358 462 1412 510 et
1453 455 1514 509 V.
1552 472 1622 509 ιν.
1663 457 1752 508 55.
1832 453 2036 508 Iterum

60 543 280 600 confusa
316 544 522 612 ἑτέρων,
562 543 770 610 ἑταίρων
810 550 863 598 et
903 546 1108 611 ἑταιρῶν
1148 543 1269 598 vide
1302 543 1392 597 IV.
1426 561 1503 598 111.
1549 546 1637 597 50.

131 631 191 686 Iu
230 631 368 685 libro
404 632 466 685 V.
503 648 538 684 1.
581 634 632 684 5.
692 631 988 699 Χειρίσοφος
1041 631 1198 692 οἰνέςη
1247 631 1334 685 καὶ
1395 629 1536 686 εἶπεν
1577 628 1699 686 ὦδε·
1762 628 1914 690 Φίλος
1953 648 2038 694 μοι

57 720 197 783 ἔςίν,
237 717 273 773 ὦ
312 718 488 786 ἄνδρες
511 760 524 781 ,
578 716 908 783 Ἀναξίβιος,
961 723 1235 786 ναυαρχῶν
1276 720 1327 773 δὲ
1367 720 1453 774 καὶ
1508 716 1768 787 τυγχοὶνει
1788 759 1804 783 ,
1859 716 2041 781 nescio

59 806 190 879 quid
248 807 410 861 verba
462 805 751 860 novissima
795 805 897 858 sibi
956 805 1140 860 velint.
1223 806 1327 860 Res
1379 807 1496 877 ipsa
1549 806 1775 861 suadere
1828 802 2044 858 videtur

62 902 122 950 ut
164 894 436 949 scribatur
474 891 805 958 Ἀναξίβιος,
858 890 909 954 ὃς
950 898 1035 948 νῦν
1074 898 1344 961 ναυαρχῶν
1383 893 1645 961 τυγχοένει
1669 936 1682 956 ,
1742 892 1823 947 vel
1864 890 2042 947 simile

58 981 207 1055 quid.
274 982 454 1036 Eximi
489 980 663 1035 obiter
694 996 724 1034 e
760 981 989 1036 Diodoro
1030 980 1210 1036 Siculo
1245 979 1503 1035 mendum
1545 981 1742 1052 poterit
1764 979 1902 1034 XIV.
1947 983 2041 1036 50.

58 1071 246 1125 ἐκεῖθεν
285 1070 338 1123 δὲ
379 1069 673 1137 Χειρίσοφον
713 1069 808 1134 μὲν
860 1070 1150 1127 οέπέςειλαν
1188 1070 1262 1130 εἷς
1302 1068 1573 1136 Βυζάντιον
1626 1068 1712 1122 ἐπὶ
1752 1074 1915 1122 πλοῖα
1955 1068 2042 1121 καὶ

61 1161 306 1227 τριήρεις·
366 1157 656 1222 ἐλέγετο
714 1157 820 1224 γαρ
874 1155 1003 1212 εἶναι
1071 1158 1226 1228 φίλος
1285 1155 1568 1225 Ἀναξιβίῳ
1625 1157 1696 1224 τῷ
1758 1155 2046 1224 Βυζαντίων

16 1262 20 1266 “
61 1246 345 1315 ναυάρχῳ,
386 1245 575 1299 statim
614 1245 757 1300 enim
795 1244 1002 1300 videbis
1040 1246 1255 1311 ἐλέγετο
1288 1246 1394 1313 γοέρ
1435 1246 1489 1299 in
1533 1244 1688 1310 ἔλεγε
1729 1244 1835 1311 γάρ
1869 1259 2047 1299 emen-

62 1333 181 1390 dari
220 1339 481 1406 oportere.

141 1421 413 1476 Insulsum
466 1418 729 1475 emblema
780 1421 982 1494 expelle
1038 1438 1101 1476 ex
1147 1421 1206 1475 V.
1251 1441 1285 1477 1.
1332 1427 1383 1478 9.
1439 1422 1531 1476 ἐὰν
1569 1419 1651 1477 οὖν
1705 1420 1848 1475 κατὰ
1900 1419 2049 1488 μέρος

70 1510 439 1587 [μερισθέντες]
478 1509 836 1578 φυλάττωμεν
878 1510 966 1564 καὶ
1014 1511 1287 1576 σκοπῶμεν
1314 1553 1328 1576 ,
1372 1509 1514 1582 quod
1554 1515 1886 1564 monstrasse
1919 1507 2074 1580 satis·

60 1605 161 1655 est.
250 1598 446 1652 Contra
501 1597 787 1652 inserenda
837 1597 1026 1653 vocula
1094 1597 1310 1653 videtur
1362 1600 1418 1652 in
1478 1597 1517 1672 §
1564 1602 1650 1653 10.
1714 1594 2052 1667 ὑπαρχόντων

65 1686 199 1761 (καὶ)
242 1685 448 1749 ἐνθάδε,
489 1701 653 1740 causa
693 1686 772 1740 rei
810 1685 1094 1741 manifesta
1135 1693 1233 1741 est.

140 1775 254 1829 Non
307 1773 468 1829 habet
518 1773 776 1829 Graecam
833 1773 1058 1829 sormam
1118 1775 1289 1829 oratio
1342 1774 1396 1827 in
1431 1773 1493 1828 V.
1530 1792 1587 1830 11.
1631 1779 1716 1828 11.
1775 1770 1820 1828 οἳ
1872 1771 2054 1827 πάντα

0 1873 20 1937 sp
65 1865 153 1918 τὸν
187 1862 366 1930 χρόνον
405 1863 656 1926 ἀλλήλοις
697 1863 810 1930 περὶ
851 1863 1202 1931 ἀνδραγαθίας
1242 1865 1617 1917 ἀντεποιοῦντο.
1698 1859 1837 1929 Quid
1871 1860 2053 1916 dicen-

66 1951 199 2006 dum
238 1952 310 2006 sit
338 1957 508 2023 patet,
549 1949 643 2005 sed
680 1950 735 2004 id
774 1950 923 2005 nullo
960 1949 1117 2005 modo
1149 1967 1214 2006 ex
1250 1950 1335 2006 his
1372 1949 1551 2005 verbis
1589 1948 1813 2004 extundi
1846 1954 2052 2020 potest,

65 2056 243 2111 neque
275 2040 648 2094 ἀντιποιεῖσθαι
702 2040 821 2107 περί
870 2059 1002 2100 τινος
1039 2038 1304 2094 Graecum
1345 2045 1443 2094 est.
1522 2041 1736 2106 Ἀρετῆς
1778 2038 2055 2091 ἀντιποιεῖ-

0 2147 36 2178 .·
66 2129 185 2184 σθαι
229 2126 296 2182 de
335 2127 526 2183 iisdem
567 2127 769 2198 optime
809 2127 1016 2182 dictum
1051 2126 1140 2180 1v.
1177 2145 1267 2181 vu.
1313 2131 1398 2182 12.
1479 2127 1539 2181 In
1579 2124 1880 2196 indaganda
1928 2140 2053 2179 vera

0 2236 3 2261 =
66 2216 335 2288 scriptura
375 2231 590 2288 operam
633 2214 860 2286 perdidi.
941 2214 1214 2282 Quaerant
1250 2216 1536 2270 acutiores,

145 2303 204 2358 In
247 2303 311 2359 V.
347 2321 399 2357 n.
444 2306 514 2357 24
567 2303 883 2371 μαχομένων
927 2304 980 2357 δὲ
1038 2304 1207 2357 αὐτῶν
1262 2303 1349 2358 καὶ
1403 2303 1755 2371 ἀπορουμένων
1808 2304 1925 2357 θεῶν
1974 2322 2053 2362 τις

15 2413 34 2465 j
70 2391 296 2465 [αὐτοῖς]
341 2391 586 2459 μηχανὴν
612 2393 863 2460 σωτηρίας
885 2392 1112 2455 δίδωσιν,
1153 2393 1366 2463 egregie
1388 2391 1587 2446 Graece
1621 2392 1797 2446 sciens
1833 2389 2054 2445 Schnei-

7 2474 9 2477 ’
68 2477 231 2535 derus
262 2480 430 2534 sensit
462 2481 637 2540 αὐτοῖς
680 2479 862 2534 abesse
902 2487 1183 2552 oportere,
1224 2481 1314 2535 cui
1354 2497 1510 2534 nemo
1542 2480 1740 2552 paruit.
1804 2478 2052 2534 Ludima-

10 2617 18 2627 .
68 2568 226 2640 gistri
266 2568 542 2622 annotatio
579 2574 660 2621 est
706 2569 891 2640 pueris
924 2585 1029 2622 non
1066 2568 1309 2632 inutilis,
1351 2567 1442 2622 sed
1484 2568 1574 2633 iis,
1617 2569 1708 2639 qui
1750 2568 2053 2623 Atticorum

35 2654 298 2730 ,flectione
338 2672 523 2710 aurem
560 2654 756 2710 habent
791 2655 1068 2710 subactam
1094 2700 1109 2719 ‚
1155 2656 1522 2711 intolerabilis.

14 2765 18 2771 ·
71 2790 75 2793 «
147 2743 207 2799 lu
249 2743 384 2797 libro
420 2742 485 2797 ΙΙ.
526 2761 592 2797 ιν.
636 2746 724 2798 24.
778 2745 1145 2810 διαβαινόντων
1183 2747 1355 2811 μέντοι
1398 2746 1421 2798 ὅ
1463 2749 1625 2806 Γλοῦς
1668 2746 1897 2816 [αὐτοῖς]
1939 2748 2055 2801 ἐπε-

71 2830 213 2902 φάνη
256 2849 353 2904 pro
391 2834 567 2891 αὐτοῖς
611 2832 664 2884 in
707 2830 916 2886 duobus
952 2834 1170 2904 optimis
1220 2832 1372 2887 libris
1411 2834 1578 2886 αὐτῶν
1620 2833 1884 2905 scriptum
1934 2843 2052 2899 est,

69 2918 164 2977 secl
197 2927 429 2991 utraque
468 2920 737 2992 scriptura
795 2919 1112 2992 interpolata
1154 2927 1252 2975 est.
1335 2921 1498 2976 Recte
1535 2919 1713 2992 paullo
1756 2927 1881 2976 ante
1925 2922 2054 2994 legi·

69 3014 165 3064 tur
202 3006 530 3073 ἑξήγγελλόν
566 3029 698 3069 τινες
740 3040 808 3048 -
844 3010 910 3067 ὦς
940 3008 1304 3074 διαβαινόντων
1343 3009 1584 3075 μέλλοιεν
1617 3010 1961 3073 ἐπιθήσεσθαι.

151 3095 211 3151 ln
253 3094 314 3149 V.
360 3112 433 3149 m.
477 3099 527 3148 5.
582 3097 669 3150 καὶ
725 3095 955 3161 ἐγένοντο
1010 3098 1388 3166 ὀκτακισχίλιοι
1448 3096 1534 3151 καὶ
1592 3096 1860 3161 ἑξακόσιοι.
1921 3097 2054 3154 οὗτοι

74 3183 330 3245 δσώθησαν
378 3185 436 3236 ἐκ
481 3188 578 3237 τῶν
619 3185 764 3253 ἀμφὶ
820 3185 936 3245 τοὺς
988 3184 1194 3253 μυρίους
1247 3185 1457 3257 corrige
1510 3182 1776 3249 ἑξακόσιοι.
1833 3193 2056 3241 τοσοῦ-

74 3289 167 3327 τοι
226 3271 500 3333 ἐσώθησαν.
597 3273 799 3327 lterum
857 3289 1061 3345 paucae
1119 3273 1392 3329 litterulae
1445 3274 1724 3345 perierunt
1784 3275 1834 3328 in
1890 3274 1929 3346 §
1971 3279 2054 3329 12.

0 3388 1 3427 j
81 3360 215 3422 ςῆλη
269 3357 419 3422 ἔσηκε
470 3362 615 3428 παρα
655 3362 741 3415 τὸν
798 3363 915 3416 ναὸν
965 3360 1270 3429 γράμματα
1325 3361 1555 3430 ἔχουσα,
1617 3361 1802 3434 supple
1862 3361 2058 3430 ἔχουσα

84 3444 291 3518 (nim-
334 3447 527 3515 Ἰερὸς
573 3450 595 3502 ὅ
634 3455 845 3517 χῶρος
893 3451 1000 3504 κτὲ.

154 3532 303 3600 Quod
346 3532 543 3605 legitur
583 3535 644 3590 V.
688 3555 756 3592 ιν.
804 3541 887 3591 12.
943 3538 1145 3592 παλτὸν
1195 3540 1258 3597 ὡς
1314 3535 1623 3605 ἑξαπηχυ
1685 3555 1786 3590 non
1850 3538 2062 3595 videtur

87 3638 202 3675 esse
239 3622 531 3692 genuinum
557 3666 569 3686 ‚
611 3625 701 3679 sed
742 3624 979 3693 ἓξπηχυε
1026 3624 1259 3680 nondum
1305 3627 1446 3679 enim
1496 3624 1856 3695 Xenoptnmtis
1897 3634 2069 3684 aetate
