2436 4068
1025 170 1129 221 665

91 325 306 373 mortem
360 316 588 371 Socratis
641 316 800 370 istam
867 314 1262 369 accusationem
1318 314 1730 386 conscripsisse,
1791 313 1937 378 sive,
2002 323 2063 370 ut

91 404 314 460 Bentleii
346 404 521 459 verbis
555 410 680 458 utar
719 404 794 476 (in
826 403 1107 457 Dissertat.
1150 399 1214 456 de
1246 401 1498 473 Epistolis
1534 401 1768 456 Socratis
1808 419 1922 473 cap.
1948 402 2066 476 VI.)

93 493 421 564 »Polycratis
460 491 739 544 orationem
778 492 834 544 in
876 491 1139 544 Socratem
1186 489 1351 562 sitisse
1398 499 1596 544 tantum
1634 490 2062 544 declamationem

92 581 607 649 exercitationemque
665 577 1062 640 scholasticam,
1108 594 1216 653 ‘non
1273 595 1450 632 veram
1501 579 1784 632 orationem
1845 578 2064 631 Athenis

92 667 378 722 habitam.’'
467 663 807 719 Manifestum
860 666 1028 736 igitur
1078 672 1160 719 est
1218 664 1325 719 illis
1376 666 1707 738 temporibus
1755 666 2062 721 constitisse

92 757 235 810 inter
270 770 455 808 omnes
494 753 767 807 Socratem
816 753 1340 824 praestantissimum
1400 754 1572 807 virum
1627 755 1812 826 iniquo
1863 753 2064 808 iudicio

90 843 255 898 fuisse
293 844 752 905 circumventum,
805 847 865 894 ut
911 838 1077 893 nihilo
1119 840 1302 894 minus
1347 839 1511 895 suerit
1551 842 1832 911 παράδοξον
1876 843 2063 897 Socra-

90 939 197 986 tem
238 947 513 993 accasare‚
567 945 728 1000 quam
780 927 1081 982 Busiridem
1134 933 1187 982 et
1236 927 1714 1001 Clytaemnestram
1767 931 2062 1003 defendere.

90 1018 230 1087 Quid
289 1017 355 1072 de
414 1017 633 1072 Socrate
683 1023 894 1070 mortuo
949 1019 1092 1071 cives
1142 1017 1227 1070 sui
1286 1017 1657 1071 existimarent
1698 1026 1918 1089 apparet
1982 1017 2063 1071 vel

88 1123 154 1163 ex
205 1106 290 1161 his
327 1105 504 1160 verbis
543 1104 732 1177 Lysiae
775 1120 841 1158 ex
880 1106 1120 1159 oratione
1151 1107 1272 1173 πρὸς
1318 1106 1572 1173 Αἰσχίνην
1612 1106 1697 1159 τὸν
1738 1105 2063 1172 Σωκρατικόν

90 1194 232 1267 apud
270 1193 467 1249 Athen.
511 1210 563 1264 p.
599 1197 727 1247 611.
768 1193 830 1247 Ε.
871 1193 1090 1257 οἰόμενος
1130 1194 1323 1247 τουτονὶ
1365 1194 1620 1260 Αἰσχίνην
1677 1193 2064 1260 Σωκράτους

88 1283 434 1349 γεγονέναι
484 1281 776 1348 μαθητὴν
815 1280 904 1334 καὶ
943 1281 1055 1349 περὶ
1098 1281 1413 1342 δικαιοσύνης
1471 1280 1559 1335 καὶ
1599 1283 1784 1349 αρετῆς
1838 1281 2062 1342 πολλοὺς

87 1371 176 1427 καὶ
216 1372 430 1438 σεμνοὺς
482 1370 711 1434 λέγοντα
761 1369 948 1435 λόγους
986 1371 1076 1423 οὐκ
1123 1367 1186 1422 ἄν
1237 1388 1364 1423 ποτε
1417 1371 1743 1437 ἐπιχειρῆσαι
1801 1370 1909 1423 οὐδὲ
1948 1382 2067 1423 τολ-

87 1467 254 1526 μῆσαι
307 1457 441 1526 ἅπερ
482 1459 526 1511 οἱ
576 1456 907 1524 πονηρότατοι
954 1456 1041 1511 καὶ
1091 1458 1397 1512 ἀδικώτατοι
1452 1456 1694 1525 ἄνθρωποι
1752 1458 2068 1526 ἐπιχειροῦσι

88 1546 367 1614 πράττειν,
411 1545 500 1600 ubi
539 1546 584 1599 si
616 1544 794 1599 locum
832 1544 1120 1616 diligenter
1156 1545 1474 1616 expenderis
1512 1545 1906 1599 emendandum
1950 1559 2067 1600 esse

89 1633 356 1705 intelliges
395 1633 697 1702 Σωκράτους
751 1634 1109 1699 γενόμενον
1154 1636 1408 1699 μαθητήν.
1490 1634 1773 1688 Praeterea
1814 1633 2064 1688 manifes-

89 1730 206 1778 tum
242 1729 325 1777 est
377 1722 524 1778 illam
573 1722 808 1777 Socratis
861 1722 1258 1776 accusationem
1297 1721 1561 1794 placuisse
1617 1721 1838 1786 multis,
1880 1724 2065 1793 quam-

90 1811 273 1865 obrem
312 1811 415 1865 iste
451 1813 552 1878 οὐχ
593 1809 745 1873 ἥκιςα
785 1809 870 1863 ἐπὶ
925 1809 1095 1878 ταύτῃ
1146 1811 1689 1879 ἐμεγαλαυχεῖτο
1739 1817 1792 1864 et
1827 1810 2066 1882 placebat

88 1900 218 1965 sibi,
258 1915 418 1971 quam
460 1899 629 1971 ipsam
669 1914 787 1952 rem
825 1897 1079 1952 Isocratis
1119 1899 1535 1953 aemulationem
1571 1905 1623 1952 et
1662 1896 1918 1951 invidiam
1954 1915 2064 1951 mo-

87 1989 230 2043 visse
262 1988 521 2059 suspicor.
581 1985 877 2059 Polycratis
918 1987 1207 2054 κατηγορία
1243 1985 1544 2055 Σωκράτους
1587 1992 1815 2040 aetatem
1848 1985 1973 2040 tulit
2012 1991 2066 2040 et

87 2076 154 2132 ab
198 2076 428 2132 eruditis
462 2074 843 2138 lectitabatur,
885 2073 1026 2128 unde
1072 2081 1199 2128 nata
1239 2082 1322 2129 est
1370 2074 1498 2128 olim
1546 2072 1678 2128 falsa
1721 2081 1774 2127 et
1813 2090 2064 2144 perversa

86 2165 265 2237 opinio
306 2180 423 2218 eam
473 2164 642 2235 ipsam
685 2164 979 2218 orationem
1034 2163 1089 2217 in
1131 2163 1247 2235 ipso
1294 2162 1495 2217 iudicio
1548 2168 1736 2216 contra
1788 2161 2063 2216 Socratem

85 2269 200 2310 esse
240 2250 508 2315 habitam,
551 2252 707 2305 cuius
743 2251 822 2305 rei
867 2267 1037 2306 unum
1073 2257 1267 2307 testem
1316 2250 1610 2323 producere
1652 2250 1818 2303 iuvat.
1900 2250 2063 2317 Quin-

87 2340 308 2396 tilianus
342 2341 396 2394 in
444 2338 576 2395 Inst.
621 2337 767 2394 Orat.
798 2339 870 2397 11.
911 2357 1035 2394 xvu.
1082 2345 1133 2395 4,
1191 2341 1266 2396 ita
1306 2338 1529 2395 scribit:
1583 2337 1878 2410 »Equidem
1917 2338 2065 2403 illoc,

86 2429 177 2502 qui
229 2437 404 2484 contra
451 2428 782 2499 disputarunt
842 2427 1188 2501 (rhetoricam
1240 2436 1410 2483 artem
1468 2443 1572 2480 non
1627 2425 1763 2499 esse)
1816 2443 1916 2479 non
1956 2435 2063 2480 tam

85 2518 306 2572 sensisse
342 2516 479 2588 quod
516 2516 775 2579 dicerent,
833 2534 988 2588 quam
1038 2534 1278 2571 exercere
1308 2516 1514 2587 inqenia
1549 2514 1799 2568 materiae
1840 2514 2065 2586 diffical-

87 2613 189 2659 tate
228 2604 377 2659 credo
413 2603 672 2669 voluisse,
730 2605 861 2659 sicut
908 2604 1243 2676 Polycratem
1282 2621 1399 2659 cam
1451 2602 1667 2656 Busirin
1727 2602 1965 2656 laudaret
2015 2611 2066 2658 et

90 2692 593 2765 Clytaemnestram:
649 2709 964 2765 quamquam
1002 2694 1084 2759 is,
1133 2692 1268 2766 quod
1325 2691 1406 2745 liis
1455 2690 1710 2744 dissimile
1749 2709 1848 2744 non
1896 2698 2062 2755 esset,

86 2782 427 2855 campocuisse
446 2781 754 2845 orationem,
796 2789 1028 2853 quaeest
1058 2781 1238 2836 habita
1277 2788 1453 2835 contra
1483 2779 1778 2842 Socratem,
1814 2778 2060 2834 dicitur.”

87 2869 249 2925 Vides
287 2869 680 2938 Quintilianum
726 2870 777 2923 in
820 2886 880 2924 ea
921 2870 1169 2942 opinione
1209 2886 1325 2925 esse
1364 2870 1457 2932 τήν
1497 2888 1555 2922 τε
1609 2867 1882 2934 Βουσίριδος
1934 2869 2063 2922 ἀπο-

85 2959 271 3024 λογίαν
310 2958 397 3013 καὶ
437 2961 529 3021 τὴν
570 2960 1002 3026 Κλυταιμνήςρας
1058 2958 1260 3030 ingenii
1315 2955 1596 3012 exercendi
1638 2972 1799 3010 causa
1839 2972 1870 3010 a
1910 2956 2061 3030 Poly-

87 3054 235 3102 crate
274 3048 527 3119 scriptam
571 3063 719 3113 esse,
773 3047 864 3102 sed
904 3049 996 3110 την
1037 3046 1338 3115 Σωκράτους
1388 3044 1703 3112 κατηγορίαν
1739 3043 1805 3097 ab
1846 3060 1907 3099 eo
1948 3061 2064 3099 csse

92 3137 436 3208 compositam
480 3143 539 3190 ut
573 3152 634 3190 ea
673 3142 956 3191 accusator
997 3138 1050 3189 in
1092 3133 1291 3190 iudicio
1341 3140 1527 3189 contra
1571 3132 1846 3188 Socratem
1890 3140 2063 3187 utere-

90 3230 198 3279 tur.
276 3223 474 3297 Nempe
515 3240 681 3296 quum
735 3224 1060 3298 Polycrati8‚
1117 3241 1276 3296 quem
1330 3222 1536 3278 Socrati
1578 3220 1852 3293 aequalem
1896 3220 2063 3275 fuisse

89 3310 395 3377 constabat,
434 3314 575 3368 acris
613 3320 667 3368 et
706 3312 991 3368 vehemens
1035 3312 1270 3368 Socratis
1312 3311 1585 3367 accusatio
1639 3316 1901 3373 exstaret,
1944 3326 2062 3380 pro-

88 3400 212 3455 clivi
249 3406 301 3454 et
336 3400 623 3455 excusabili
664 3418 845 3457 errore
886 3400 1085 3457 eruditi
1132 3401 1375 3456 homines
1415 3399 1557 3454 illam
1604 3399 1772 3470 ipsam
1819 3398 1870 3450 in
1923 3396 2061 3451 iudi-

90 3489 172 3543 cio
207 3486 440 3543 habitam
482 3506 598 3545 esse
639 3492 932 3563 suspicati,
989 3489 1179 3545 deinde
1237 3491 1368 3545 satis
1414 3488 1602 3542 leviter
1660 3485 1724 3540 de
1777 3501 1874 3540 suo
1921 3502 2063 3540 com-

91 3577 256 3633 menti
301 3585 425 3633 sunt
469 3577 748 3644 Maletum,
804 3579 1123 3637 indisertum
1168 3579 1476 3640 hominem,
1538 3574 1800 3650 Polycrati
1855 3573 2063 3630 dedisse
