2436 4068
1041 211 1146 262 207

0 403 1 406 ,
86 364 314 431 gatoreS.
393 354 525 408 Utar
565 369 671 408 uno
711 358 925 409 tantum
966 353 1242 426 exemplo,
1283 353 1424 426 quod
1467 355 1520 409 in
1576 354 1696 410 aliis
1745 373 1959 428 quoque
2003 360 2074 414 lo-

0 453 1 483 l

0 513 2 556 l

82 446 161 501 cis
196 458 353 500 usum
393 439 591 495 habere
630 442 847 512 poterit.
926 441 1202 513 Scriptum
1244 448 1326 496 est
1367 442 1422 496 in
1463 441 1615 498 libris
1666 458 1741 498 νε.
1781 447 1908 500 290.

383 529 426 583 εἰ
465 529 562 594 μὲν
602 528 709 596 γαρ
751 527 838 596 ἔζη
879 527 1029 591 πόσις
1067 530 1460 596 ἀνεγνώσθημεν
1499 529 1566 585 ἄν

386 617 438 677 ἐς
477 615 707 681 ξύμβολ’
749 615 1016 678 ἐλθόντες,
1057 613 1096 670 ἃ
1134 618 1341 685 φανεροὶ
1379 618 1548 684 μόνοις
1588 618 1654 675 ἂν
1695 616 1770 681 ἦν.

83 720 188 761 non
239 718 357 758 aese
411 701 557 757 hunc
613 704 889 757 senarium
947 703 1116 758 Attici
1164 710 1353 775 poetae
1400 713 1454 761 et
1506 706 1726 762 omnino
1778 723 1896 763 esse
1942 708 2075 763 istos

80 806 334 847 numeros
372 791 687 845 innumeros
735 796 790 844 et
829 790 1210 858 κακομέτρους,
1252 791 1437 862 quales
1481 809 1548 848 ne
1593 793 1812 850 Tzetzes
1854 795 2074 867 quidem

79 877 305 934 fundere
356 877 624 949 potuerit,
679 876 883 931 dabunt
936 876 1072 932 mihi
1112 894 1298 932 omnes
1357 881 1451 949 qui
1503 897 1691 937 aurem
1749 883 1948 939 habent
1985 884 2075 939 καὶ

0 1035 1 1046 ¹
77 965 271 1022 τούτων
309 964 421 1032 πέρι
461 963 562 1020 κᾶν
600 966 813 1032 σμικρὸν
846 966 1129 1020 ἐπαΐουσιν.
1209 965 1324 1020 Non
1365 966 1537 1022 multo
1578 969 1773 1026 melius
1813 980 1895 1027 est
1933 971 2076 1044 quod

78 1053 347 1110 Porsonus
389 1050 477 1125 (ad
514 1050 687 1107 Orest.
720 1052 811 1125 51)
855 1051 1231 1108 commendat:

378 1140 430 1200 ἐς
469 1138 700 1206 ξύμβολ’
737 1140 960 1205 ἐλθόνθ’,
1001 1138 1040 1195 οἳ
1078 1140 1261 1210 φανέρ’
1299 1138 1365 1194 ἂν
1398 1140 1568 1206 μόνοις
1605 1142 1670 1198 ἂν
1711 1143 1785 1208 ἦν.

77 1231 134 1284 et
165 1226 319 1299 peius
356 1227 522 1282 etiam
573 1227 715 1299 quod
755 1228 939 1300 Reisig
978 1229 1211 1283 coniecit
1248 1227 1484 1283 Coniect.
1526 1246 1579 1301 p.
1623 1234 1752 1287 245.

382 1314 616 1377 ἐλθόντες
655 1317 706 1377 ἐς
745 1315 975 1383 ξύμβολ’
998 1358 1013 1381 ,
1052 1314 1091 1371 οἳ
1130 1316 1338 1386 Φανεροὶ
1376 1315 1547 1381 μόνοις
1588 1317 1654 1372 ἂν
1693 1316 1768 1381 ἦν.

147 1400 227 1459 Ne
260 1399 438 1458 dicam
478 1402 545 1458 de
577 1405 844 1459 sermonis
881 1405 1014 1460 vitio
1047 1404 1104 1458 in
1138 1402 1203 1458 ἂν
1238 1400 1295 1466 ἦν
1333 1405 1653 1470 commisso,
1694 1406 1788 1461 ubi
1823 1406 2069 1464 additum

0 1499 1 1502 ’
74 1488 140 1547 ku
178 1490 475 1546 orationem
516 1490 781 1547 soloecam
813 1491 976 1558 facit,
1017 1491 1251 1547 violatur
1283 1491 1339 1545 in
1381 1491 1468 1547 his
1507 1499 1656 1548 certa
1687 1493 1773 1550 lex
1811 1497 2070 1561 metrica,

0 1615 1 1622 κ
74 1593 213 1651 quae
250 1577 400 1634 iubet
451 1580 509 1633 in
549 1580 759 1635 senario
814 1581 1023 1653 tragico
1067 1579 1342 1654 dactylum
1400 1580 1454 1634 in
1496 1582 1661 1636 tertia
1699 1581 1825 1638 sede
1864 1584 1940 1640 ita
1980 1602 2070 1657 po·

0 1658 1 1671 ¹
74 1681 232 1731 nere,
271 1673 334 1721 ut
371 1667 548 1738 prima
588 1666 794 1740 syllaba
833 1669 889 1722 in
940 1685 1164 1723 caesura
1205 1668 1307 1732 sit,
1350 1668 1456 1723 nisi
1498 1667 1635 1725 forte
1677 1670 1841 1745 (quod
1883 1679 2067 1728 tamen

0 1799 2 1835 ξ
74 1754 133 1811 in
167 1754 466 1825 Tragoedia
506 1771 791 1827 perrarum
825 1757 930 1830 est)
970 1756 1174 1831 dactyli
1214 1755 1451 1830 syllabae
1484 1772 1671 1814 omnes
1709 1775 1817 1815 uno
1855 1760 2064 1817 eodem-

74 1858 179 1916 que
218 1842 473 1898 vocabulo
511 1843 928 1910 contineantur,
969 1850 1032 1899 ut
1071 1846 1126 1898 in
1166 1843 1368 1899 Helena
1408 1849 1534 1900 753.

374 1932 431 1985 τί
468 1932 602 1992 δῆτα
640 1931 1032 1999 μαντευόμεθας
1072 1940 1181 1994 τοῖς
1220 1934 1370 1988 θεοῖσι
1412 1936 1536 2003 χρή.

0 2013 1 2034 ’
70 2024 126 2075 et
167 2035 242 2074 vs.
285 2021 409 2074 767.

370 2107 444 2160 τα
482 2107 758 2164 Ναυπλίου
796 2107 848 2160 τ’
881 2108 1120 2173 Εὐβοϊκὰ
1160 2110 1570 2176 πυρπολήματα.

0 2190 1 2245 J
69 2198 125 2251 et
168 2209 248 2248 νε.
290 2196 452 2248 1016.

368 2280 626 2336 ἀθάνατον
665 2282 739 2343 εἷς
778 2280 1036 2339 ἀθάνατον
1075 2283 1228 2351 αἰθέρ’
1270 2284 1528 2350 ἐμπεσών.

0 2397 1 2419 ι
70 2367 292 2442 reliquis
349 2368 601 2425 omnibus
657 2368 820 2434 locis,
879 2387 1112 2442 quorum
1171 2372 1364 2442 ingens
1403 2379 1488 2428 est
1542 2372 1685 2445 apud
1739 2374 2056 2448 Euripidem

0 2501 1 2508 ,
70 2455 267 2530 ubique
307 2458 492 2529 copia,
531 2456 736 2531 dactyli
780 2457 994 2530 longam
1048 2458 1311 2532 syllabam
1354 2460 1409 2514 in
1449 2477 1675 2517 caesura
1710 2465 1937 2534 positam
1979 2468 2059 2519 vi-

69 2541 218 2600 debis
259 2552 312 2601 et
348 2545 484 2599 duas
514 2544 704 2600 breves
743 2553 838 2601 aut
873 2546 1265 2620 monosyllabas
1299 2564 1444 2614 esse,
1486 2556 1547 2604 ut
1585 2566 1663 2604 νε.
1691 2554 1791 2617 22,
1829 2555 1930 2618 52,
1961 2558 2054 2609 92.

369 2632 553 2695 Ἑλένη
593 2634 636 2688 δ’
677 2634 910 2697 ἐκλήθην.
951 2632 988 2690 ἃ
1030 2635 1082 2690 δὲ
1122 2635 1454 2703 πεπόνθαμεν
1493 2637 1654 2692 κακοί.

371 2722 555 2789 Ψυχαὶ
597 2722 650 2776 δὲ
689 2723 885 2778 πολλαὶ
925 2723 986 2778 δι’
1029 2723 1115 2789 ἔμ’
1155 2724 1239 2779 ἐπὶ
1277 2726 1673 2793 Σκαμανδρίοις.

368 2810 632 2874 Τελαμὼν
674 2810 696 2863 ὅ
735 2810 931 2878 φύσας.
973 2811 1070 2865 τίν’
1108 2833 1172 2866 αν
1213 2811 1354 2880 ἔχοις
1394 2817 1601 2879 μαλλον
1643 2815 1830 2884 φίλον;

0 2917 2 2923 “
66 2899 124 2951 ot
158 2897 403 3040 passilm,
445 2903 541 2951 aut
592 2894 727 2952 duas
779 2896 967 2953 breves
1019 2898 1204 2954 eodem
1246 2900 1503 2956 vocabulo
1556 2904 1821 2960 contineri
1865 2911 1924 2961 ut
1979 2924 2052 2961 vs.

0 2989 2 3001 ’
69 2982 137 3046 2.
178 2987 247 3050 5,

370 3094 421 3134 ος
461 3071 579 3127 ἀντὶ
620 3074 733 3134 δίας
772 3073 1011 3143 ψακάδος
1053 3075 1332 3140 Αἷγύπτου
1379 3077 1526 3132 πέδον

365 3166 552 3222 λευκῆς
592 3162 839 3224 τακείσης
878 3162 1049 3231 χιόνος
1091 3165 1318 3233 ὑγραίνει
1359 3165 1515 3231 γύας.

366 3254 611 3305 καλοῦσιν
650 3252 813 3313 αὐτὴν
855 3251 1089 3314 Θεονόην.
1129 3252 1202 3307 τοὶ
1242 3255 1353 3309 θεῖα
1392 3253 1515 3322 γαρ.

66 3339 125 3391 et
159 3338 457 3393 sexcenties
511 3337 655 3393 alibi.
735 3338 1033 3396 Rarissime
1084 3341 1245 3396 tertia
1284 3340 1486 3415 dactyli
1540 3341 1744 3416 syllaba
1799 3343 1851 3396 in
1904 3359 2051 3398 voca-

0 3413 2 3430 '
65 3417 189 3479 bnlo
227 3423 763 3500 hypermonosyllabo
803 3426 1127 3494 collocatur,
1174 3428 1316 3483 unde
1363 3431 1609 3485 senarius
1651 3429 2050 3486 immodulatiot·

0 3539 2 3571 ε
65 3515 123 3566 ot
157 3509 344 3569 durior
381 3514 530 3583 exit,
574 3513 749 3586 qualis
787 3521 870 3571 est
910 3516 964 3570 in
1009 3515 1206 3572 Helena
1239 3521 1365 3572 263.

365 3602 417 3656 τί
455 3604 564 3666 δῆτ’
615 3601 688 3658 ἔτι
731 3602 828 3671 ζῶ;
871 3605 966 3659 τίν’
1003 3606 1348 3672 ὑπολείπομαι
1387 3606 1590 3675 τύχηνς
