2436 4068
1279 180 1386 230 640

325 341 507 379 veram
563 329 980 385 commemorat,
1037 328 1222 375 contra
1262 323 1527 387 θαυμαςὸν
1578 326 1619 378 εἰ
1670 327 2037 394 αἰσχυνοῦνται
2094 327 2159 381 ab
2208 346 2300 393 e0,

327 414 416 466 cui
457 430 518 467 ea
569 430 688 475 reS,
747 412 997 481 quoniam
1041 408 1271 463 absurda
1313 411 1419 474 sit,
1469 427 1764 482 numquam
1814 431 1913 468 usu
1961 422 2187 469 ventura
2226 418 2300 469 vi·

326 500 535 555 deatur.

407 589 466 641 ln
512 589 540 656 §
581 591 673 642 55.
725 585 822 640 κᾶν
861 588 934 651 μὴ
977 588 1026 640 ἐν
1065 595 1129 654 τῇ
1187 588 1321 654 αὐτῇ
1378 584 1561 640 πόλει
1604 589 1836 655 ταχθῶσι
1879 592 1947 658 τῷ
1987 592 2175 658 ἐραςῇ,
2216 607 2303 644 ve-

331 675 610 729 hementer
638 673 811 744 >probo
853 674 1110 728 Dindorfii
1164 674 1549 728 correctionem
1582 677 1633 728 ἐν
1669 686 1732 745 τῇ
1772 679 1906 746 αὐτῇ
1965 678 2161 741 τάξει
2209 698 2303 732 τα·

330 765 512 830 χθῶσι.
606 762 859 832 Suspicor
912 762 1036 815 olim
1094 761 1242 825 τάξει
1291 762 1580 828 excidisse,
1642 764 1833 819 deinde
1875 766 2194 820 Graeculum
2237 764 2304 819 de

331 867 480 905 more
520 850 825 904 vocabulum
869 849 992 903 bene
1036 851 1285 903 Graecum
1325 849 1670 920 supplevisse.

408 940 469 994 Iu
513 941 542 1008 ᾗ
578 943 669 995 59.
723 938 987 991 Σόλων-
1012 937 1190 1002 νόμους
1225 939 1424 1005 οὶρίςους
1465 947 1529 1006 τῇ
1572 940 1719 993 πόλει
1759 941 2150 1004 κατέθηκεν,
2205 942 2305 994 ini-

332 1045 423 1082 ror
470 1027 609 1080 unde
659 1026 968 1096 importuna
1021 1026 1342 1097 praepositio
1385 1029 1704 1086 accesserit.
1746 1028 1838 1082 sed
1879 1027 1982 1081 hoc
2036 1031 2146 1081 scio
2181 1029 2308 1082 reti·

335 1116 454 1170 neri
503 1132 605 1168 non
655 1130 805 1185 posse
854 1120 906 1167 et
952 1113 1122 1175 ἔθηκεν
1160 1131 1280 1191 'esse
1321 1115 1704 1185 reponendum.
1787 1116 1919 1183 Quis
1963 1117 2106 1170 enim
2156 1116 2311 1169 indu·

335 1221 457 1259 cere
491 1203 686 1274 poterit
722 1203 775 1255 in
808 1203 1049 1255 animum
1085 1202 1264 1268 νόμους
1306 1205 1749 1259 κατατιθέναι
1791 1222 1886 1276 pro
1925 1206 2112 1260 τιθέναι
2150 1206 2310 1261 Grae-

337 1310 398 1347 ce
434 1292 540 1345 dici
581 1289 768 1362 posse?

415 1380 599 1451 Inepte
639 1378 838 1447 legitur
883 1381 911 1448 §
958 1382 1047 1433 59.
1102 1377 1409 1446 πρόξενοι
1457 1379 1509 1433 δὲ
1548 1379 1636 1434 καὶ
1677 1381 2004 1447 κατάγονται
2045 1381 2128 1436 ἀεὶ
2167 1382 2311 1448 παρα

341 1469 415 1523 σοὶ
456 1470 497 1522 οἱ
539 1466 766 1535 κρατιςοι
806 1467 992 1522 αὐτῶν.
1062 1467 1253 1520 Callias
1293 1473 1409 1520 erat
1460 1468 1636 1532 enim,
1680 1475 1737 1522 ut
1778 1470 1996 1540 opinor,
2039 1469 2274 1537 πρόξενος
2298 1511 2310 1532 ,

340 1574 447 1611 non
503 1555 940 1610 Lacedaemonii:
994 1554 1372 1626 corrigendum
1431 1554 1610 1625 itaque
1661 1556 1967 1625 πρόξενος
2023 1558 2066 1611 δ’
2119 1554 2178 1610 εἴ
2223 1556 2312 1611 καὶ

340 1647 449 1701 κτὲ.

418 1733 478 1788 In
524 1734 553 1803 §
589 1736 677 1787 41.
729 1733 771 1787 εἰ
809 1732 851 1786 δ’
893 1733 1013 1798 ὑμῖν
1054 1731 1175 1785 δοκῶ
1218 1730 1861 1797 σπουδαιολογῆσαι
1902 1737 2109 1799 μᾶλλον
2150 1734 2177 1796 ἢ
2215 1754 2315 1787 πα-

345 1823 410 1892 ρα
448 1819 864 1894 πότονξζπρέπει,
919 1821 1162 1891 suspicor
1201 1820 1713 1883 σπουδαιολογεῒσθαι
1765 1838 1881 1876 esse
1933 1823 2141 1885 veriuS,
2192 1837 2319 1891 quo-

346 1913 492 1965 niam
531 1917 582 1963 et
623 1926 876 1980 praesens
897 1914 1110 1979 tempus
1146 1908 1303 1960 unice
1339 1909 1416 1961 rei
1455 1910 1735 1972 convenit,
1773 1917 1826 1964 et
1859 1909 2028 1963 forma
2052 1910 2319 1973 σπουδαιο-
2404 1919 2436 1958 .-¹

345 2000 611 2067 λογεῖσθαι
635 1997 916 2050 certiorem
954 1996 1112 2050 habet
1150 1995 1305 2049 fidem
1339 2013 1498 2067 qnam
1533 1997 1952 2063 σπουδαιολογεῖν
1975 2043 1989 2065 ,
2020 2007 2072 2054 et
2105 2007 2322 2072 propter
2396 1999 2402 2059 j
2425 2009 2436 2031 '¹

348 2089 579 2144 similem
623 2084 921 2154 analogiam
974 2086 1026 2137 in
1085 2086 1544 2150 δικαιολογεῖσθαι,
1597 2090 2048 2152 μικρολογεῖσθαι,
2106 2099 2320 2141 κοινολο-

347 2179 587 2244 γεῖσθαι,
630 2174 1099 2242 ὑψηλολογεῖσθαι,
1139 2174 1626 2239 ἀκριβολογεῖσθαι,
1680 2174 1837 2238 aliis,
1891 2183 1943 2228 et
1993 2183 2208 2247 propter
2247 2182 2322 2228 te-

348 2264 663 2320 stimonium
706 2261 970 2314 disertum
1011 2260 1377 2331 Xenophontis
1414 2262 1466 2314 in
1510 2259 1738 2314 Anabasi
1768 2262 1807 2315 l.
1848 2279 1916 2316 ix.
1957 2267 2044 2317 27.
2099 2283 2321 2330 προσκα-

348 2360 449 2410 λῶν
488 2352 605 2413 τοὺς
658 2350 842 2418 φίλους
897 2349 1573 2414 ἐσπουδαιολογεῖτο.
1657 2348 1866 2403 Similia
1917 2350 2323 2406 confunduntur

351 2451 406 2498 et
457 2439 604 2496 alibi.
683 2435 837 2508 Apud
895 2436 1304 2491 Demosthenem
1357 2452 1410 2508 p.
1454 2439 1598 2502 421,
1640 2441 1727 2492 20.
1782 2439 1846 2491 σὺ
1892 2439 1934 2492 δ’
1976 2441 2086 2494 ἐκεῖ
2119 2471 2194 2480 ——
2231 2460 2322 2493 κα-

350 2530 645 2596 ταισχύνας
687 2524 893 2585 τούτους
933 2524 1107 2578 ἐνθάδε
1147 2531 1591 2590 σεμνολογεῖ,
1634 2542 1814 2580 veram
1855 2526 2134 2580 lectionem
2179 2526 2323 2581 solus

350 2619 630 2675 Parisinus
681 2613 732 2669 S.
774 2614 1038 2676 servavit,
1094 2630 1123 2666 a
1165 2615 1391 2668 caeteris
1444 2614 1692 2668 omnibus
1744 2622 1838 2668 aut
1893 2615 1950 2667 in
1993 2623 2324 2680 σεμνολογεῖς

354 2709 697 2779 depravatam
754 2708 848 2755 aut
888 2702 941 2754 in
996 2709 1303 2769 σεμνολογῇ.
1384 2702 1521 2756 Hinc
1573 2701 1715 2774 apud
1769 2701 2090 2756 Aeschinem
2128 2702 2192 2755 11.
2236 2706 2324 2756 95.
2406 2726 2407 2731 ¹

352 2793 714 2867 reposuerim:
756 2790 843 2844 καὶ
886 2797 1306 2855 σεμνολογεῖ
1342 2793 1491 2856 ἡμῖν,
1525 2807 1621 2862 pro
1647 2789 1906 2844 librorum
1931 2791 2172 2843 omnium
2195 2791 2326 2844 scri-

350 2892 514 2956 ptura
553 2886 902 2946 σεμνολογεῖς.

431 2971 491 3024 In
549 2985 661 3042 cap.
699 2968 789 3021 IX.
836 2972 885 3019 1.
941 2965 1028 3020 καὶ
1090 2966 1135 3038 [ὁ
1186 2967 1390 3040 Λύκων]
1437 2967 1459 3020 0‘
1513 2968 1683 3034 πατὴρ
1734 2968 1874 3034 αὐτῷ
1929 2964 2160 3029 συνεξιών
2215 2967 2324 3020 κτέ.

353 3060 467 3114 Non
511 3055 780 3111 dubitabis
820 3054 1023 3124 puerile
1079 3053 1342 3108 emblema
1383 3071 1640 3108 resecare.
1719 3054 1875 3108 Nulla
1930 3055 1983 3108 in
2036 3071 2094 3107 re
2153 3055 2326 3124 magis

357 3146 622 3201 insulsum
664 3149 716 3197 et
776 3142 1048 3195 inficetum
1110 3142 1393 3196 sciolorum
1455 3143 1731 3212 ingenium
1789 3148 2007 3213 apparet
2053 3158 2214 3212 quam
2268 3143 2324 3194 in

357 3232 738 3290 additamentis
792 3228 1134 3294 istiusmodi,
1186 3247 1323 3299 quae
1375 3232 1579 3302 pariter
1635 3232 1691 3284 in
1744 3230 1960 3285 Graecis
2015 3230 2324 3301 Latinisque

2420 1422 2425 1433 k

2405 1443 2432 1471 4⁸

2402 1476 2423 1500 Ἰ

2432 1516 2436 1523 .

2407 1583 2436 1615 ἸΙ

2408 1628 2436 1641 ,.

2399 1666 2417 1695 .''

2431 1707 2436 1717 ⁴

2429 1735 2436 1759 1¹.

2408 1765 2436 1776 ,ι

2405 1766 2436 1798 *tir

2400 1795 2436 1910 ll

356 3320 710 3392 scriptoribus
747 3316 1029 3390 pullulant.
1108 3317 1363 3388 Exempla
1404 3318 1566 3372 huius
1621 3318 1698 3372 rei
1740 3319 1910 3373 multa
1953 3320 2059 3372 iam
2099 3316 2325 3372 subinde
2357 3306 2363 3311 ’
2399 3314 2407 3366 ὲ

359 3410 554 3473 attuli,
594 3407 791 3478 quibus
832 3421 998 3476 pauca
1036 3403 1245 3459 addam.
1323 3406 1505 3459 Cicero
1545 3407 1600 3458 in
1640 3407 1815 3477 prima
1851 3407 2060 3461 actione
2100 3406 2155 3459 in
2197 3405 2323 3458 Ver-

357 3514 472 3552 rem
508 3495 668 3550 XVII.
713 3499 800 3548 51.
843 3492 908 3547 ad
949 3500 1249 3563 praetorem
1290 3493 1377 3547 Μ’.
1430 3493 1660 3547 Acilium
1702 3494 2038 3549 Glabrionem
2089 3492 2175 3547 his
2208 3508 2323 3546 ver-

357 3585 440 3640 bis
479 3601 533 3639 se
571 3581 867 3638 convertit:
930 3580 1017 3633 »id
1056 3598 1120 3635 ne
1157 3581 1356 3635 accidat
1395 3589 1451 3635 tu.
1492 3590 1579 3637 tua
1627 3584 1876 3654 sapientia
1912 3615 2015 3646 --,
2057 3582 2145 3635 Μ’.
2196 3581 2320 3637 Gla·
