2436 4068
1028 254 1127 303 177

470 404 567 452 τῶν
605 398 713 453 οὔτι
753 398 1056 467 μετατρέπῃ
1088 397 1189 452 οὐδ’
1230 395 1511 462 ἀλεγίζεις.

190 489 354 545 Recte
400 486 543 540 docti
595 486 836 540 homines
894 492 1245 540 correxerunt
1293 483 1454 538 verba
1505 481 1878 554 Aristophanis
1933 482 2073 554 apud

96 576 445 635 Plutarchum
483 576 536 629 in
579 574 822 646 Compar.
867 575 1028 628 Arist.
1071 580 1125 628 et
1165 571 1441 627 Menandri
1483 572 1535 625 in
1574 571 1718 626 hunc
1754 570 1999 626 modum:

473 665 569 717 ὑπὸ
607 667 697 716 τοῦ
738 663 966 727 γέλωτος
1003 663 1074 722 εἰς
1112 662 1281 715 Γέλαν
1316 659 1595 728 ἀφίξομαι.

92 755 282 808 vitiose
321 751 510 823 scripti
549 750 671 804 libri
703 753 872 815 γελᾶν
907 766 1003 821 pro
1047 749 1216 804 Γέλαν
1257 748 1527 803 exhibent.
1607 748 1666 802 In
1709 747 1852 801 Γέλα
1893 765 2078 802 secun-

89 843 215 898 dam
252 839 476 912 produci
510 846 559 892 ct
597 838 840 909 analogia
876 837 1030 892 docet
1060 845 1114 891 et
1144 843 1423 908 poetarum
1464 853 1595 890 usus
1627 835 1927 891 confirmat.
1982 836 2079 890 Est

90 938 272 986 autem
305 928 447 982 Γέλα
484 942 549 980 ex
587 925 758 980 Γελόα
797 932 1162 987 contractum,
1202 940 1341 995 quae
1379 923 1550 978 forma
1597 923 1957 995 comparanda
1997 932 2080 978 est

90 1035 212 1075 cum
246 1015 499 1079 Μεσσόα,
537 1014 726 1075 Μέσση
761 1013 903 1085 apud
939 1013 1231 1068 Homerum
1274 1012 1666 1083 similibusque.
1746 1013 2080 1082 Argumento

89 1113 171 1162 est
205 1107 265 1159 τὸ
299 1102 511 1166 ε’θνικόν,
553 1101 693 1174 quod
737 1119 840 1156 non
878 1109 959 1157 est
999 1107 1193 1161 Γελῶος
1231 1101 1313 1174 (ut
1346 1099 1486 1172 apud
1522 1100 1845 1154 Meinekium
1883 1106 1934 1153 et
1973 1099 2078 1171 ple-

90 1209 285 1265 rosque
324 1190 490 1246 scribi
530 1191 702 1264 video)
746 1190 839 1245 sed
887 1192 1114 1259 Γελῷος,
1156 1207 1280 1244 nam
1321 1189 1528 1243 nullum
1586 1205 1702 1244 esse
1750 1187 2077 1243 adiectivum

91 1282 354 1338 Graecum
397 1281 452 1333 in
494 1285 606 1341 ·ὦος
646 1280 829 1334 exiens
867 1278 959 1333 sed
995 1280 1107 1347 -ῷος
1146 1278 1346 1350 ubique
1397 1276 1742 1331 scribendum
1791 1275 1917 1330 alibi
1968 1292 2080 1328 rno-

91 1372 326 1426 nuimuS.
406 1367 637 1423 Fallitur
666 1366 970 1438 Stephanus
1003 1384 1052 1419 v.
1083 1367 1226 1421 Γέλα
1260 1365 1529 1420 scribens:
1569 1367 1628 1421 τὸ
1663 1365 1848 1419 ἐθνικὸν
1882 1369 2078 1424 Γελῶος

88 1461 146 1515 οὐ
181 1465 428 1519 Γελαῖος,
467 1459 533 1518 ὥς
568 1457 776 1524 Ἀβρων
818 1456 904 1510 καὶ
939 1458 967 1519 ἦ
1015 1456 1282 1519 συνήθεια.
1327 1454 1413 1509 καὶ
1464 1454 1583 1514 ἴσως
1631 1454 1737 1508 ἀπὸ
1774 1456 1864 1507 τοῦ
1907 1452 2077 1517 γέλως

31 1568 33 1570 ·
88 1549 148 1603 τὸ
185 1551 397 1606 Γελῶος.
440 1543 685 1599 Ridicula
728 1544 858 1599 haec
900 1545 1135 1615 suspicio
1171 1550 1268 1598 est.
1309 1551 1580 1607 Γελοαῖος,
1621 1549 1684 1597 ut
1723 1544 1981 1605 Οἶνοαῑος,
2023 1541 2079 1595 in
2165 1564 2167 1566 ·

89 1637 285 1704 Γελῷος
326 1640 664 1689 contractum
708 1640 806 1687 est.

165 1723 279 1779 Non
313 1723 532 1795 scripsit
571 1720 957 1794 Aristophanes
992 1721 1134 1795 apud
1177 1720 1362 1794 Steph.
1403 1721 1624 1794 Byzant.
1666 1735 1714 1772 v,
1745 1719 1962 1785 Ἄργος.

468 1813 559 1865 οὐκ
597 1809 863 1877 ἦγόρευονς
906 1808 1051 1871 οὗτός
1089 1813 1163 1869 ε’ς’
1202 1813 1292 1866 οὐκ
1331 1809 1614 1877 Ἀργόλας.

91 1916 325 1972 namque
371 1901 462 1954 οὐκ
511 1898 585 1955 ἔας’
627 1898 892 1966 Ἀργόλας
941 1900 1129 1972 utique
1182 1900 1447 1971 scriptum
1496 1896 1750 1968 oportuit.
1832 1893 1982 1961 Quod
2026 1895 2078 1948 iu

92 1988 244 2043 libris
277 1995 359 2043 est
390 1985 536 2048 οὗτός
571 1987 685 2041 ἐστι’
722 1989 778 2052 γ’
816 1990 907 2042 οὐκ
942 1988 1203 2055 Ἀργόλας
1244 2003 1409 2042 manu
1450 1985 1602 2040 (lucit
1642 1983 1733 2038 ad:

468 2077 558 2131 οὐκ
598 2076 861 2143 ἦγόρευονς
902 2077 1072 2131 οὑτοσί
1106 2079 1162 2142 γ’
1201 2079 1291 2131 οὐκ
1330 2075 1611 2143 Ἀργόλας.

92 2164 440 2220 simillimum
478 2164 671 2218 vitium
713 2172 794 2218 est
831 2165 885 2218 in
924 2163 1124 2218 Avibus
1163 2181 1239 2218 vs.
1281 2167 1351 2218 52

469 2252 492 2306 ὂ
532 2253 628 2317 μὲν
664 2251 770 2318 γὰρ
810 2252 874 2306 ὢν
911 2254 1000 2306 οὐκ
1039 2254 1164 2314 οὶςὸς
1201 2252 1559 2320 εἷσβιοέζεται,

93 2357 195 2396 nou
236 2339 440 2395 dicitur
480 2341 624 2395 enim
673 2339 778 2397 ἔςιν
827 2342 916 2395 οὐκ
964 2339 1089 2401 οὶςός
1136 2358 1231 2413 pro
1270 2340 1345 2398 ἔςι
1389 2340 1547 2404 ξένος.
1630 2339 1940 2410 Transpone
1981 2337 2075 2409 igi-

94 2436 208 2486 tur:

470 2518 492 2571 5
530 2518 626 2584 μὲν
666 2517 772 2585 γαρ
812 2519 902 2572 οὐκ
941 2519 1004 2573 ὢν
1044 2519 1169 2579 debe
1210 2517 1556 2586 εἷο-βιάζεται.

171 2606 311 2663 Leve
349 2606 541 2660 vitium
587 2606 758 2661 inficit
794 2607 997 2661 Comici
1039 2623 1226 2662 versus
1266 2606 1409 2678 apud
1442 2605 1570 2660 Poll.
1612 2604 1725 2660 VII.
1767 2607 1838 2659 66

467 2696 561 2756 τὴν
600 2696 840 2764 πτέρυγα
878 2696 1237 2763 παραλύσασα
1275 2699 1367 2750 τοῦ
1401 2694 1641 2763 χιτωνίου

470 2783 557 2838 καὶ
594 2789 692 2838 τῶν
729 2783 1062 2850 ἀποδέσμων,
1101 2781 1172 2844 οἷς
1213 2785 1326 2847 ἐνῆν
1364 2784 1603 2838 τιτθίδια.

37 2897 42 2917 ι
87 2870 315 2928 eluenda
352 2867 423 2933 οἷς
463 2873 574 2935 ἐνῆν
623 2871 695 2926 τὰ
734 2871 922 2926 τιτθία.
1003 2870 1280 2927 Articulus
1319 2872 1464 2927 enim
1518 2871 1854 2927 necessarius
1903 2878 1983 2925 cst
2024 2877 2075 2925 ct

63 2958 255 3017 Attici
292 2961 366 3016 τὰ
403 2962 574 3015 τιτθία
611 2958 888 3023 «licebant,
930 2976 1033 3014 non
1070 2961 1307 3015 τιτθίδια.

166 3046 456 3103 Erotianus
495 3066 543 3102 v.
566 3048 757 3110 ἀνεκας
798 3065 862 3103 ex
900 3047 1255 3121 Aristophane
1296 3048 1472 3107 affert:

391 3137 415 3191 ὁ
454 3137 840 3206 μηχανοποιός,
879 3138 1034 3192 ὁπότε
1072 3138 1253 3204 βούλει
1291 3139 1378 3192 τὸν
1420 3135 1604 3206 τροχόν

391 3226 520 3280 ἐλᾶν
557 3225 775 3290 insuda,
814 3225 977 3291 λέγε·
1017 3232 1201 3295 χαῖρε,
1242 3226 1450 3296 Φέγγος
1492 3226 1650 3289 ἡλίου.

86 3307 216 3365 Mu
251 3319 332 3366 est
374 3312 557 3368 infelix
602 3314 812 3385 Bergkii
857 3315 1182 3370 coniectura.
1262 3314 1422 3369 Codd.
1459 3314 1549 3368 ἐᾶν
1589 3311 1832 3374 κανεκοές.
1905 3311 2077 3365 Corri-

91 3397 320 3470 mdum
364 3418 554 3458 censeo
593 3400 761 3456 ἕλκειν
797 3402 1008 3464 οὶνεκας.

163 3484 223 3541 lu
272 3486 604 3545 nobilissimo
653 3497 751 3547 τῶν
798 3492 1105 3547 Δαιταλέων
1158 3491 1459 3565 fragmento
1512 3488 1652 3562 apud
1707 3487 1963 3544 Galenum
2018 3487 2073 3540 in

93 3573 312 3646 praefat.
366 3575 490 3633 Lex.
545 3579 792 3653 Hippocr.
846 3581 898 3635 in
953 3588 1191 3637 extremo
1246 3578 1499 3636 vocabulo
1548 3576 1802 3634 mendum
1860 3573 2070 3630 insidet.

94 3658 353 3735 Bergkius
398 3663 593 3724 edidit:
