2436 4068
1304 212 1411 262 490

374 359 714 421 πωλήσειν
754 356 828 410 ἔτι
853 357 990 421 ὑμᾶς
1029 355 1186 423 φησὶν
1222 353 1388 423 ῶσπερ
1411 356 1461 408 ἐν
1483 356 1770 425 Βυζαντίῳ,
1811 365 1863 411 et
1897 360 1973 413 sic
2004 360 2202 431 passim
2233 376 2348 414 eant

373 446 635 501 rationem
680 451 924 498 constare
966 442 1186 497 videbis.
1644 466 1646 468 v

450 533 595 587 Idem
631 548 782 586 error
821 531 1144 584 commissus
1184 538 1265 584 est
1300 531 1354 583 in
1396 536 1423 601 ἕ
1468 534 1554 584 25.
1598 532 2005 600 ὑπισχνούμενος
2041 536 2083 589 εἰ
2118 534 2350 602 ἄγοιμι

374 622 431 676 τὸ
466 620 738 688 ςροὶτευμοο
778 620 899 686 πρὸς
934 619 1030 683 σε’,
1069 618 1252 673 τᾶλλοο
1291 618 1348 672 τέ
1390 639 1449 671 σε
1487 619 1627 687 φίλῳ
1667 641 1751 685 μοι
1790 624 2073 689 χρήσεσθαι
2114 625 2222 677 κτὲ.
2265 623 2357 677 ubi

377 710 610 764 aoristus
657 706 921 773 ἀγάγοιμι
962 706 1328 760 testituendus
1367 714 1481 770 est,
1521 724 1773 778 compara
1812 715 1839 777 ς’
1874 713 1964 764 24.
2009 712 2356 800 ὑπισχνούμε-

377 797 455 858 νός
496 816 580 861 μοι
620 796 662 849 εἰ
703 799 879 848 τοιῦτοι
933 793 1281 863 πρώξοιιμι
1332 792 1388 849 εὖ
1429 795 1693 859 ποιήσειν,
1738 806 1790 851 et
1830 797 1956 852 alibi
1993 799 2210 869 passim.

470 884 661 938 Contra
718 881 963 936 futurum
1018 900 1115 954 pro
1169 883 1439 954 praesenti
1499 883 1690 938 vitiose
1744 883 1943 955 legitur
1989 885 2222 941 V11.111.
2269 890 2354 941 10.

380 972 546 1026 ὁπόσοι
586 972 628 1025 δ’
676 970 738 1026 ἂν
787 972 1072 1037 ἁλίσκηται
1124 970 1369 1035 ἀξιώσω
1423 970 1580 1031 αὐτὸς
1620 970 1797 1039 ἔχειν,
1853 973 1942 1027 ubi
1989 973 2115 1038 ἀξιῶ
2162 974 2362 1029 dixisse

376 1077 590 1131 regern,
631 1076 736 1112 non
774 1058 1009 1124 ἀξιώσω,
1051 1060 1395 1130 perspicuum
1433 1066 1532 1112 est.
1589 1058 1861 1130 Quidquid
1899 1070 2038 1117 esset
2063 1062 2198 1117 bello
2238 1079 2359 1134 cap·

375 1156 492 1202 tum
531 1155 590 1201 ut
631 1147 697 1201 ad
734 1164 790 1201 se
839 1146 1107 1202 reseratur
1150 1164 1294 1201 nunc
1345 1149 1577 1201 maxime
1610 1148 1872 1218 postulat,
1913 1167 2081 1221 quum
2129 1149 2194 1204 de
2233 1167 2358 1205 con-

375 1235 669 1290 ditionibus
717 1236 864 1305 agit,
918 1235 1114 1307 quibus
1155 1235 1374 1289 Graecis
1425 1235 1496 1288 sit
1550 1234 1877 1305 stipendium
1931 1237 2174 1291 daturus,
2255 1239 2360 1293 Re·

375 1325 617 1378 ctissime
653 1330 832 1377 autem
869 1325 923 1377 in
962 1324 1151 1378 vicinis
1192 1322 1374 1377 sutura
1411 1322 1701 1392 leguntur,
1743 1323 1835 1376 ubi
1876 1332 1970 1378 aut
2011 1326 2164 1380 novis
2199 1327 2360 1381 sociis

377 1412 660 1484 pollicetur
712 1410 911 1482 aliquid
955 1418 983 1484 ᾗ
1023 1417 1108 1466 10.
1151 1413 1351 1477 τιμήσω
1393 1442 1467 1452 --
1506 1409 1687 1475 ἕξετε,
1728 1419 1822 1466 aut
1866 1413 2129 1483 quomodo
2173 1430 2360 1468 eorum

375 1517 535 1572 opera
579 1516 778 1553 usurus
826 1501 895 1552 sit
933 1498 1169 1552 declarat
1215 1505 1242 1570 ς
1282 1504 1367 1552 11.
1409 1500 1761 1566 πειρασόμεθα
1802 1507 1856 1553 et
1910 1503 1938 1571 §
1979 1504 2063 1556 12.
2106 1500 2360 1565 ἀξιώσεις.

374 1590 516 1643 Haec
572 1589 687 1660 ipsa
730 1587 934 1640 scribas
982 1587 1272 1641 oscitantes
1316 1587 1649 1658 impulerunt
1690 1596 1749 1641 ut
1804 1605 1900 1660 pro
1935 1586 2060 1651 ἀξιῶ
2113 1588 2362 1646 futurum

375 1676 573 1741 ἀξιώσω
616 1674 1024 1730 substituerent.

455 1765 515 1819 In
555 1764 694 1830 §14.
737 1762 784 1817 εἰ
818 1783 895 1822 τις
944 1762 1209 1827 ἀντιλέγει
1246 1763 1479 1828 λεγέτω,
1516 1766 1558 1819 εἰ
1599 1764 1651 1818 δὲ
1690 1765 1764 1829 μη
1787 1807 1801 1829 ,
1839 1764 2202 1833 ἑπιψηφιζέτω
2235 1771 2364 1822 τοιῦ-

373 1875 463 1909 τοι.
542 1851 789 1906 Ridicula
830 1851 990 1905 lectio
1027 1860 1108 1904 est
1148 1851 1540 1920 ἐπιψηφιζέτω,
1596 1853 1750 1922 quasi
1802 1869 1924 1906 vcro
1978 1852 2201 1924 quilibet
2254 1855 2362 1908 ἐπι-

375 1940 658 2011 ψηφίζειν,
710 1940 766 1993 in
806 1939 1123 2011 suffrayium
1173 1939 1415 2005 mittere,
1466 1940 1744 2011 potuisset.
1827 1940 2002 2011 Ipsius
2043 1940 2364 2012 Xenophon-

374 2031 449 2083 tis
490 2028 589 2083 hoc
629 2034 778 2091 erat,
833 2027 993 2098 idque
1041 2043 1096 2080 se
1133 2024 1406 2080 facturum
1445 2027 1578 2081 dicit
1619 2029 1664 2081 si
1706 2045 1862 2083 nemo
1903 2035 2089 2083 contra
2129 2029 2364 2085 diceret:

377 2119 420 2173 εἰ
462 2118 513 2172 δὲ
553 2120 664 2183 μὴ,
719 2117 1055 2184 ἐπιψηφιῶ
1098 2115 1220 2179 ἐγὼ
1260 2119 1473 2181 ταῦτα,
1519 2122 1679 2187 atque
1736 2117 1809 2170 ita
1851 2115 2052 2171 sactum
2094 2124 2209 2172 est:
2251 2119 2363 2174 ἐπεὶ

378 2207 430 2261 δὲ
471 2205 628 2266 οὐδεὶς
669 2204 952 2269 ἀντέλεγεν
993 2203 1388 2270 ἐπεψήφισε
1428 2203 1513 2257 κοιὶ
1558 2202 1693 2267 ἔδοξε
1729 2209 1922 2259 ταῦτα.
2002 2205 2262 2277 Compara
2303 2206 2364 2260 V.

381 2313 416 2348 1.
462 2298 547 2348 14.
603 2295 625 2346 o‘
679 2293 730 2347 δὲ
775 2290 1109 2365 (Xenophon)
1152 2323 1226 2329 —
1269 2292 1567 2360 ἐπεψήφισε
1610 2293 1704 2356 μὲν
1760 2292 1930 2356 οὐδέν,
1971 2299 2024 2346 et
2064 2294 2127 2348 V.
2163 2311 2230 2348 v1.
2275 2299 2364 2350 55.

383 2381 614 2447 ἔγνωσοιν
655 2378 731 2435 ὅτι
771 2412 848 2421 —-
889 2383 1116 2447 Ξενοφῶν
1156 2379 1311 2439 αὐτὸς
1363 2380 1702 2447 ἐπεψηφικὼς
1755 2383 1851 2442 εἴη.
1931 2380 2132 2435 Deinde
2176 2400 2366 2454 prono-

385 2487 508 2525 men
549 2473 726 2524 τοιῦτοο
763 2467 902 2522 male
941 2466 1219 2521 abundans
1261 2473 1315 2520 et
1355 2467 1576 2520 auribus
1633 2467 2074 2522 molestissimum
2126 2487 2371 2542 expunge
2431 2475 2436 2530 ζ’

389 2559 444 2612 ἰ11
484 2557 694 2612 verbis:
739 2556 880 2617 εὐθὺς
922 2557 973 2610 δὲ
1009 2555 1172 2620 Σεύθη
1208 2550 1322 2607 εἷπε
1371 2554 1590 2627 [mom]
1637 2554 1712 2609 ὅτι
1753 2556 2172 2623 συςροιτεύσοιντο
2210 2561 2370 2628 αὐτῷ.
2423 2622 2426 2623 ⁷

465 2646 525 2700 In
563 2650 591 2718 §
631 2648 719 2698 24.
775 2643 887 2697 ἐπεὶ
930 2645 1050 2710 παρ’
1091 2643 1247 2696 αὐτὸν
1283 2641 1449 2709 φέρων
1488 2644 1544 2696 τὸ
1585 2644 1733 2711 κέρως
1777 2645 1798 2697 o‘
1838 2644 2057 2712 οἰνοχόος
2095 2677 2172 2686 —-
2207 2648 2372 2714 ἠρώτοο
2424 2627 2436 2710 ’ζ

394 2736 480 2789 τὸν
520 2733 739 2801 οἰνοχόον
779 2733 833 2787 τί
854 2732 1028 2797 λέγοι·
1073 2731 1094 2784 ὁ
1134 2731 1186 2784 δὲ
1226 2729 1445 2796 οἰνοχόος
1478 2727 1640 2787 εἶπεν.
1720 2731 1946 2786 Multum
1987 2732 2162 2804 placet
2199 2741 2253 2788 et
2291 2751 2374 2789 ar·

394 2822 535 2876 ridet
593 2820 898 2894 Pluygersii
939 2819 1285 2882 coniectura,
1340 2818 1433 2888 qui
1475 2817 1555 2871 bis
1594 2819 1615 2871 ὁ
1661 2819 1880 2887 οἰνοχόος
1921 2838 1950 2875 a
1992 2820 2171 2875 sciolis
2213 2823 2374 2877 inter·

397 2909 635 2981 polatum
676 2925 792 2963 esse
832 2914 1080 2979 putatet
1118 2908 1293 2977 ipsum
1335 2905 1736 2977 Xenophontem
1791 2909 1870 2962 sic
1911 2909 2222 2980 scripsisse:
2264 2910 2374 2964 ἐπεὶ

397 3000 519 3066 παρ’
572 2998 728 3051 αὐτὸν
787 2998 809 3050 ὂ
844 2997 1010 3065 φέρων
1048 2996 1106 3049 τὸ
1147 2994 1296 3061 κε’ροος
1331 2993 1477 3058 ἧκεν,
1534 3001 1585 3048 et
1638 2996 1780 3061 ἤρετο
1821 2997 1906 3050 τὸν
1946 2996 2165 3063 οἰνοχόον
2203 2998 2258 3052 τί
2293 2997 2378 3052 λε’-

399 3106 512 3152 γοι·
567 3086 590 3138 ὁ
629 3085 680 3138 δὲ
731 3081 902 3148 εἶπεν,
956 3099 1091 3154 quae
1132 3087 1278 3136 certe
1331 3081 1502 3136 multo
1552 3081 1797 3153 digniora
1851 3083 2198 3155 Xenophonte
2252 3091 2379 3139 sunt
2412 3067 2436 3135 l

399 3190 562 3247 quam
605 3172 818 3241 vulgata
858 3171 1145 3242 scriptura.

476 3262 537 3317 In
580 3265 608 3332 §
646 3263 737 3315 27.
792 3257 954 3319 ἄλλος
1009 3258 1175 3312 ποιῖδοι
1211 3257 1515 3322 εἰσοιγοιγὼν
1565 3255 1721 3317 οὕτως
1755 3258 2037 3325 ἐδωρήσατο
2084 3258 2380 3332 [προπίνων]

403 3350 490 3406 κοιὶ
550 3349 712 3409 ἄλλος
766 3346 956 3424 ἱμοὲτιοο
997 3354 1061 3414 τῇ
1117 3346 1360 3409 γννοιικί,
1414 3346 1501 3399 κοοὶ
1556 3345 1829 3409 Τιμωσίων
1887 3346 2158 3418 [προπίνων
2205 3340 2423 3416 ἐδωρή-ξῖ

405 3439 560 3508 σοιτο]
601 3435 798 3505 φιάλην
839 3455 897 3488 τε
937 3435 1165 3500 ἀργυρῶν
1201 3431 1288 3485 xx)
1342 3431 1543 3486 τώπιδοο
1583 3430 1736 3495 ἀξίων
1789 3433 1913 3487 δέκοο
1964 3440 2117 3500 μνῶν.
2195 3435 2256 3489 111
2297 3435 2380 3490 his

402 3526 651 3594 προπίνων
693 3522 923 3577 inseruit
963 3521 1142 3575 nescio
1199 3519 1320 3590 quis
1370 3519 1573 3580 οὕτως
1628 3520 1912 3588 ἐδωρήσατο
1951 3522 2081 3595 quid
2121 3529 2262 3577 esset
2302 3523 2379 3576 in·
2416 3542 2419 3546 ·

404 3619 705 3684 terpretans
726 3653 740 3676 ,
783 3609 922 3682 quod
963 3610 1255 3681 interprete
1290 3623 1392 3661 non
1427 3606 1643 3678 egebat:
1686 3607 1877 3664 deinde
1912 3610 2192 3678 ἐδωρήσατο
2226 3610 2378 3664 omit·
