2436 4068
1029 187 1124 237 561

86 333 297 399 σπέρμα,
336 330 415 383 δεῖ
451 328 820 394 καιτοιβάλλειν
874 332 1108 387 τοιούτων
1163 329 1494 398 πραγμάτων
1545 330 1644 385 οὐδ’
1700 332 1742 384 εἰ
1797 334 1954 397 μήπω
2011 332 2076 387 ἂν

85 421 350 487 ἐκφύοι.

162 504 420 562 Notabilis
469 510 552 556 est
608 522 762 560 verae
816 509 1120 580 scripturae
1177 506 1483 577 corruptela
1534 507 1617 561 ἐπ’
1659 509 1938 578 αὐτοφώρῳ
1986 508 2073 563 de-

86 612 281 668 prensa
318 595 373 646 in
417 592 447 659 §
489 594 540 642 2-
593 599 814 649 τοιαῦτα
851 596 956 663 γάρ
994 597 1052 657 δὴ
1093 600 1289 650 ποιοῦσι
1322 601 1460 655 τοῖς
1506 594 1856 662 τυράννοις
1905 599 1949 651 οἱ
1986 600 2074 665 άρ-

81 684 293 752 χόμενοι
343 686 430 739 xxi
472 685 667 742 ἄλλον
709 682 881 737 ὅντινά
915 683 997 737 ozei
1032 688 1284 748 τιμῶντες
1340 682 1728 750 τυγχάνουσιν,
1771 683 1862 738 ubi
1912 686 2071 741 Hein-

14 823 18 836 ,,
82 771 286 826 dorlius
339 775 457 835 τοὺς
517 771 786 841 τυράννους
838 772 1124 824 revocavit.
1208 770 1605 842 Saepenumero
1642 773 2072 840 animadvertes,

8 875 12 879 ’
79 860 125 912 si
160 859 259 914 hoc
306 862 454 933 agis,
506 863 559 915 in
603 859 803 914 talibus
841 859 1194 912 accusativum
1242 874 1500 928 personae
1538 876 1567 914 a
1621 861 1813 916 scribis
1860 863 2070 935 antiqui

11 983 19 998 .
80 965 214 1003 usus
251 950 455 1020 ignaris
496 951 549 1003 in
590 949 824 1002 dativum
863 946 1166 1018 depravari.
1230 947 1512 1000 Praeterea
1553 948 1770 1019 requiro
1808 946 1957 1004 ὅντιν’
1996 951 2071 1006 ἂν

77 1036 159 1090 ἀεὶ
194 1043 445 1103 τιμῶντες
484 1036 839 1104 τυγχάνωσιν.

153 1124 213 1179 In
258 1128 288 1196 §
328 1130 384 1181 6.
444 1128 500 1180 αἱ
542 1126 816 1192 ὑπουργίαι
855 1123 998 1191 παρὰ
1032 1128 1131 1177 τῶν
1167 1122 1502 1191 φοβουμένων
1542 1131 1688 1179 recte
1728 1125 1967 1182 Dindors.
2011 1131 2068 1183 οιὶ

79 1214 309 1268 inseruit
349 1216 405 1269 αἱ
444 1215 590 1283 παρά
629 1220 766 1277 τῶν,
818 1213 924 1266 nisi
961 1209 1103 1282 quod
1144 1211 1292 1279 παρά
1328 1212 1576 1282 exiguam
1635 1211 1795 1268 habet
1840 1231 1871 1268 a
1916 1215 2068 1270 libris

0 1362 7 1366 ,
76 1303 487 1367 auctoritatem,
531 1304 583 1356 in
626 1301 824 1373 quibus
859 1307 938 1354 est
977 1300 1074 1354 ὑπὸ
1094 1304 1194 1353 τῶν
1231 1300 1599 1369 φοβουμένων,
1640 1301 1781 1373 quod
1824 1319 1923 1358 cur
1963 1321 2066 1358 non

76 1391 379 1446 retineatur
418 1390 552 1445 nihil
590 1406 784 1444 causae
825 1404 940 1443 esse
982 1386 1168 1450 video;
1210 1387 1315 1441 vid.
1359 1387 1500 1442 infra
1541 1388 1608 1442 ad
1653 1389 1789 1444 VIII.
1834 1395 1884 1445 2.

151 1479 214 1532 In
274 1481 396 1549 §9.
453 1480 541 1534 καὶ
600 1482 863 1547 ςεφοινῶσι
923 1480 1141 1536 κοινῆς
1196 1478 1382 1544 άρετῆς
1423 1476 1510 1531 καὶ
1560 1479 1860 1546 εὐεργεσίας
1912 1478 2063 1536 ἕνεκα

74 1565 473 1622 emendandum
514 1573 597 1621 est
636 1574 804 1635 κοινῇ,
861 1581 998 1637 quae
1038 1570 1121 1618 est
1160 1565 1303 1619 enim
1327 1607 1343 1630 ,
1400 1582 1633 1637 quaeSO,
1685 1569 1821 1631 κοινὴ
1861 1570 2063 1637 άρετήῖ-

71 1653 319 1710 Gaeteros
374 1662 553 1710 autem
611 1654 838 1708 honores
883 1669 979 1724 pro
1019 1669 1075 1707 se
1126 1653 1353 1726 quisque
1407 1655 1524 1709 viro
1582 1656 1783 1727 optime
1831 1658 2061 1712 merenti

69 1742 275 1798 dicitur
315 1742 511 1799 habere
536 1786 550 1808 ,
603 1760 828 1798 coronas
862 1741 1101 1812 aliosque
1145 1740 1194 1794 id
1239 1758 1411 1812 genus
1455 1741 1685 1798 honores
1723 1747 2064 1801 communiter

72 1832 128 1885 in
169 1848 292 1886 eum
346 1849 534 1887 omnes
582 1830 886 1886 conserunt.
964 1830 1027 1884 ln
1085 1831 1114 1900 §
1162 1833 1247 1885 10.
1309 1830 1678 1886 animadverte
1737 1850 1901 1905 quam
1953 1834 2060 1891 late

70 1926 252 1992 pateat
294 1920 434 1993 apud
473 1921 707 1975 Graecos
742 1935 874 1974 usus
916 1918 1118 1973 formae
1156 1919 1423 1989 passivae:
1467 1921 1514 1975 si
1551 1921 1708 1975 cuius
1743 1923 1904 1977 saluti
1939 1941 2058 1996 pro-

69 2009 308 2080 spiciunt
332 2008 609 2074 homineS‚
649 2010 692 2063 si
717 2025 876 2081 quem
910 2007 1120 2062 salvum
1161 2024 1274 2062 esse
1315 2009 1569 2080 cupiunt,
1605 2009 1866 2066 dicuntur
1905 2018 2055 2082 φρον-

67 2097 224 2166 τίζειν
264 2100 341 2165 μή
379 2119 430 2152 τι
472 2098 647 2165 πάθῃ,
692 2106 744 2152 el
796 2098 842 2151 is
877 2098 966 2152 cui
1017 2096 1235 2151 solliciti
1287 2103 1479 2151 cavent
1517 2099 1845 2168 φροντίζετοιι
1888 2102 1961 2167 μή
2003 2124 2054 2157 τι

63 2184 219 2256 πάθῃ.
301 2186 391 2241 Sic
432 2193 487 2241 el.
525 2202 698 2258 equus
751 2202 815 2241 ex
855 2202 962 2258 quo
998 2185 1122 2257 quis
1174 2184 1451 2239 descendit
1500 2187 1918 2253 κοιτάβοιίνεσθοοι
1975 2190 2051 2245 di·

63 2274 210 2330 citur
275 2273 418 2346 apud
479 2273 884 2346 Xenophontem
939 2273 1004 2330 de
1059 2290 1117 2329 re
1170 2272 1426 2345 Equestri
1461 2274 1550 2330 XI.
1596 2279 1645 2330 7.
1702 2277 1760 2340 ἣν
1807 2279 1860 2333 δὲ
1899 2279 2052 2335 κοιὶό

60 2359 217 2423 ἵππος
257 2362 406 2432 ταχύ
447 2384 507 2418 τε
547 2364 944 2430 κοιτάβάίνητοιι
1000 2362 1089 2417 καὶ
1139 2363 1560 2431 άποχωλινῶτοιι.
1640 2365 2047 2424 Eiusdemmodi

16 2480 20 2515 ;
61 2458 145 2506 est
190 2450 330 2523 quod
373 2452 428 2505 in
471 2450 823 2507 Oeconomico
861 2451 949 2506 IV.
993 2454 1043 2505 2.
1102 2449 1238 2505 dixit
1280 2451 1573 2525 Xenophon
1622 2455 1679 2508 οιὶ
1722 2456 2044 2521 βάνοιυσικοιὶ

22 2539 376 2611 ,καλούμεναι
420 2540 651 2615 (τέχναι)
692 2540 901 2602 εἰκότως
941 2538 1080 2595 πάνυ
1125 2538 1424 2602 άδοξοῦντάι
1466 2542 1588 2611 πρὸς
1629 2548 1727 2598 τῶν
1772 2545 1987 2602 πόλεων.

0 2693 32 2706 Ἴ,
136 2626 196 2681 In
255 2630 284 2698 S
329 2631 416 2683 12.
476 2627 612 2682 male
670 2635 885 2700 recepta
938 2635 1021 2683 est
1071 2627 1314 2683 Dorvillii
1376 2628 1561 2685 infelix
1602 2632 1914 2690 coniectura
1971 2637 2047 2692 δε-

18 2712 26 2731 ”
55 2715 217 2782 εμοὺς
258 2716 580 2783 άντιπάσχοι
641 2732 736 2788 pro
784 2716 1210 2786 άντιποιράσχοι,
1261 2733 1386 2771 nam
1445 2717 1643 2787 πάσχω
1710 2722 1898 2789 δεσμόν
1947 2734 2043 2781 aul.

54 2803 271 2859 θάνατον
313 2812 406 2859 aut
446 2808 626 2874 φυγήν
667 2804 975 2878 similiaque
1013 2804 1215 2861 Graece
1249 2805 1356 2860 dici
1407 2823 1513 2861 non
1550 2818 1806 2880 possunt,
1855 2830 2041 2886 quem·

57 2890 345 2947 admodum
405 2910 567 2966 supra
622 2893 958 2949 ostendimus
991 2894 1120 2960 βίαν
1176 2895 1375 2965 πάσχω
1431 2913 1533 2951 non
1588 2914 1704 2954 esse
1757 2899 2038 2958 Graecum.

55 2986 224 3035 Ποιεῖν
264 2987 314 3036 et
351 2981 585 3051 πάσχειν
625 2983 677 3037 in
702 2981 960 3055 loquendi
997 2999 1099 3038 usu
1141 2985 1444 3039 arctissima
1481 2988 1878 3045 necessitudine
1917 3008 2042 3046 con·

56 3066 241 3125 iuncta
300 3077 461 3126 sunt:
523 3088 627 3143 quo
682 3088 845 3127 sensu
897 3080 1057 3128 ποιεῖν
1107 3071 1226 3127 τινά
1265 3093 1315 3127 τι
1358 3072 1563 3129 dicitur
1622 3079 1795 3132 active
1853 3079 2037 3135 eodem

53 3157 264 3229 passive
321 3158 556 3229 πάσχειν
604 3182 654 3215 τι
709 3160 807 3215 ὑπό
855 3181 987 3222 τινος
1012 3205 1024 3224 ,
1081 3169 1139 3217 ut
1174 3162 1352 3227 λέγειν
1390 3162 1507 3218 τινά
1547 3185 1598 3219 τι
1656 3164 1814 3221 habet
1870 3170 2038 3240 passi-

50 3259 181 3299 vum
211 3246 413 3301 ἀκούειν
440 3269 490 3302 τι
527 3249 626 3304 ὑπό
658 3269 806 3310 τινος.
887 3249 1351 3317 Quemadmodum
1389 3253 1559 3324 igitur
1592 3252 1841 3309 dicebant
1874 3264 2037 3312 ποιεῖν

52 3352 171 3386 τινα
211 3333 349 3388 δεινά
389 3342 442 3390 et
482 3337 601 3392 sim.
644 3340 721 3393 sic
760 3337 994 3407 πάσχειν
1034 3339 1172 3394 δεινά
1214 3339 1313 3395 ὑπό
1352 3361 1518 3402 τινοςε
1577 3342 1629 3396 in
1672 3342 1866 3414 quibus
1907 3361 2034 3416 ergo

53 3419 215 3474 verbo
251 3428 412 3477 ποιεῖν
452 3422 599 3479 locus
635 3443 738 3481 non
788 3433 870 3482 est
910 3428 961 3480 in
1004 3428 1069 3480 iis
1108 3427 1340 3497 πάσχειν
1383 3447 1593 3502 quoque
1637 3432 1886 3502 usurpari
1930 3450 2032 3487 non

53 3515 246 3579 potest.
327 3511 450 3565 Βίαν
494 3523 654 3569 ποιεῖν
695 3536 811 3569 τινα
854 3523 948 3570 aut
985 3537 1081 3571 τινι
1127 3517 1209 3589 (ut
1251 3518 1354 3572 vim
1397 3521 1571 3590 facere
1611 3517 1792 3591 alicui)
1837 3518 2035 3577 Graece

54 3611 226 3667 neque
270 3599 494 3668 cogitari
534 3616 706 3672 noque
747 3603 851 3659 dici
898 3612 1104 3676 potest,
1148 3606 1238 3660 scil
1289 3607 1458 3670 βίαιόν
1513 3628 1562 3660 τι
1613 3614 1772 3661 ποιεῖν
1824 3630 1938 3663 τινα
1981 3618 2033 3666 et
