<?xml version="1.0" encoding="UTF-8"?>
<!DOCTYPE html PUBLIC "-//W3C//DTD XHTML 1.0 Transitional//EN"
    "http://www.w3.org/TR/xhtml1/DTD/xhtml1-transitional.dtd">
<html xmlns="http://www.w3.org/1999/xhtml" xml:lang="en" lang="en">
 <head>
  <title>
</title>
<meta http-equiv="Content-Type" content="text/html;charset=utf-8" />
  <meta name='ocr-system' content='tesseract 3.04.00' />
  <meta name='ocr-capabilities' content='ocr_page ocr_carea ocr_par ocr_line ocrx_word'/>
</head>
<body>
  <div class='ocr_page' id='page_1' title='image "./novaelectionesqu00cobeuoft/novaelectionesqu00cobeuoft_0534.png"; bbox 0 0 2436 4068; ppageno 0'>
   <div class='ocr_carea' id='block_1_1' title="bbox 1337 243 1443 292">
    <p class='ocr_par' dir='ltr' id='par_1_1' title="bbox 1337 243 1443 292">
     <span class='ocr_line' id='line_1_1' title="bbox 1337 243 1443 292; baseline 0.009 -1"><span class='ocrx_word' id='word_1_1' title='bbox 1337 243 1443 292; x_wconf 75' lang='lat'>500</span> 
     </span>
    </p>
   </div>
   <div class='ocr_carea' id='block_1_2' title="bbox 393 383 2381 1422">
    <p class='ocr_par' dir='ltr' id='par_1_2' title="bbox 402 383 2374 529">
     <span class='ocr_line' id='line_1_2' title="bbox 403 383 2374 458; baseline 0.001 -17"><span class='ocrx_word' id='word_1_2' title='bbox 403 387 486 442; x_wconf 76' lang='grc' dir='ltr'>ἐπὶ</span> <span class='ocrx_word' id='word_1_3' title='bbox 527 386 695 451; x_wconf 76' lang='grc' dir='ltr'><em>ξενίαν</em></span> <span class='ocrx_word' id='word_1_4' title='bbox 733 393 826 439; x_wconf 88' lang='lat' dir='ltr'>aut</span> <span class='ocrx_word' id='word_1_5' title='bbox 867 385 950 439; x_wconf 82' lang='grc' dir='ltr'>ἐπὶ</span> <span class='ocrx_word' id='word_1_6' title='bbox 990 384 1131 452; x_wconf 73' lang='grc' dir='ltr'><em>ξενία</em></span> <span class='ocrx_word' id='word_1_7' title='bbox 1171 383 1403 454; x_wconf 81' lang='lat' dir='ltr'>legitur,</span> <span class='ocrx_word' id='word_1_8' title='bbox 1447 384 1806 440; x_wconf 84' lang='lat' dir='ltr'>emendandos</span> <span class='ocrx_word' id='word_1_9' title='bbox 1851 405 1965 442; x_wconf 82' lang='lat' dir='ltr'>esse</span> <span class='ocrx_word' id='word_1_10' title='bbox 2013 388 2226 458; x_wconf 79' lang='lat' dir='ltr'>saepius</span> <span class='ocrx_word' id='word_1_11' title='bbox 2272 389 2374 442; x_wconf 81' lang='lat' dir='ltr'>iam</span> 
     </span>
     <span class='ocr_line' id='line_1_3' title="bbox 402 475 905 529; baseline -0.008 0"><span class='ocrx_word' id='word_1_12' title='bbox 402 475 905 529; x_wconf 82' lang='lat' dir='ltr'>demonstravimus,</span> 
     </span>
    </p>

    <p class='ocr_par' dir='ltr' id='par_1_3' title="bbox 393 557 2381 1250">
     <span class='ocr_line' id='line_1_4' title="bbox 476 557 2378 633; baseline 0.001 -18"><span class='ocrx_word' id='word_1_13' title='bbox 476 563 533 616; x_wconf 92' lang='lat' dir='ltr'>In</span> <span class='ocrx_word' id='word_1_14' title='bbox 577 566 602 633; x_wconf 74' lang='lat'>§</span> <span class='ocrx_word' id='word_1_15' title='bbox 640 566 688 615; x_wconf 92' lang='lat'>¹7.</span> <span class='ocrx_word' id='word_1_16' title='bbox 741 561 797 623; x_wconf 77' lang='grc' dir='ltr'><em>ἢν</em></span> <span class='ocrx_word' id='word_1_17' title='bbox 839 557 922 613; x_wconf 73' lang='grc' dir='ltr'>οὖν</span> <span class='ocrx_word' id='word_1_18' title='bbox 964 559 1076 621; x_wconf 78' lang='grc' dir='ltr'><em>ἴητε</em></span> <span class='ocrx_word' id='word_1_19' title='bbox 1124 560 1215 613; x_wconf 83' lang='grc' dir='ltr'>σὺν</span> <span class='ocrx_word' id='word_1_20' title='bbox 1263 562 1386 625; x_wconf 84' lang='grc' dir='ltr'><em>ήμῖν</em></span> <span class='ocrx_word' id='word_1_21' title='bbox 1433 559 1519 613; x_wconf 82' lang='grc' dir='ltr'>τόν</span> <span class='ocrx_word' id='word_1_22' title='bbox 1568 581 1626 614; x_wconf 87' lang='grc' dir='ltr'>τε</span> <span class='ocrx_word' id='word_1_23' title='bbox 1678 562 1855 629; x_wconf 80' lang='grc' dir='ltr'><em>ἐχθρὸν</em></span> <span class='ocrx_word' id='word_1_24' title='bbox 1902 564 2246 630; x_wconf 76' lang='grc' dir='ltr'><em>τιμωρήσεσθε</em></span> <span class='ocrx_word' id='word_1_25' title='bbox 2291 564 2378 617; x_wconf 80' lang='grc' dir='ltr'><em>καὶ</em></span> 
     </span>
     <span class='ocr_line' id='line_1_5' title="bbox 398 646 2378 722; baseline 0 -19"><span class='ocrx_word' id='word_1_26' title='bbox 398 649 622 717; x_wconf 78' lang='grc' dir='ltr'><em>δαρεικὸν</em></span> <span class='ocrx_word' id='word_1_27' title='bbox 663 646 844 708; x_wconf 75' lang='grc' dir='ltr'><em>ἕκαςος</em></span> <span class='ocrx_word' id='word_1_28' title='bbox 885 647 1007 701; x_wconf 78' lang='grc' dir='ltr'><em>οἴσει</em></span> <span class='ocrx_word' id='word_1_29' title='bbox 1036 653 1126 702; x_wconf 78' lang='grc' dir='ltr'>τοῦ</span> <span class='ocrx_word' id='word_1_30' title='bbox 1164 649 1318 714; x_wconf 75' lang='grc' dir='ltr'><em>μηνὸς</em></span> <span class='ocrx_word' id='word_1_31' title='bbox 1355 650 1509 714; x_wconf 80' lang='grc' dir='ltr'><em>ὑμῶν.</em></span> <span class='ocrx_word' id='word_1_32' title='bbox 1590 647 1875 701; x_wconf 82' lang='lat' dir='ltr'>Mirificum</span> <span class='ocrx_word' id='word_1_33' title='bbox 1921 649 2019 702; x_wconf 91' lang='lat' dir='ltr'>hoc</span> <span class='ocrx_word' id='word_1_34' title='bbox 2065 658 2146 702; x_wconf 81' lang='lat' dir='ltr'>est</span> <span class='ocrx_word' id='word_1_35' title='bbox 2189 649 2378 722; x_wconf 85' lang='lat' dir='ltr'>hyper-</span> 
     </span>
     <span class='ocr_line' id='line_1_6' title="bbox 400 734 2380 807; baseline 0 -16"><span class='ocrx_word' id='word_1_36' title='bbox 400 738 555 791; x_wconf 81' lang='lat' dir='ltr'>baton</span> <span class='ocrx_word' id='word_1_37' title='bbox 611 753 703 807; x_wconf 88' lang='lat' dir='ltr'>pro</span> <span class='ocrx_word' id='word_1_38' title='bbox 739 734 922 795; x_wconf 78' lang='grc' dir='ltr'><em>ἕκαςος</em></span> <span class='ocrx_word' id='word_1_39' title='bbox 963 737 1100 800; x_wconf 79' lang='grc' dir='ltr'><em>ὑμῶν</em></span> <span class='ocrx_word' id='word_1_40' title='bbox 1135 737 1256 791; x_wconf 77' lang='grc' dir='ltr'><em>οἴσει</em></span> <span class='ocrx_word' id='word_1_41' title='bbox 1297 742 1386 791; x_wconf 81' lang='grc' dir='ltr'>τοῦ</span> <span class='ocrx_word' id='word_1_42' title='bbox 1429 735 1614 802; x_wconf 77' lang='grc' dir='ltr'><em>μηνός,</em></span> <span class='ocrx_word' id='word_1_43' title='bbox 1662 742 1716 789; x_wconf 84' lang='lat' dir='ltr'>et</span> <span class='ocrx_word' id='word_1_44' title='bbox 1757 738 1877 805; x_wconf 87' lang='lat' dir='ltr'>quis</span> <span class='ocrx_word' id='word_1_45' title='bbox 1912 736 2131 790; x_wconf 80' lang='lat' dir='ltr'>inducet</span> <span class='ocrx_word' id='word_1_46' title='bbox 2166 738 2219 790; x_wconf 89' lang='lat' dir='ltr'>in</span> <span class='ocrx_word' id='word_1_47' title='bbox 2269 739 2380 791; x_wconf 89' lang='lat' dir='ltr'>ani-</span> 
     </span>
     <span class='ocr_line' id='line_1_7' title="bbox 398 822 2377 895; baseline 0 -16"><span class='ocrx_word' id='word_1_48' title='bbox 398 842 547 879; x_wconf 90' lang='lat' dir='ltr'>mum</span> <span class='ocrx_word' id='word_1_49' title='bbox 601 824 675 877; x_wconf 90' lang='lat' dir='ltr'>ita</span> <span class='ocrx_word' id='word_1_50' title='bbox 719 822 850 876; x_wconf 86' lang='lat' dir='ltr'>haec</span> <span class='ocrx_word' id='word_1_51' title='bbox 907 839 938 876; x_wconf 92' lang='lat' dir='ltr'>a</span> <span class='ocrx_word' id='word_1_52' title='bbox 989 824 1338 895; x_wconf 79' lang='lat' dir='ltr'>Xenophonte</span> <span class='ocrx_word' id='word_1_53' title='bbox 1391 824 1619 878; x_wconf 82' lang='lat' dir='ltr'>formata</span> <span class='ocrx_word' id='word_1_54' title='bbox 1674 823 1824 877; x_wconf 83' lang='lat' dir='ltr'>esse?</span> <span class='ocrx_word' id='word_1_55' title='bbox 1922 824 2075 877; x_wconf 87' lang='lat' dir='ltr'>Levis</span> <span class='ocrx_word' id='word_1_56' title='bbox 2126 841 2278 878; x_wconf 89' lang='lat' dir='ltr'>error</span> <span class='ocrx_word' id='word_1_57' title='bbox 2325 827 2377 879; x_wconf 92' lang='lat' dir='ltr'>in</span> 
     </span>
     <span class='ocr_line' id='line_1_8' title="bbox 398 910 2381 983; baseline -0.001 -15"><span class='ocrx_word' id='word_1_58' title='bbox 398 921 662 968; x_wconf 87' lang='grc' dir='ltr'>ΟΙΣΕΤΕ</span> <span class='ocrx_word' id='word_1_59' title='bbox 702 912 1022 965; x_wconf 86' lang='lat' dir='ltr'>commissus</span> <span class='ocrx_word' id='word_1_60' title='bbox 1071 912 1136 965; x_wconf 87' lang='lat' dir='ltr'>ab</span> <span class='ocrx_word' id='word_1_61' title='bbox 1185 913 1252 965; x_wconf 84' lang='lat' dir='ltr'>iis</span> <span class='ocrx_word' id='word_1_62' title='bbox 1290 914 1382 983; x_wconf 89' lang='lat' dir='ltr'>qui</span> <span class='ocrx_word' id='word_1_63' title='bbox 1422 910 1604 972; x_wconf 77' lang='grc' dir='ltr'><em>ἕκαςος</em></span> <span class='ocrx_word' id='word_1_64' title='bbox 1641 911 1805 965; x_wconf 79' lang='grc' dir='ltr'><em>οἴσετε</em></span> <span class='ocrx_word' id='word_1_65' title='bbox 1847 911 2186 965; x_wconf 87' lang='lat' dir='ltr'>mirabantur</span> <span class='ocrx_word' id='word_1_66' title='bbox 2226 912 2381 967; x_wconf 87' lang='lat' dir='ltr'>futile</span> 
     </span>
     <span class='ocr_line' id='line_1_9' title="bbox 396 997 2381 1071; baseline -0.001 -16"><span class='ocrx_word' id='word_1_67' title='bbox 396 1001 821 1055; x_wconf 87' lang='lat' dir='ltr'>additamentum</span> <span class='ocrx_word' id='word_1_68' title='bbox 880 1002 1100 1071; x_wconf 86' lang='lat' dir='ltr'>peperit.</span> <span class='ocrx_word' id='word_1_69' title='bbox 1193 1001 1465 1054; x_wconf 86' lang='lat' dir='ltr'>Emenda:</span> <span class='ocrx_word' id='word_1_70' title='bbox 1520 1001 1605 1054; x_wconf 79' lang='grc' dir='ltr'><em>καὶ</em></span> <span class='ocrx_word' id='word_1_71' title='bbox 1669 999 1893 1067; x_wconf 76' lang='grc' dir='ltr'><em>δαρεικὸν</em></span> <span class='ocrx_word' id='word_1_72' title='bbox 1941 997 2122 1059; x_wconf 72' lang='grc' dir='ltr'><em>ἕκαςος</em></span> <span class='ocrx_word' id='word_1_73' title='bbox 2173 999 2381 1054; x_wconf 78' lang='grc' dir='ltr'><em>οἴσετε</em></span> 
     </span>
     <span class='ocr_line' id='line_1_10' title="bbox 393 1087 2377 1159; baseline 0 -16"><span class='ocrx_word' id='word_1_74' title='bbox 393 1094 482 1144; x_wconf 73' lang='grc' dir='ltr'>τοῦ</span> <span class='ocrx_word' id='word_1_75' title='bbox 525 1087 682 1154; x_wconf 77' lang='grc' dir='ltr'><em>μηνός</em></span> <span class='ocrx_word' id='word_1_76' title='bbox 729 1095 995 1159; x_wconf 86' lang='lat' dir='ltr'>expuncto</span> <span class='ocrx_word' id='word_1_77' title='bbox 1038 1088 1355 1143; x_wconf 73' lang='lat' dir='ltr'>emblemate</span> <span class='ocrx_word' id='word_1_78' title='bbox 1392 1089 1554 1154; x_wconf 76' lang='grc' dir='ltr'><em>ὑμῶν,</em></span> <span class='ocrx_word' id='word_1_79' title='bbox 1598 1088 1686 1140; x_wconf 91' lang='lat' dir='ltr'>cui</span> <span class='ocrx_word' id='word_1_80' title='bbox 1727 1088 1833 1141; x_wconf 89' lang='lat' dir='ltr'>iam</span> <span class='ocrx_word' id='word_1_81' title='bbox 1881 1087 2062 1141; x_wconf 86' lang='lat' dir='ltr'>nulius</span> <span class='ocrx_word' id='word_1_82' title='bbox 2103 1087 2252 1142; x_wconf 87' lang='lat' dir='ltr'>locus</span> <span class='ocrx_word' id='word_1_83' title='bbox 2292 1106 2377 1143; x_wconf 86' lang='lat' dir='ltr'>su·</span> 
     </span>
     <span class='ocr_line' id='line_1_11' title="bbox 397 1183 594 1250; baseline 0 -19"><span class='ocrx_word' id='word_1_84' title='bbox 397 1183 594 1250; x_wconf 87' lang='lat' dir='ltr'>perest.</span> 
     </span>
    </p>

    <p class='ocr_par' dir='ltr' id='par_1_4' title="bbox 395 1263 2380 1422">
     <span class='ocr_line' id='line_1_12' title="bbox 472 1263 2380 1338; baseline -0.002 -18"><span class='ocrx_word' id='word_1_85' title='bbox 472 1267 530 1320; x_wconf 90' lang='lat' dir='ltr'>In</span> <span class='ocrx_word' id='word_1_86' title='bbox 574 1268 676 1338; x_wconf 77' lang='lat'>§9.</span> <span class='ocrx_word' id='word_1_87' title='bbox 720 1263 1077 1330; x_wconf 79' lang='grc' dir='ltr'><em>ςρατευύμενοι</em></span> <span class='ocrx_word' id='word_1_88' title='bbox 1118 1295 1190 1303; x_wconf 86' lang='lat'>-—</span> <span class='ocrx_word' id='word_1_89' title='bbox 1223 1264 1360 1317; x_wconf 78' lang='grc' dir='ltr'><em>οὐδὲν</em></span> <span class='ocrx_word' id='word_1_90' title='bbox 1403 1263 1757 1329; x_wconf 80' lang='grc' dir='ltr'><em>πεπαύμεθα,</em></span> <span class='ocrx_word' id='word_1_91' title='bbox 1803 1269 1946 1317; x_wconf 82' lang='lat' dir='ltr'>recte</span> <span class='ocrx_word' id='word_1_92' title='bbox 1981 1263 2215 1317; x_wconf 77' lang='lat' dir='ltr'>asseruit</span> <span class='ocrx_word' id='word_1_93' title='bbox 2253 1263 2380 1316; x_wconf 84' lang='lat' dir='ltr'>Din-</span> 
     </span>
     <span class='ocr_line' id='line_1_13' title="bbox 395 1350 2378 1422; baseline -0.001 -15"><span class='ocrx_word' id='word_1_94' title='bbox 395 1354 597 1408; x_wconf 84' lang='lat' dir='ltr'>dortius</span> <span class='ocrx_word' id='word_1_95' title='bbox 629 1354 766 1406; x_wconf 76' lang='grc' dir='ltr'><em>οὐδὲν</em></span> <span class='ocrx_word' id='word_1_96' title='bbox 801 1352 1038 1418; x_wconf 81' lang='grc' dir='ltr'><em>παύομαι</em></span> <span class='ocrx_word' id='word_1_97' title='bbox 1076 1359 1129 1406; x_wconf 87' lang='lat' dir='ltr'>et</span> <span class='ocrx_word' id='word_1_98' title='bbox 1166 1353 1303 1406; x_wconf 78' lang='grc' dir='ltr'><em>οὐδὲν</em></span> <span class='ocrx_word' id='word_1_99' title='bbox 1343 1353 1640 1417; x_wconf 76' lang='grc' dir='ltr'><em>πέπαυμαι.</em></span> <span class='ocrx_word' id='word_1_100' title='bbox 1724 1350 2046 1422; x_wconf 85' lang='lat' dir='ltr'>Saepissime</span> <span class='ocrx_word' id='word_1_101' title='bbox 2078 1351 2208 1404; x_wconf 89' lang='lat' dir='ltr'>haec</span> <span class='ocrx_word' id='word_1_102' title='bbox 2237 1351 2378 1422; x_wconf 86' lang='lat' dir='ltr'>apud</span> 
     </span>
    </p>
   </div>
   <div class='ocr_carea' id='block_1_3' title="bbox 308 1437 2380 1518">
    <p class='ocr_par' dir='ltr' id='par_1_5' title="bbox 308 1437 2380 1518">
     <span class='ocr_line' id='line_1_14' title="bbox 308 1437 2380 1518; baseline -0.001 -21"><span class='ocrx_word' id='word_1_103' title='bbox 308 1502 311 1518; x_wconf 84' lang='lat'>.</span> <span class='ocrx_word' id='word_1_104' title='bbox 395 1441 746 1497; x_wconf 84' lang='lat' dir='ltr'>Athenienses</span> <span class='ocrx_word' id='word_1_105' title='bbox 780 1439 1062 1510; x_wconf 81' lang='lat' dir='ltr'>leguntur:</span> <span class='ocrx_word' id='word_1_106' title='bbox 1105 1443 1159 1494; x_wconf 80' lang='grc' dir='ltr'><em>οὐ</em></span> <span class='ocrx_word' id='word_1_107' title='bbox 1197 1441 1426 1494; x_wconf 88' lang='grc' dir='ltr'><em>παύεται</em></span> <span class='ocrx_word' id='word_1_108' title='bbox 1468 1449 1520 1495; x_wconf 87' lang='lat' dir='ltr'>et</span> <span class='ocrx_word' id='word_1_109' title='bbox 1560 1441 1698 1494; x_wconf 79' lang='grc' dir='ltr'><em>οὐδὲν</em></span> <span class='ocrx_word' id='word_1_110' title='bbox 1729 1441 1956 1494; x_wconf 89' lang='grc' dir='ltr'><em>παύεται</em></span> <span class='ocrx_word' id='word_1_111' title='bbox 2005 1440 2083 1493; x_wconf 87' lang='lat' dir='ltr'>sic</span> <span class='ocrx_word' id='word_1_112' title='bbox 2123 1437 2380 1494; x_wconf 83' lang='lat' dir='ltr'>differunt</span> 
     </span>
    </p>
   </div>
   <div class='ocr_carea' id='block_1_4' title="bbox 394 1526 2436 3709">
    <p class='ocr_par' dir='ltr' id='par_1_6' title="bbox 396 1526 2380 1771">
     <span class='ocr_line' id='line_1_15' title="bbox 396 1526 2380 1600; baseline -0.002 -16"><span class='ocrx_word' id='word_1_113' title='bbox 396 1537 457 1584; x_wconf 82' lang='lat' dir='ltr'>ut</span> <span class='ocrx_word' id='word_1_114' title='bbox 497 1529 709 1583; x_wconf 78' lang='lat' dir='ltr'>Latine:</span> <span class='ocrx_word' id='word_1_115' title='bbox 750 1528 913 1598; x_wconf 78' lang='lat' dir='ltr'>finem</span> <span class='ocrx_word' id='word_1_116' title='bbox 947 1545 1047 1581; x_wconf 92' lang='lat' dir='ltr'>non</span> <span class='ocrx_word' id='word_1_117' title='bbox 1084 1530 1214 1600; x_wconf 81' lang='lat' dir='ltr'>facil</span> <span class='ocrx_word' id='word_1_118' title='bbox 1248 1535 1299 1582; x_wconf 88' lang='lat' dir='ltr'>et</span> <span class='ocrx_word' id='word_1_119' title='bbox 1335 1529 1496 1588; x_wconf 77' lang='lat' dir='ltr'>finem</span> <span class='ocrx_word' id='word_1_120' title='bbox 1536 1528 1741 1582; x_wconf 85' lang='lat' dir='ltr'>nullum</span> <span class='ocrx_word' id='word_1_121' title='bbox 1773 1529 1917 1599; x_wconf 76' lang='lat' dir='ltr'>facit.</span> <span class='ocrx_word' id='word_1_122' title='bbox 1996 1526 2380 1598; x_wconf 85' lang='lat' dir='ltr'>Aristophanes</span> 
     </span>
     <span class='ocr_line' id='line_1_16' title="bbox 397 1617 855 1688; baseline -0.009 -16"><span class='ocrx_word' id='word_1_123' title='bbox 397 1620 450 1672; x_wconf 91' lang='lat' dir='ltr'>in</span> <span class='ocrx_word' id='word_1_124' title='bbox 494 1617 649 1688; x_wconf 89' lang='lat' dir='ltr'>Vesp.</span> <span class='ocrx_word' id='word_1_125' title='bbox 695 1619 855 1669; x_wconf 83' lang='lat'>1478.</span> 
     </span>
     <span class='ocr_line' id='line_1_17' title="bbox 773 1703 1886 1771; baseline -0.001 -14"><span class='ocrx_word' id='word_1_126' title='bbox 773 1703 1074 1771; x_wconf 78' lang='grc' dir='ltr'><em>ὀρχούμενος</em></span> <span class='ocrx_word' id='word_1_127' title='bbox 1116 1709 1208 1765; x_wconf 76' lang='grc' dir='ltr'>τῆς</span> <span class='ocrx_word' id='word_1_128' title='bbox 1246 1704 1421 1765; x_wconf 78' lang='grc' dir='ltr'><em>νυκτὸς</em></span> <span class='ocrx_word' id='word_1_129' title='bbox 1462 1703 1600 1757; x_wconf 77' lang='grc' dir='ltr'><em>οὐδὲν</em></span> <span class='ocrx_word' id='word_1_130' title='bbox 1642 1703 1886 1758; x_wconf 88' lang='grc' dir='ltr'><em>παύεται.</em></span> 
     </span>
    </p>

    <p class='ocr_par' dir='ltr' id='par_1_7' title="bbox 394 1790 2436 2479">
     <span class='ocr_line' id='line_1_18' title="bbox 398 1790 2377 1864; baseline -0.001 -16"><span class='ocrx_word' id='word_1_131' title='bbox 398 1794 472 1850; x_wconf 87' lang='lat' dir='ltr'>Ad</span> <span class='ocrx_word' id='word_1_132' title='bbox 526 1793 655 1847; x_wconf 91' lang='lat' dir='ltr'>haec</span> <span class='ocrx_word' id='word_1_133' title='bbox 709 1794 869 1847; x_wconf 89' lang='lat' dir='ltr'>etiam</span> <span class='ocrx_word' id='word_1_134' title='bbox 928 1790 1119 1844; x_wconf 87' lang='lat' dir='ltr'>melius</span> <span class='ocrx_word' id='word_1_135' title='bbox 1164 1798 1311 1862; x_wconf 87' lang='lat' dir='ltr'>patet</span> <span class='ocrx_word' id='word_1_136' title='bbox 1362 1791 1510 1845; x_wconf 79' lang='lat' dir='ltr'>fraus</span> <span class='ocrx_word' id='word_1_137' title='bbox 1561 1790 1709 1844; x_wconf 86' lang='lat' dir='ltr'>scioli</span> <span class='ocrx_word' id='word_1_138' title='bbox 1767 1790 1908 1862; x_wconf 86' lang='lat' dir='ltr'>apud</span> <span class='ocrx_word' id='word_1_139' title='bbox 1962 1792 2180 1864; x_wconf 85' lang='lat' dir='ltr'>Lysiam</span> <span class='ocrx_word' id='word_1_140' title='bbox 2231 1791 2377 1847; x_wconf 87' lang='lat' dir='ltr'>Orat.</span> 
     </span>
     <span class='ocr_line' id='line_1_19' title="bbox 394 1878 2377 1947; baseline -0.003 -8"><span class='ocrx_word' id='word_1_141' title='bbox 394 1882 531 1939; x_wconf 87' lang='lat' dir='ltr'><strong>XVI.</strong></span> <span class='ocrx_word' id='word_1_142' title='bbox 566 1885 653 1936; x_wconf 76' lang='lat'>20.</span> <span class='ocrx_word' id='word_1_143' title='bbox 686 1886 784 1935; x_wconf 82' lang='grc' dir='ltr'>τῶν</span> <span class='ocrx_word' id='word_1_144' title='bbox 822 1878 1076 1947; x_wconf 77' lang='grc' dir='ltr'><em>προγόνων</em></span> <span class='ocrx_word' id='word_1_145' title='bbox 1113 1881 1475 1946; x_wconf 81' lang='grc' dir='ltr'><em>ἐνθυμούμενος</em></span> <span class='ocrx_word' id='word_1_146' title='bbox 1511 1878 1587 1935; x_wconf 74' lang='grc' dir='ltr'>ὅτι</span> <span class='ocrx_word' id='word_1_147' title='bbox 1628 1880 1767 1935; x_wconf 78' lang='grc' dir='ltr'><em>οὐδὲν</em></span> <span class='ocrx_word' id='word_1_148' title='bbox 1806 1879 2100 1934; x_wconf 70' lang='grc' dir='ltr'><em>πέπαυνται</em></span> <span class='ocrx_word' id='word_1_149' title='bbox 2132 1885 2244 1934; x_wconf 83' lang='grc' dir='ltr'>τῶν</span> <span class='ocrx_word' id='word_1_150' title='bbox 2284 1887 2377 1943; x_wconf 78' lang='grc' dir='ltr'>τῆς</span> 
     </span>
     <span class='ocr_line' id='line_1_20' title="bbox 394 1967 2381 2039; baseline -0.003 -13"><span class='ocrx_word' id='word_1_151' title='bbox 394 1972 591 2031; x_wconf 82' lang='grc' dir='ltr'><em>πόλεως</em></span> <span class='ocrx_word' id='word_1_152' title='bbox 633 1969 980 2036; x_wconf 66' lang='grc' dir='ltr'><em>πράττοντες,</em></span> <span class='ocrx_word' id='word_1_153' title='bbox 1026 1979 1243 2039; x_wconf 84' lang='lat' dir='ltr'>apparet</span> <span class='ocrx_word' id='word_1_154' title='bbox 1289 1970 1430 2023; x_wconf 82' lang='lat' dir='ltr'>enini</span> <span class='ocrx_word' id='word_1_155' title='bbox 1465 1969 1536 2023; x_wconf 79' lang='grc' dir='ltr'>τα</span> <span class='ocrx_word' id='word_1_156' title='bbox 1569 1976 1662 2031; x_wconf 78' lang='grc' dir='ltr'>τῆς</span> <span class='ocrx_word' id='word_1_157' title='bbox 1698 1967 1896 2029; x_wconf 84' lang='grc' dir='ltr'><em>πόλεως</em></span> <span class='ocrx_word' id='word_1_158' title='bbox 1938 1984 2053 2022; x_wconf 87' lang='lat' dir='ltr'>esse</span> <span class='ocrx_word' id='word_1_159' title='bbox 2093 1967 2381 2021; x_wconf 88' lang='lat' dir='ltr'>emendan-</span> 
     </span>
     <span class='ocr_line' id='line_1_21' title="bbox 396 2056 2376 2127; baseline -0.002 -13"><span class='ocrx_word' id='word_1_160' title='bbox 396 2060 523 2114; x_wconf 85' lang='lat' dir='ltr'>dum</span> <span class='ocrx_word' id='word_1_161' title='bbox 563 2065 615 2111; x_wconf 88' lang='lat' dir='ltr'>et</span> <span class='ocrx_word' id='word_1_162' title='bbox 654 2056 815 2110; x_wconf 79' lang='lat' dir='ltr'>simul</span> <span class='ocrx_word' id='word_1_163' title='bbox 852 2063 1074 2127; x_wconf 86' lang='lat' dir='ltr'>apparet</span> <span class='ocrx_word' id='word_1_164' title='bbox 1111 2057 1240 2127; x_wconf 84' lang='lat' dir='ltr'>quid</span> <span class='ocrx_word' id='word_1_165' title='bbox 1289 2057 1699 2110; x_wconf 84' lang='lat' dir='ltr'>homuncionem</span> <span class='ocrx_word' id='word_1_166' title='bbox 1731 2057 1783 2109; x_wconf 89' lang='lat' dir='ltr'>in</span> <span class='ocrx_word' id='word_1_167' title='bbox 1818 2072 2054 2110; x_wconf 88' lang='lat' dir='ltr'>errorem</span> <span class='ocrx_word' id='word_1_168' title='bbox 2086 2056 2376 2127; x_wconf 89' lang='lat' dir='ltr'>impulerit.</span> 
     </span>
     <span class='ocr_line' id='line_1_22' title="bbox 396 2143 2376 2218; baseline -0.002 -16"><span class='ocrx_word' id='word_1_169' title='bbox 396 2148 647 2218; x_wconf 89' lang='lat' dir='ltr'>Apposite</span> <span class='ocrx_word' id='word_1_170' title='bbox 688 2143 993 2198; x_wconf 87' lang='lat' dir='ltr'>Dindorfius</span> <span class='ocrx_word' id='word_1_171' title='bbox 1025 2143 1210 2199; x_wconf 90' lang='lat' dir='ltr'>laudat</span> <span class='ocrx_word' id='word_1_172' title='bbox 1251 2145 1418 2199; x_wconf 84' lang='lat' dir='ltr'>Anab.</span> <span class='ocrx_word' id='word_1_173' title='bbox 1459 2144 1551 2200; x_wconf 95' lang='lat' dir='ltr'>IV.</span> <span class='ocrx_word' id='word_1_174' title='bbox 1585 2163 1640 2199; x_wconf 85' lang='lat'>11.</span> <span class='ocrx_word' id='word_1_175' title='bbox 1675 2150 1706 2199; x_wconf 91' lang='lat'><strong>4</strong></span> <span class='ocrx_word' id='word_1_176' title='bbox 1729 2187 1743 2206; x_wconf 91' lang='lat'><strong>,</strong></span> <span class='ocrx_word' id='word_1_177' title='bbox 1790 2144 1882 2198; x_wconf 89' lang='lat' dir='ltr'>uhi</span> <span class='ocrx_word' id='word_1_178' title='bbox 1919 2150 2250 2199; x_wconf 73' lang='lat' dir='ltr'>correctores</span> <span class='ocrx_word' id='word_1_179' title='bbox 2287 2161 2376 2198; x_wconf 85' lang='lat' dir='ltr'>an·</span> 
     </span>
     <span class='ocr_line' id='line_1_23' title="bbox 396 2230 2436 2310; baseline -0.002 -20"><span class='ocrx_word' id='word_1_180' title='bbox 396 2237 604 2307; x_wconf 86' lang='lat' dir='ltr'>tiquam</span> <span class='ocrx_word' id='word_1_181' title='bbox 649 2232 967 2286; x_wconf 82' lang='lat' dir='ltr'>lectionem:</span> <span class='ocrx_word' id='word_1_182' title='bbox 1023 2233 1204 2286; x_wconf 76' lang='grc' dir='ltr'><em>οὐδὲν</em></span> <span class='ocrx_word' id='word_1_183' title='bbox 1245 2233 1541 2287; x_wconf 84' lang='grc' dir='ltr'><em>ἐπαύσαντο</em></span> <span class='ocrx_word' id='word_1_184' title='bbox 1585 2233 1648 2287; x_wconf 81' lang='grc' dir='ltr'>δι’</span> <span class='ocrx_word' id='word_1_185' title='bbox 1688 2230 1810 2295; x_wconf 74' lang='grc' dir='ltr'><em>ὅλης</em></span> <span class='ocrx_word' id='word_1_186' title='bbox 1852 2239 1944 2295; x_wconf 77' lang='grc' dir='ltr'>τῆς</span> <span class='ocrx_word' id='word_1_187' title='bbox 1986 2232 2162 2294; x_wconf 87' lang='grc' dir='ltr'><em>νυκτὸς</em></span> <span class='ocrx_word' id='word_1_188' title='bbox 2210 2245 2378 2286; x_wconf 87' lang='grc' dir='ltr'><em>κυλιν·</em></span> <span class='ocrx_word' id='word_1_189' title='bbox 2424 2241 2436 2310; x_wconf 76' lang='grc' dir='ltr'>ξ</span> 
     </span>
     <span class='ocr_line' id='line_1_24' title="bbox 396 2319 2436 2393; baseline -0.002 -15"><span class='ocrx_word' id='word_1_190' title='bbox 396 2326 595 2383; x_wconf 77' lang='grc' dir='ltr'><em>δοῦντες</em></span> <span class='ocrx_word' id='word_1_191' title='bbox 643 2319 1002 2393; x_wconf 77' lang='grc' dir='ltr'><em>(κυλίνδοντες)</em></span> <span class='ocrx_word' id='word_1_192' title='bbox 1039 2321 1154 2381; x_wconf 87' lang='grc' dir='ltr'><em>τοὺς</em></span> <span class='ocrx_word' id='word_1_193' title='bbox 1198 2322 1394 2385; x_wconf 80' lang='grc' dir='ltr'><em>λίθους,</em></span> <span class='ocrx_word' id='word_1_194' title='bbox 1448 2337 1608 2391; x_wconf 81' lang='lat' dir='ltr'>quani</span> <span class='ocrx_word' id='word_1_195' title='bbox 1648 2327 1864 2374; x_wconf 82' lang='lat' dir='ltr'>servant</span> <span class='ocrx_word' id='word_1_196' title='bbox 1913 2326 2145 2392; x_wconf 79' lang='lat' dir='ltr'>quatuor</span> <span class='ocrx_word' id='word_1_197' title='bbox 2189 2320 2376 2391; x_wconf 80' lang='lat' dir='ltr'>optimi</span> <span class='ocrx_word' id='word_1_198' title='bbox 2407 2321 2436 2369; x_wconf 49' lang='grc' dir='ltr'>,ί</span> 
     </span>
     <span class='ocr_line' id='line_1_25' title="bbox 400 2353 2436 2479; baseline -0.003 -12"><span class='ocrx_word' id='word_1_199' title='bbox 400 2419 594 2473; x_wconf 83' lang='lat' dir='ltr'>testeS‚</span> <span class='ocrx_word' id='word_1_200' title='bbox 636 2408 778 2462; x_wconf 83' lang='lat' dir='ltr'>ultro</span> <span class='ocrx_word' id='word_1_201' title='bbox 822 2407 1184 2479; x_wconf 84' lang='lat' dir='ltr'>depravarunt</span> <span class='ocrx_word' id='word_1_202' title='bbox 1220 2409 1272 2462; x_wconf 92' lang='lat' dir='ltr'>in</span> <span class='ocrx_word' id='word_1_203' title='bbox 1315 2410 1439 2463; x_wconf 76' lang='grc' dir='ltr'><em>οὐδ</em></span> <span class='ocrx_word' id='word_1_204' title='bbox 1477 2407 1792 2462; x_wconf 81' lang='grc' dir='ltr'><em>ἐπαύσαντο.</em></span> <span class='ocrx_word' id='word_1_205' title='bbox 2423 2353 2436 2454; x_wconf 59' lang='lat' dir='ltr'>i</span> 
     </span>
    </p>

    <p class='ocr_par' dir='ltr' id='par_1_8' title="bbox 397 2493 2429 2740">
     <span class='ocr_line' id='line_1_26' title="bbox 476 2493 2377 2569; baseline -0.004 -15"><span class='ocrx_word' id='word_1_206' title='bbox 476 2501 661 2569; x_wconf 82' lang='lat' dir='ltr'>Inepte</span> <span class='ocrx_word' id='word_1_207' title='bbox 682 2494 920 2549; x_wconf 81' lang='lat' dir='ltr'>abundat</span> <span class='ocrx_word' id='word_1_208' title='bbox 944 2495 1040 2561; x_wconf 81' lang='grc' dir='ltr'><em>μέν</em></span> <span class='ocrx_word' id='word_1_209' title='bbox 1064 2495 1390 2551; x_wconf 88' lang='lat' dir='ltr'>V11.v1.·10·</span> <span class='ocrx_word' id='word_1_210' title='bbox 1419 2517 1515 2554; x_wconf 80' lang='grc' dir='ltr'><em>ωςε</em></span> <span class='ocrx_word' id='word_1_211' title='bbox 1547 2493 1577 2548; x_wconf 73' lang='grc' dir='ltr'>δ’</span> <span class='ocrx_word' id='word_1_212' title='bbox 1591 2516 1657 2560; x_wconf 93' lang='grc' dir='ltr'><em>γε</em></span> <span class='ocrx_word' id='word_1_213' title='bbox 1679 2502 1871 2563; x_wconf 82' lang='grc' dir='ltr'><em>πρῶτος</em></span> <span class='ocrx_word' id='word_1_214' title='bbox 1898 2495 2067 2560; x_wconf 84' lang='grc' dir='ltr'><em>λέγων</em></span> <span class='ocrx_word' id='word_1_215' title='bbox 2093 2495 2377 2567; x_wconf 79' lang='grc' dir='ltr'><em>ε’γὼ[,αὲν],</em></span> 
     </span>
     <span class='ocr_line' id='line_1_27' title="bbox 397 2582 2433 2660; baseline -0.003 -16"><span class='ocrx_word' id='word_1_216' title='bbox 397 2591 439 2644; x_wconf 81' lang='grc' dir='ltr'><em>εἰ</em></span> <span class='ocrx_word' id='word_1_217' title='bbox 479 2591 656 2642; x_wconf 82' lang='grc' dir='ltr'><em>τοῦτον</em></span> <span class='ocrx_word' id='word_1_218' title='bbox 695 2584 847 2649; x_wconf 80' lang='grc' dir='ltr'><em>ἴδοιμι</em></span> <span class='ocrx_word' id='word_1_219' title='bbox 888 2583 1312 2638; x_wconf 80' lang='grc' dir='ltr'><em>καταλευσθέντα</em></span> <span class='ocrx_word' id='word_1_220' title='bbox 1365 2604 1451 2638; x_wconf 89' lang='grc' dir='ltr'><em>και</em></span> <span class='ocrx_word' id='word_1_221' title='bbox 1507 2582 1659 2637; x_wconf 80' lang='grc' dir='ltr'><em>δόντα</em></span> <span class='ocrx_word' id='word_1_222' title='bbox 1699 2584 1838 2645; x_wconf 76' lang='grc' dir='ltr'><em>δίκην</em></span> <span class='ocrx_word' id='word_1_223' title='bbox 1880 2604 1943 2637; x_wconf 88' lang='grc' dir='ltr'><em>ων</em></span> <span class='ocrx_word' id='word_1_224' title='bbox 1979 2585 2120 2647; x_wconf 78' lang='grc' dir='ltr'><em>ἧμας</em></span> <span class='ocrx_word' id='word_1_225' title='bbox 2160 2590 2378 2649; x_wconf 85' lang='grc' dir='ltr'><em>περιεῖλ·</em></span> <span class='ocrx_word' id='word_1_226' title='bbox 2412 2619 2433 2660; x_wconf 95' lang='lat'><em>3</em></span> 
     </span>
     <span class='ocr_line' id='line_1_28' title="bbox 399 2670 2429 2740; baseline -0.006 -8"><span class='ocrx_word' id='word_1_227' title='bbox 399 2699 455 2732; x_wconf 88' lang='grc' dir='ltr'><em>κε</em></span> <span class='ocrx_word' id='word_1_228' title='bbox 479 2676 655 2729; x_wconf 80' lang='grc' dir='ltr'><em>-τὸν</em></span> <span class='ocrx_word' id='word_1_229' title='bbox 695 2673 870 2739; x_wconf 79' lang='grc' dir='ltr'><em>μισθὸν</em></span> <span class='ocrx_word' id='word_1_230' title='bbox 909 2693 972 2725; x_wconf 91' lang='grc' dir='ltr'>αν</span> <span class='ocrx_word' id='word_1_231' title='bbox 1013 2692 1098 2737; x_wconf 83' lang='grc' dir='ltr'><em>μοι</em></span> <span class='ocrx_word' id='word_1_232' title='bbox 1136 2673 1258 2726; x_wconf 81' lang='grc' dir='ltr'><em>δοκῶ</em></span> <span class='ocrx_word' id='word_1_233' title='bbox 1299 2670 1458 2740; x_wconf 79' lang='grc' dir='ltr'><em>ἔ.χειν</em></span> <span class='ocrx_word' id='word_1_234' title='bbox 2414 2675 2429 2736; x_wconf 61' lang='lat' dir='ltr'>ja</span> 
     </span>
    </p>

    <p class='ocr_par' dir='ltr' id='par_1_9' title="bbox 399 2743 2427 3358">
     <span class='ocr_line' id='line_1_29' title="bbox 474 2743 2427 2835; baseline -0.004 -17"><span class='ocrx_word' id='word_1_235' title='bbox 474 2765 534 2818; x_wconf 91' lang='lat' dir='ltr'>In</span> <span class='ocrx_word' id='word_1_236' title='bbox 578 2768 606 2835; x_wconf 52' lang='grc' dir='ltr'>ᾗ</span> <span class='ocrx_word' id='word_1_237' title='bbox 645 2767 706 2815; x_wconf 93' lang='grc'>11</span> <span class='ocrx_word' id='word_1_238' title='bbox 766 2762 868 2826; x_wconf 81' lang='grc' dir='ltr'>ἐγὼ</span> <span class='ocrx_word' id='word_1_239' title='bbox 908 2764 993 2813; x_wconf 79' lang='grc' dir='ltr'>νῦν</span> <span class='ocrx_word' id='word_1_240' title='bbox 1034 2761 1127 2829; x_wconf 80' lang='grc' dir='ltr'>ὑφ’</span> <span class='ocrx_word' id='word_1_241' title='bbox 1167 2762 1304 2826; x_wconf 79' lang='grc' dir='ltr'><em>ὑμῶν</em></span> <span class='ocrx_word' id='word_1_242' title='bbox 1343 2761 1579 2821; x_wconf 78' lang='grc' dir='ltr'><em>αἰτίας</em></span> <span class='ocrx_word' id='word_1_243' title='bbox 1632 2759 1739 2828; x_wconf 79' lang='grc' dir='ltr'>ἔχω</span> <span class='ocrx_word' id='word_1_244' title='bbox 1781 2757 2140 2814; x_wconf 86' lang='lat' dir='ltr'>revocandum</span> <span class='ocrx_word' id='word_1_245' title='bbox 2180 2764 2262 2812; x_wconf 86' lang='lat' dir='ltr'>est</span> <span class='ocrx_word' id='word_1_246' title='bbox 2301 2759 2376 2812; x_wconf 88' lang='grc' dir='ltr'><em>αἰ·</em></span> <span class='ocrx_word' id='word_1_247' title='bbox 2407 2743 2427 2828; x_wconf 94' lang='grc' dir='ltr'><em>Ξ</em></span> 
     </span>
     <span class='ocr_line' id='line_1_30' title="bbox 399 2825 2424 2918; baseline -0.004 -10"><span class='ocrx_word' id='word_1_248' title='bbox 399 2853 553 2916; x_wconf 90' lang='grc' dir='ltr'><em>τίαν,</em></span> <span class='ocrx_word' id='word_1_249' title='bbox 593 2849 710 2903; x_wconf 86' lang='lat' dir='ltr'>coll.</span> <span class='ocrx_word' id='word_1_250' title='bbox 755 2853 782 2918; x_wconf 54' lang='grc' dir='ltr'>ᾗ</span> <span class='ocrx_word' id='word_1_251' title='bbox 821 2852 886 2901; x_wconf 78' lang='lat'>15</span> <span class='ocrx_word' id='word_1_252' title='bbox 939 2853 1045 2908; x_wconf 82' lang='grc' dir='ltr'>πῶς</span> <span class='ocrx_word' id='word_1_253' title='bbox 1086 2870 1149 2902; x_wconf 92' lang='grc' dir='ltr'>αν</span> <span class='ocrx_word' id='word_1_254' title='bbox 1191 2848 1265 2903; x_wconf 75' lang='grc' dir='ltr'>ἔτι</span> <span class='ocrx_word' id='word_1_255' title='bbox 1306 2849 1510 2909; x_wconf 73' lang='grc' dir='ltr'><em>δικαίως</em></span> <span class='ocrx_word' id='word_1_256' title='bbox 1563 2850 1655 2916; x_wconf 82' lang='grc' dir='ltr'>ὑφ’</span> <span class='ocrx_word' id='word_1_257' title='bbox 1695 2850 1831 2912; x_wconf 78' lang='grc' dir='ltr'><em>ὑμῶν</em></span> <span class='ocrx_word' id='word_1_258' title='bbox 1890 2847 2127 2901; x_wconf 81' lang='grc' dir='ltr'><em>αἰτίαν</em></span> <span class='ocrx_word' id='word_1_259' title='bbox 2167 2844 2372 2912; x_wconf 73' lang='grc' dir='ltr'><em>έχοιμις</em></span> <span class='ocrx_word' id='word_1_260' title='bbox 2411 2825 2424 2909; x_wconf 42' lang='lat' dir='ltr'>J*</span> 
     </span>
     <span class='ocr_line' id='line_1_31' title="bbox 401 2930 2419 3010; baseline -0.003 -16"><span class='ocrx_word' id='word_1_261' title='bbox 401 2946 454 2995; x_wconf 79' lang='lat' dir='ltr'>et</span> <span class='ocrx_word' id='word_1_262' title='bbox 494 2938 690 3010; x_wconf 82' lang='lat' dir='ltr'>passim</span> <span class='ocrx_word' id='word_1_263' title='bbox 733 2937 906 2990; x_wconf 80' lang='grc' dir='ltr'><em>αἰτίαν</em></span> <span class='ocrx_word' id='word_1_264' title='bbox 946 2933 1088 3002; x_wconf 78' lang='grc' dir='ltr'><em>ἔχειν</em></span> <span class='ocrx_word' id='word_1_265' title='bbox 1135 2936 1368 3007; x_wconf 83' lang='lat' dir='ltr'>legitur,</span> <span class='ocrx_word' id='word_1_266' title='bbox 1422 2935 1516 2990; x_wconf 87' lang='lat' dir='ltr'>uhi</span> <span class='ocrx_word' id='word_1_267' title='bbox 1555 2934 1704 2990; x_wconf 82' lang='lat' dir='ltr'>verbi</span> <span class='ocrx_word' id='word_1_268' title='bbox 1749 2937 2013 2990; x_wconf 85' lang='grc' dir='ltr'><em>αἰτιασθαι</em></span> <span class='ocrx_word' id='word_1_269' title='bbox 2055 2932 2224 2988; x_wconf 81' lang='lat' dir='ltr'>forma</span> <span class='ocrx_word' id='word_1_270' title='bbox 2260 2950 2376 3005; x_wconf 86' lang='lat' dir='ltr'>pas·</span> <span class='ocrx_word' id='word_1_271' title='bbox 2398 2930 2419 2982; x_wconf 58' lang='grc' dir='ltr'><em>ί</em></span> 
     </span>
     <span class='ocr_line' id='line_1_32' title="bbox 401 3021 2416 3095; baseline -0.004 -12"><span class='ocrx_word' id='word_1_272' title='bbox 401 3029 513 3083; x_wconf 88' lang='lat' dir='ltr'>siva</span> <span class='ocrx_word' id='word_1_273' title='bbox 570 3024 883 3095; x_wconf 88' lang='lat' dir='ltr'>requiritur</span> <span class='ocrx_word' id='word_1_274' title='bbox 976 3025 1165 3079; x_wconf 83' lang='grc' dir='ltr'><em>Αἱτίαν</em></span> <span class='ocrx_word' id='word_1_275' title='bbox 1221 3023 1363 3092; x_wconf 80' lang='grc' dir='ltr'><em>ἔχειν</em></span> <span class='ocrx_word' id='word_1_276' title='bbox 1417 3027 1557 3081; x_wconf 91' lang='lat' dir='ltr'>enim</span> <span class='ocrx_word' id='word_1_277' title='bbox 1616 3026 1816 3079; x_wconf 88' lang='lat' dir='ltr'>dicitur</span> <span class='ocrx_word' id='word_1_278' title='bbox 1869 3030 1930 3077; x_wconf 88' lang='lat' dir='ltr'>ut</span> <span class='ocrx_word' id='word_1_279' title='bbox 1982 3022 2183 3077; x_wconf 81' lang='grc' dir='ltr'><em>ἔπαινον</em></span> <span class='ocrx_word' id='word_1_280' title='bbox 2237 3021 2416 3090; x_wconf 79' lang='grc' dir='ltr'><em>ἔχειν</em></span> 
     </span>
     <span class='ocr_line' id='line_1_33' title="bbox 402 3109 2376 3189; baseline -0.003 -19"><span class='ocrx_word' id='word_1_281' title='bbox 402 3133 498 3189; x_wconf 84' lang='lat' dir='ltr'>pro</span> <span class='ocrx_word' id='word_1_282' title='bbox 531 3113 877 3174; x_wconf 81' lang='grc' dir='ltr'><em>ἐπαινεῖσθαι,</em></span> <span class='ocrx_word' id='word_1_283' title='bbox 918 3111 1086 3178; x_wconf 76' lang='grc' dir='ltr'><em>ψόγον</em></span> <span class='ocrx_word' id='word_1_284' title='bbox 1126 3113 1267 3181; x_wconf 80' lang='grc' dir='ltr'><em>ἔχειν</em></span> <span class='ocrx_word' id='word_1_285' title='bbox 1308 3130 1404 3185; x_wconf 82' lang='lat' dir='ltr'>pro</span> <span class='ocrx_word' id='word_1_286' title='bbox 1452 3114 1739 3182; x_wconf 74' lang='grc' dir='ltr'><em>ψέγεσθαι,</em></span> <span class='ocrx_word' id='word_1_287' title='bbox 1780 3113 1936 3177; x_wconf 70' lang='grc' dir='ltr'><em>τιμήν</em></span> <span class='ocrx_word' id='word_1_288' title='bbox 1985 3109 2126 3178; x_wconf 79' lang='grc' dir='ltr'><em>ἐχειν</em></span> <span class='ocrx_word' id='word_1_289' title='bbox 2170 3126 2266 3181; x_wconf 77' lang='lat' dir='ltr'>pro</span> <span class='ocrx_word' id='word_1_290' title='bbox 2304 3131 2376 3164; x_wconf 94' lang='grc' dir='ltr'>τι-</span> 
     </span>
     <span class='ocr_line' id='line_1_34' title="bbox 399 3198 2398 3271; baseline -0.004 -13"><span class='ocrx_word' id='word_1_291' title='bbox 399 3204 634 3271; x_wconf 82' lang='grc' dir='ltr'><em>μασθαι,</em></span> <span class='ocrx_word' id='word_1_292' title='bbox 689 3199 846 3265; x_wconf 77' lang='grc' dir='ltr'><em>ὄνομα</em></span> <span class='ocrx_word' id='word_1_293' title='bbox 899 3198 1039 3267; x_wconf 77' lang='grc' dir='ltr'><em>ἔχειν</em></span> <span class='ocrx_word' id='word_1_294' title='bbox 1077 3217 1171 3270; x_wconf 82' lang='lat' dir='ltr'>pro</span> <span class='ocrx_word' id='word_1_295' title='bbox 1226 3201 1597 3268; x_wconf 78' lang='grc' dir='ltr'><em>ὄνομαζεσθαι,</em></span> <span class='ocrx_word' id='word_1_296' title='bbox 1639 3208 1700 3255; x_wconf 84' lang='lat' dir='ltr'>ut</span> <span class='ocrx_word' id='word_1_297' title='bbox 1745 3199 1887 3271; x_wconf 79' lang='lat' dir='ltr'>apud</span> <span class='ocrx_word' id='word_1_298' title='bbox 1926 3198 2199 3252; x_wconf 87' lang='lat' dir='ltr'>Comicum</span> <span class='ocrx_word' id='word_1_299' title='bbox 2243 3199 2398 3252; x_wconf 82' lang='lat' dir='ltr'>Ana·</span> 
     </span>
     <span class='ocr_line' id='line_1_35' title="bbox 402 3286 1312 3358; baseline -0.005 -11"><span class='ocrx_word' id='word_1_300' title='bbox 402 3289 716 3347; x_wconf 85' lang='lat' dir='ltr'>xandridem</span> <span class='ocrx_word' id='word_1_301' title='bbox 759 3286 951 3342; x_wconf 86' lang='lat' dir='ltr'>Athen.</span> <span class='ocrx_word' id='word_1_302' title='bbox 994 3305 1046 3358; x_wconf 92' lang='lat' dir='ltr'>p.</span> <span class='ocrx_word' id='word_1_303' title='bbox 1085 3291 1192 3342; x_wconf 74' lang='lat'>255</span> <span class='ocrx_word' id='word_1_304' title='bbox 1234 3289 1312 3342; x_wconf 75' lang='lat' dir='ltr'>A:</span> 
     </span>
    </p>

    <p class='ocr_par' dir='ltr' id='par_1_10' title="bbox 628 3374 1905 3443">
     <span class='ocr_line' id='line_1_36' title="bbox 628 3374 1905 3443; baseline -0.002 -13"><span class='ocrx_word' id='word_1_305' title='bbox 628 3377 685 3430; x_wconf 79' lang='grc' dir='ltr'>τὸ</span> <span class='ocrx_word' id='word_1_306' title='bbox 725 3376 830 3442; x_wconf 75' lang='grc' dir='ltr'><em>γαρ</em></span> <span class='ocrx_word' id='word_1_307' title='bbox 871 3376 1167 3430; x_wconf 84' lang='grc' dir='ltr'><em>κολακεύειν</em></span> <span class='ocrx_word' id='word_1_308' title='bbox 1207 3380 1292 3429; x_wconf 78' lang='grc' dir='ltr'>νῦν</span> <span class='ocrx_word' id='word_1_309' title='bbox 1331 3376 1561 3443; x_wconf 75' lang='grc' dir='ltr'><em>οἰρέσκειν</em></span> <span class='ocrx_word' id='word_1_310' title='bbox 1601 3374 1735 3441; x_wconf 70' lang='grc' dir='ltr'><em>ὄνομ’</em></span> <span class='ocrx_word' id='word_1_311' title='bbox 1775 3374 1905 3442; x_wconf 82' lang='grc' dir='ltr'><em>ἔχει.</em></span> 
     </span>
    </p>

    <p class='ocr_par' dir='ltr' id='par_1_11' title="bbox 402 3462 2375 3709">
     <span class='ocr_line' id='line_1_37' title="bbox 402 3462 2374 3532; baseline -0.004 -10"><span class='ocrx_word' id='word_1_312' title='bbox 402 3474 456 3522; x_wconf 93' lang='lat' dir='ltr'>et</span> <span class='ocrx_word' id='word_1_313' title='bbox 508 3463 677 3519; x_wconf 84' lang='lat' dir='ltr'>multa</span> <span class='ocrx_word' id='word_1_314' title='bbox 731 3462 832 3516; x_wconf 84' lang='lat' dir='ltr'>alia</span> <span class='ocrx_word' id='word_1_315' title='bbox 886 3471 1013 3518; x_wconf 88' lang='lat' dir='ltr'>sunt</span> <span class='ocrx_word' id='word_1_316' title='bbox 1068 3463 1396 3517; x_wconf 87' lang='lat' dir='ltr'>huiusmodi.</span> <span class='ocrx_word' id='word_1_317' title='bbox 1477 3462 1834 3516; x_wconf 89' lang='lat' dir='ltr'>Luculentum</span> <span class='ocrx_word' id='word_1_318' title='bbox 1896 3462 2164 3532; x_wconf 84' lang='lat' dir='ltr'>imprimis</span> <span class='ocrx_word' id='word_1_319' title='bbox 2204 3478 2374 3515; x_wconf 85' lang='lat' dir='ltr'>exem·</span> 
     </span>
     <span class='ocr_line' id='line_1_38' title="bbox 402 3547 2375 3628; baseline -0.004 -18"><span class='ocrx_word' id='word_1_320' title='bbox 402 3555 547 3628; x_wconf 89' lang='lat' dir='ltr'>plum</span> <span class='ocrx_word' id='word_1_321' title='bbox 588 3558 669 3607; x_wconf 89' lang='lat' dir='ltr'>est</span> <span class='ocrx_word' id='word_1_322' title='bbox 707 3549 847 3623; x_wconf 88' lang='lat' dir='ltr'>apud</span> <span class='ocrx_word' id='word_1_323' title='bbox 885 3551 1296 3606; x_wconf 87' lang='lat' dir='ltr'>Demosthenem</span> <span class='ocrx_word' id='word_1_324' title='bbox 1338 3552 1392 3604; x_wconf 90' lang='lat' dir='ltr'>in</span> <span class='ocrx_word' id='word_1_325' title='bbox 1435 3549 1580 3605; x_wconf 85' lang='lat' dir='ltr'>Orat.</span> <span class='ocrx_word' id='word_1_326' title='bbox 1610 3550 1715 3604; x_wconf 88' lang='lat' dir='ltr'>XL.</span> <span class='ocrx_word' id='word_1_327' title='bbox 1760 3554 1788 3621; x_wconf 79' lang='lat'>§</span> <span class='ocrx_word' id='word_1_328' title='bbox 1820 3554 1884 3604; x_wconf 79' lang='lat'>51</span> <span class='ocrx_word' id='word_1_329' title='bbox 1930 3547 2025 3608; x_wconf 61' lang='grc' dir='ltr'><em>οὖς-ε</em></span> <span class='ocrx_word' id='word_1_330' title='bbox 2064 3549 2199 3603; x_wconf 84' lang='grc' dir='ltr'><em>πολὺ</em></span> <span class='ocrx_word' id='word_1_331' title='bbox 2237 3552 2375 3614; x_wconf 53' lang='lat' dir='ltr'>aaa·</span> 
     </span>
     <span class='ocr_line' id='line_1_39' title="bbox 403 3636 2375 3709; baseline -0.004 -13"><span class='ocrx_word' id='word_1_332' title='bbox 403 3656 490 3696; x_wconf 89' lang='grc' dir='ltr'>λον</span> <span class='ocrx_word' id='word_1_333' title='bbox 530 3641 792 3709; x_wconf 75' lang='grc' dir='ltr'><em>προσήκειν</em></span> <span class='ocrx_word' id='word_1_334' title='bbox 835 3640 926 3704; x_wconf 72' lang='grc' dir='ltr'>ἐμὲ</span> <span class='ocrx_word' id='word_1_335' title='bbox 967 3641 1161 3700; x_wconf 86' lang='grc' dir='ltr'><em>τούτοις</em></span> <span class='ocrx_word' id='word_1_336' title='bbox 1204 3641 1452 3704; x_wconf 82' lang='grc' dir='ltr'><em>ἐγκαλεῖν</em></span> <span class='ocrx_word' id='word_1_337' title='bbox 1493 3640 1520 3702; x_wconf 80' lang='grc' dir='ltr'>ἢ</span> <span class='ocrx_word' id='word_1_338' title='bbox 1564 3640 1718 3693; x_wconf 81' lang='grc' dir='ltr'><em>αὐτὸν</em></span> <span class='ocrx_word' id='word_1_339' title='bbox 1760 3639 2150 3703; x_wconf 77' lang='grc' dir='ltr'><em>ἐγκλήματ’</em></span> <span class='ocrx_word' id='word_1_340' title='bbox 2193 3636 2375 3704; x_wconf 78' lang='grc' dir='ltr'><em>ἔχειν</em></span> 
     </span>
    </p>
   </div>
  </div>
 </body>
</html>
