2436 4068
1305 223 1413 272 598

361 370 672 431 πονοῦντας,
715 381 906 436 nempe
946 369 1112 418 πονεῖν
1147 369 1200 417 et
1241 361 1379 417 male
1435 360 1671 416 abundat
1711 369 1763 416 et
1801 362 1914 416 loco
1953 378 2192 417 nonsuo
2251 379 2341 435 po⁶

360 458 526 512 situm
568 463 681 510 est:
737 452 933 506 habent
976 451 1076 505 hoc
1130 449 1300 504 multa
1348 448 1698 513 emblemata,
1759 451 2010 519 quoniam
2051 466 2114 504 ex
2150 467 2242 504 ora
2282 451 2338 504 li-

357 545 442 599 bri
482 561 511 597 a
552 541 744 596 scribis
786 545 1126 611 praepostere
1174 544 1387 607 recepta
1428 543 1583 600 sunt,
1629 545 1685 589 ut
1741 537 1796 590 in
1847 536 2021 590 aliena
2074 537 2198 592 sede
2237 536 2337 592 col-

357 632 530 686 locata
566 630 674 683 sint
713 634 767 682 et
809 627 907 680 hoc
947 642 1160 697 quoque
1200 631 1347 678 certo
1393 623 1590 677 indicio
1632 622 1958 693 deprehendi
2001 626 2224 695 possint.

434 719 497 771 In
545 719 574 786 §
616 721 664 769 7.
707 708 751 768 οἳ
787 713 852 768 ἂν
893 714 1137 768 δύνωνται
1174 714 1453 778 ἐμποιῆσαι
1492 718 1598 772 τοῖς
1637 711 1943 779 ςρατιώταις
1980 712 2342 775 ἀκολουθητέον

358 804 486 861 εἶναι
528 804 615 858 καὶ
656 803 742 857 δια
784 803 937 869 πυρὸς
983 801 1092 874 [καὶ
1150 801 1234 855 δια
1290 800 1483 859 παντὸς
1539 799 1810 871 κινδύνου].
1895 800 2142 854 Potuitne
2190 801 2344 871 peius

359 891 635 962 corrumpi
696 889 836 960 quod
890 889 1024 943 scite
1081 887 1374 959 Xenophon
1435 886 1644 940 dixerat
1699 903 1860 956 quam
1906 886 2087 940 addito
2143 887 2344 941 insulso

360 980 678 1036 emblemate
729 976 816 1030 καί
871 977 958 1031 διὰ,
997 979 1191 1037 παντὸς
1249 973 1515 1029 meduan?
1572 973 1724 1028 Ἰέναι
1781 975 1865 1028 δια
1923 974 2076 1042 πυρός
2128 975 2210 1029 vel
2257 976 2343 1030 διὰ

358 1069 511 1136 πυρὸς
551 1066 840 1120 ἀκολουθεῖν
876 1072 929 1119 et
963 1065 1162 1119 similia
1198 1063 1327 1135 quid
1360 1060 1668 1132 significent
1706 1061 1842 1115 nihil
1874 1079 2006 1133 opus
2043 1070 2123 1116 est
2162 1079 2344 1134 quem·

360 1172 522 1229 quam
563 1154 770 1208 docere.
852 1152 991 1220 Quid
1039 1152 1246 1206 diceres
1299 1150 1343 1203 si
1396 1150 1450 1203 in
1509 1148 1877 1219 Xenophontis
1934 1149 2214 1222 Symposio
2254 1150 2342 1205 IV.
2408 1164 2436 1218 fjfi'

365 1249 451 1299 16.
510 1244 613 1308 ἐγὼ
668 1238 748 1296 οὖν
788 1241 932 1306 μετα
981 1240 1211 1294 Κλεινίου
1252 1237 1350 1293 κᾶν
1399 1238 1483 1291 δια
1524 1239 1674 1303 πυρὸς
1709 1237 1861 1302 ἰοίην,
1906 1244 2044 1291 esset
2101 1236 2344 1292 additum
2415 1268 2418 1274 Α

359 1332 446 1389 διὰ
485 1331 636 1398 πυρὸς
678 1327 766 1383 καὶ
813 1327 899 1382 διὰ
953 1327 1147 1388 παντὸς
1195 1325 1460 1380 κινδύνουῖ
1522 1324 1874 1379 ferendumne
1929 1340 2043 1378 esse
2083 1324 2342 1395 putares?
2415 1323 2430 1354 ·⁷

363 1420 466 1475 Sed
506 1417 673 1472 nihilo
720 1416 900 1469 minus
935 1417 1177 1486 ineptum
1221 1420 1300 1468 est
1341 1413 1481 1484 quod
1519 1414 1572 1466 in
1618 1419 1803 1466 nostro
1842 1411 1958 1466 loco
2011 1413 2197 1483 aequis
2231 1413 2346 1466 ani·
2415 1458 2422 1480 ;

361 1509 466 1563 mis
507 1505 688 1559 ferunt
723 1520 925 1557 omnes,

435 1596 497 1649 In
542 1596 570 1663 §
609 1596 641 1646 8
683 1591 890 1650 τούτους
942 1589 999 1652 δη
1051 1589 1254 1649 δικαίως
1307 1588 1371 1641 ἄν
1424 1609 1502 1649 τις
1558 1589 1739 1649 καλοιή
1787 1589 2266 1653 μεγαλογνωμονας
2305 1585 2341 1656 ᾧ
2410 1602 2414 1643 ἶ

360 1683 427 1739 ἂν
469 1686 647 1737 ταῦτα
682 1679 1058 1744 γιγνώσκοντες
1097 1676 1278 1731 πολλοὶ
1320 1674 1576 1741 ἕπωνται,
1616 1674 1769 1729 sacile
1806 1675 2113 1730 admonitus
2147 1677 2348 1731 senties
2414 1695 2415 1698 ’

360 1769 538 1827 ταῦτα
597 1769 972 1833 γιγνώσκοντες
1015 1782 1131 1819 esse
1172 1763 1538 1819 scribendum.
1641 1763 1962 1828 Caeterum,
2022 1762 2163 1834 quod
2221 1780 2346 1819 cum
2424 1776 2426 1782 ’

364 1855 734 1929 Xenophontis
765 1871 894 1926 pace
923 1852 1131 1908 dictum
1165 1853 1264 1917 sit,
1305 1859 1386 1907 est
1419 1850 1563 1906 istud
1594 1851 1809 1923 quidem
1846 1850 2116 1916 ἐνθύμημα
2145 1854 2347 1921 ψυχρὸν

363 1945 501 2002 πάνυ
542 1951 595 2000 et
647 1943 797 2015 pravi
850 1949 904 1996 et
956 1940 1236 2013 sophistici
1286 1940 1571 1994 acuminis,
1651 1939 1766 1993 Non
1813 1938 1984 1992 multo
2035 1938 2228 1993 melius
2267 1945 2348 1994 est
2420 1932 2422 1937 ’

363 2033 503 2108 quod
540 2032 786 2103 sequitur
825 2029 911 2084 καὶ
948 2028 1166 2098 μεγοέλη
1196 2027 1329 2096 χειρὶ
1372 2028 1577 2089 εἰκότως
1610 2025 1754 2088 οὗτος
1805 2026 2009 2092 λέγοιτο
2051 2026 2347 2094 πορεύεο-θαι
2414 2031 2425 2070 «·’

363 2122 420 2179 οὗ
460 2122 522 2178 ἂν
566 2128 630 2190 τη·
671 2121 851 2188 γνώμη
889 2118 1083 2173 πολλαὶ
1124 2124 1296 2184 χεῖρες
1341 2118 1608 2184 ὑπηρετεῖν
1650 2116 1906 2179 ἐθέλωσιν,
1962 2114 2053 2168 ubi
2100 2114 2346 2186 supplen-

363 2211 494 2266 dum
534 2214 643 2263 est:
685 2205 888 2267 εἰκότως
934 2205 1039 2279 (ἂν)
1081 2202 1223 2264 οὗτος
1278 2204 1504 2269 λέγοιτο.
1584 2204 1852 2258 Vitiosum
1891 2209 1972 2256 est
2009 2202 2169 2255 etiam
2205 2201 2345 2274 quod
2418 2239 2419 2242 =

362 2299 610 2369 sequitur
645 2293 731 2348 καὶ
773 2294 949 2359 μέγας
989 2295 1059 2361 τῷ
1100 2292 1202 2347 όντι
1239 2289 1383 2353 οὗτος
1437 2293 1596 2360 οἰνηρ
1649 2288 1699 2352 ὃς
1749 2291 1812 2345 ἂν
1863 2289 2087 2356 μεγοέλα
2138 2290 2349 2352 δύνηται

362 2388 543 2456 γνώμη
571 2381 954 2452 διαπράξασθαι
1000 2385 1206 2448 μᾶλλον
1249 2380 1277 2443 ἢ
1314 2381 1479 2447 ῥώμη,
1522 2379 1612 2433 ubi
1649 2378 1751 2433 loci
1804 2377 2093 2433 artificiose
2139 2394 2350 2452 compo·
2411 2430 2414 2434 .

364 2477 454 2531 siti
497 2472 834 2528 concinnitas
887 2468 1120 2541 postulat
1174 2474 1234 2522 ut
1279 2467 1549 2521 scribatur
1599 2467 1774 2532 μέγας
1822 2467 1891 2534 τῷ
1942 2465 2044 2520 όντι
2093 2462 2235 2527 οὗτος
2277 2464 2350 2520 ἂν
2411 2501 2415 2509 «

363 2563 465 2626 εἴη
503 2559 553 2623 ὃς
593 2559 657 2615 ἄν
683 2559 805 2625 ,κο-ὲ.

441 2651 683 2720 Denique
723 2647 778 2699 in
822 2646 851 2714 ὃ
900 2648 968 2698 10
1009 2640 1059 2698 ὃν
1098 2643 1160 2698 ἂν
1201 2643 1389 2704 ἰδόντες
1444 2644 1671 2705 κινηθῶσι
1714 2642 1799 2696 καὶ
1847 2641 1995 2707 μένος
2051 2641 2220 2710 ἑκάς-ῳ
2260 2644 2349 2707 ἐμ·

367 2740 498 2808 πέρ-η
554 2742 651 2792 τῶν
702 2735 932 2802 ἐργατῶν
986 2731 1075 2786 καὶ
1133 2732 1398 2799 φιλονικία
1444 2732 1564 2798 πρὸς
1620 2732 1884 2794 ἀλλήλους
1939 2729 2025 2783 καὶ
2069 2729 2351 2799 φιλοτιμία

367 2826 646 2895 „paris-n
684 2820 849 2877 οὖσα
895 2818 1061 2887 ἓκοέςῳ
1085 2861 1099 2883 ,
1138 2818 1532 2873 emendandum
1576 2835 1692 2872 esse
1732 2835 1921 2872 censeo
1944 2817 2030 2870 καὶ
2069 2816 2350 2886 φιλοτιμία
2397 2835 2404 2849 ²

368 2915 682 2983 κρατιςεῦ
700 2929 808 2964 σαι
862 2907 1029 2975 ἓκοὶςῳ
1086 2905 1361 2981 (ἕμπέο-η),
1416 2906 1470 2960 id
1519 2912 1601 2961 est
1651 2905 1737 2960 καὶ
1789 2904 1972 2966 ἕκαςος
2013 2909 2348 2972 κρατιςεῦσαι
2399 2918 2402 2919 ’

367 3000 707 3072 φιλοτιμηθῇ,
760 2996 1070 3067 planissime
1121 3001 1181 3049 ut
1234 3011 1397 3066 supra
1440 2997 1468 3065 §
1519 2999 1552 3049 6
1589 2992 1688 3062 ὅλῳ
1728 2995 1798 3061 τῷ
1835 2994 2160 3060 ςρατεύματι
2201 2993 2348 3058 ε’γγί-

366 3108 549 3161 γνεται
592 3090 649 3140 τὸ
688 3085 1078 3152 φιλοτιμεῖσθαι
1135 3084 1348 3152 ὀφθῆναι
1404 3083 1564 3137 καλόν
1602 3103 1651 3137 τι
1694 3085 1962 3141 ποιοῦντας
2003 3082 2100 3135 ὑπὸ
2139 3083 2227 3134 τοῦ
2263 3079 2348 3147 ἄρ·
2392 3128 2406 3156 „-

368 3197 568 3247 χοντος.
609 3171 968 3240 Κρατιςεύειν,
1008 3171 1222 3225 caeteris
1262 3171 1498 3224 omnibus
1522 3177 1817 3242 praestare,
1859 3168 2169 3238 saepissime
2210 3166 2348 3238 apud
2392 3154 2407 3180 '²

369 3263 774 3335 Xenophontem
816 3258 1043 3328 legitur,
1094 3259 1410 3330 praesertim
1455 3258 1509 3310 in
1551 3255 1985 3312 Memorabilibus
2023 3255 2260 3310 Socratis
2297 3261 2349 3309 et
2392 3291 2401 3305 2

367 3357 424 3412 in
467 3346 815 3425 Cyropaedia.

446 3438 704 3494 Stobaeus
758 3450 822 3488 cx
871 3431 1222 3487 Oeconomico
1271 3439 1323 3486 et
1366 3432 1496 3486 alios
1551 3430 1807 3503 quosdam
1853 3432 1995 3486 locos
2040 3432 2094 3485 in
2137 3429 2350 3485 Florile-

369 3530 518 3600 gium
570 3523 772 3593 recepit
829 3527 881 3575 et
933 3537 996 3575 ex
1049 3537 1164 3591 cap.
1208 3520 1294 3574 VI.
1335 3525 1479 3574 4-5
1534 3520 1820 3592 descripsit
1860 3519 2040 3574 Floril.
2085 3517 2346 3573 LXXXV.

371 3620 438 3668 25
477 3629 599 3668 cum
637 3626 743 3666 una
773 3608 1046 3679 alteraque
1089 3607 1369 3663 verissima
1412 3607 1662 3673 lectione,
1708 3625 1868 3679 quam
1912 3607 2036 3661 olim
2079 3612 2347 3677 receptam
