2436 4068
1099 204 1203 254 215

159 354 366 425 potest,
414 354 475 404 ut
525 349 634 401 iam
683 362 1059 419 nonnusquam
1107 354 1191 402 est
1234 343 1581 402 emendatum
1631 345 1699 402 ab
1751 347 1888 404 aliis.
1970 349 2145 418 Quan-

158 438 334 494 tillum
390 436 533 491 enim
592 442 674 490 est
714 437 768 490 in
825 434 1101 507 Sophoclis
1153 434 1461 490 Trachiniis
1497 438 1626 491 988.
1675 431 1758 504 ἄρ’
1802 436 1983 508 ἐξῇδης
2033 436 2143 494 ὅσον

158 523 216 588 ἦν
263 524 430 593 κέρδος
483 541 741 596 reponere
793 524 1022 593 ἐξῇδησθ’
1061 521 1203 585 ὅσον,
1262 529 1316 578 et
1355 523 1412 577 in
1462 522 1707 579 Nubibus
1741 528 1868 580 529.
1912 543 2008 597 pro
2056 529 2145 581 οὐκ

157 614 289 683 ᾔδεις
324 614 426 667 οὐδ’
456 613 682 680 ἐνόμιζες
719 611 1005 667 emendare
1045 612 1215 681 ᾔδησθ’
1250 612 1351 666 οὐδ’
1386 609 1616 680 ἐνόμιζες
1648 619 1702 668 et
1729 613 1785 667 in
1820 613 2141 685 Thesmoph.

157 705 282 756 554.
336 717 433 772 pro
472 699 570 755 ὅσα
611 701 716 769 γὰρ
762 701 894 769 ᾔδεις
937 698 1161 766 ἐξέχεας
1219 697 1440 754 ἅπαντα
1479 700 1779 756 rescribere
1823 702 1995 772 ᾔδησθ’
2036 701 2141 767 ἐξέ-

157 809 329 858 χεας,
390 789 435 842 si
490 788 758 843 constabit
813 803 880 842 ex
932 786 1177 857 analogia
1231 794 1286 841 et
1336 786 1662 843 Criticorum
1710 790 2038 844 testimoniis
2094 799 2147 845 et

156 877 482 948 optimorum
542 875 804 929 librorum
863 873 967 929 fide
1011 880 1220 929 veteres
1274 890 1382 928 non
1446 874 1553 930 alia
1609 875 1782 932 forma
1834 894 1960 932 usos
2008 895 2140 934 esse.

154 964 389 1021 Facilius
430 964 593 1019 etiam
636 964 843 1032 ᾔδεισθα
894 961 1096 1033 ubique
1136 962 1443 1033 corrigetur
1494 963 1550 1016 in
1593 964 1820 1032 ᾔδησθα,
1864 982 2002 1037 quae
2041 966 2144 1022 for·

154 1067 242 1108 ma
276 1051 430 1107 libris
464 1050 839 1106 addicentibus
873 1056 928 1105 et
963 1049 1105 1122 apud
1144 1050 1439 1106 Homerum
1475 1049 1677 1121 legitur
1723 1051 1911 1126 odyss,
1946 1061 2014 1109 T.
2051 1059 2140 1111 95.

380 1138 561 1194 ποέντα
600 1140 706 1207 γὰρ
744 1137 801 1194 εὖ
841 1140 1049 1209 ᾔδησθ’,
1090 1138 1201 1193 ἐπεὶ
1244 1138 1302 1203 ἐξ
1341 1140 1466 1206 ἐμοῦ
1501 1137 1682 1202 ἔκλυες
1721 1142 1876 1204 αὐτή.

153 1235 207 1285 et
245 1229 300 1282 in
341 1227 618 1299 Euripidis
656 1227 873 1283 Electra
912 1231 1039 1282 926.

381 1317 575 1386 ᾔδησθα
614 1316 720 1384 γαρ
760 1317 871 1380 δῆτ’
911 1314 1109 1370 οὲνόσιον
1146 1315 1330 1380 γήμας
1370 1313 1541 1370 πόσιν.

152 1412 207 1462 et
245 1404 387 1478 apud
428 1404 704 1459 Platonem
759 1403 826 1459 de
864 1403 994 1475 Rep.
1035 1403 1077 1458 I.
1122 1406 1249 1458 557.
1291 1403 1352 1457 A.
1413 1400 1470 1458 εὖ
1520 1399 1605 1458 οὖν
1645 1403 1873 1473 ᾔδησθα,
1930 1411 1984 1459 et
2039 1405 2143 1461 Me·

154 1510 292 1550 none
328 1497 416 1549 80.
459 1493 520 1547 D.
578 1495 641 1548 σὺ
681 1492 856 1558 μέντοι
918 1491 1153 1559 πρότερον
1202 1491 1429 1561 ᾔδησθα,
1485 1496 1539 1545 et
1599 1497 1718 1563 post
1777 1508 1949 1564 pauca
2002 1490 2025 1548 ὃ
2079 1495 2180 1551 σὺ>

152 1587 242 1639 οὐκ
282 1583 510 1651 ᾔδησθα,
567 1587 621 1636 et
662 1581 718 1634 in
773 1578 1168 1652 Euthyphrone
1207 1584 1291 1634 15.
1333 1580 1395 1635 Ι).
1453 1580 1496 1634 εἰ
1537 1579 1643 1647 γὰρ
1702 1581 1777 1646 μὴ
1819 1581 2048 1649 ᾔδησθα,
2091 1589 2147 1638 et

154 1673 210 1726 in
243 1668 586 1743 Euthydemo
627 1672 752 1723 277.
795 1668 856 1723 E.
906 1671 995 1724 οὐκ
1029 1669 1247 1738 ᾔδησθα,
1290 1667 1382 1722 ubi
1419 1668 1475 1722 in
1517 1666 1706 1723 multis
1744 1668 1896 1723 libris
1938 1671 2144 1739 ᾔδεισθα

151 1765 454 1816 correctum
497 1764 579 1812 est
638 1756 866 1812 scilicet.
948 1756 1062 1811 Non
1103 1764 1184 1811 est
1243 1756 1414 1826 igitur
1461 1755 1856 1820 dubitandum,
1918 1759 2049 1830 quin
2090 1759 2144 1814 in

70 1858 76 1862 ’
152 1847 439 1904 Ecclesiaz.
485 1850 611 1901 551.
674 1843 1020 1899 scribendum
1080 1845 1152 1898 sit
1190 1847 1280 1900 οὐκ
1316 1843 1511 1914 ᾔδησθα
1564 1865 1634 1911 με
1683 1844 1694 1920 Ι
1741 1847 2028 1915 φράσαντα
2069 1868 2144 1903 σοι

151 1936 311 2005 χθές;
351 1942 405 1990 et
445 1935 500 1988 in
540 1932 820 2004 Euripidis
858 1931 1087 2006 Cyclope
1132 1936 1257 1988 108.

455 2027 602 2085 πῶςς
645 2022 865 2088 πορθμὸν
906 2022 996 2074 οὐκ
1035 2021 1229 2089 ᾔδησθα
1270 2019 1514 2088 πατρῴας
1551 2021 1773 2090 χθονός;

51 2132 82 2182 ·j
151 2111 255 2179 Qui
308 2109 454 2166 solus
511 2109 726 2164 videtur
779 2109 1132 2181 pertinaciter
1188 2124 1494 2179 repugnare
1549 2107 1700 2164 locus
1756 2108 2034 2182 Sophoclis
2089 2113 2145 2167 in

154 2200 419 2271 Antigone
457 2202 587 2254 446.

529 2287 593 2341 σὺ
630 2286 672 2340 δ’
713 2285 826 2340 εἰπέ
862 2306 948 2350 μοι
984 2286 1060 2351 μὴ
1095 2291 1257 2351 μῆκος
1299 2283 1450 2339 ἄλλα
1492 2283 1766 2350 σύντομα,

530 2375 649 2443 ᾔδης
690 2375 763 2428 τοὶ
803 2372 1127 2442 κηρυχθέντα
1168 2373 1243 2438 μὴ
1280 2371 1532 2441 πράσσειν
1571 2372 1734 2437 ταδε;

298 2472 470 2519 ΑΝΤ.
532 2465 641 2533 ᾔδη.
683 2463 738 2518 τί
772 2463 815 2517 δ’
856 2465 945 2517 οὐκ
983 2460 1238 2527 ἔμελλον;
1277 2463 1494 2531 ἐμφανῆ
1532 2461 1638 2530 γαρ
1680 2459 1755 2523 ἦν.

151 2551 296 2608 nullo
348 2552 562 2623 negotio
618 2551 854 2605 Atticam
913 2551 1241 2621 scripturam
1295 2549 1522 2621 recipiet
1582 2549 1777 2618 ᾔδησθα
1821 2552 2144 2621 κηρυχθέντα

62 2655 69 2692 «ζ
150 2639 205 2696 id
242 2651 325 2696 est
363 2638 439 2695 ὅτι
493 2640 787 2708 ἐκηρύχθης
841 2637 934 2693 uhi
990 2637 1317 2706 κηρυχθέντα
1353 2637 1592 2710 positum
1633 2645 1714 2694 est
1754 2646 1816 2696 ut
1856 2642 2144 2709 δεδογμένα

62 2775 73 2805 ,ι
150 2745 245 2802 pro
285 2729 584 2796 δεδογμένον
622 2729 676 2782 in
718 2726 903 2783 eadem
946 2726 1126 2781 sabula
1164 2729 1291 2781 576.

69 2855 90 2874 -;
523 2817 789 2883 δεδογμέν’
815 2858 829 2882 ,
870 2818 934 2878 ὡς
975 2815 1103 2871 ἔοικε
1126 2857 1140 2881 ,
1184 2814 1334 2878 τήνδε
1374 2815 1667 2870 κατθανεῖν.

55 2826 103 2981 l}
149 2903 211 2961 In
259 2906 437 2961 tertiis
499 2905 741 2977 personis
795 2909 1053 2977 peccatur
1091 2903 1436 2975 potissimum
1498 2903 1554 2956 in
1595 2903 1664 2958 iis
1720 2900 1949 2971 formiS,
2010 2922 2148 2977 quae

149 2999 273 3050 ante
330 2994 566 3049 vocalem
625 2994 827 3065 positae
883 2998 1080 3047 exeunt
1134 2992 1188 3045 in
1226 3012 1346 3056 -ειν,
1399 3006 1535 3063 quas
1583 2990 1832 3047 Graeculi
1885 2994 2146 3051 mirantes

149 3079 372 3138 diversis
414 3081 586 3136 modis
642 3097 990 3153 corrumpere
1045 3079 1256 3143 solent,
1303 3084 1364 3134 ut
1411 3078 1698 3151 pleraeque
1737 3081 1826 3134 vix
1875 3084 2147 3138 evaserint

151 3169 380 3226 nefarias
420 3169 763 3225 indoctorum
809 3185 1019 3225 manus,
1101 3168 1163 3223 In
1205 3168 1395 3241 Vespis
1439 3170 1566 3223 655.
1610 3166 1850 3240 elapsum
1888 3177 1970 3226 est
2012 3171 2143 3239 ᾔδειν

63 3260 75 3307 ’.
154 3257 209 3313 in
246 3258 447 3315 verbis:

80 3348 84 3350 ’
375 3353 546 3408 καλῶς
584 3348 689 3414 γὰρ
729 3348 897 3417 ᾔδειν,
937 3348 1002 3408 ὥς
1043 3347 1146 3412 ἐγὼ
1181 3344 1352 3414 ταύτῃ
1391 3342 1631 3413 κροὶτιςός
1673 3346 1777 3411 εἶμι
1805 3386 1820 3410 ,

150 3434 275 3506 quia
327 3435 531 3507 opinati
588 3442 714 3490 sunt
776 3435 946 3508 inepti
995 3434 1127 3503 ᾔδειν
1177 3435 1385 3507 primae
1435 3449 1695 3505 personae
1744 3449 1860 3489 esse
1913 3432 2140 3489 formam

95 3585 101 3591 ,
149 3523 348 3594 optime
387 3523 487 3578 sibi
538 3530 738 3579 notam.
820 3522 1022 3580 Eodem
1065 3522 1207 3580 felici
1264 3538 1447 3580 errore
1487 3539 1564 3579 vs.
1607 3524 1733 3579 558.
1784 3530 2141 3593 pepercerunt

70 3639 76 3658 1
153 3608 352 3668 formae
394 3610 564 3668 eidem
611 3612 664 3667 in
705 3609 913 3667 verbis:
