2436 4068
1351 250 1454 299 128

588 402 653 447 A.
703 395 766 449 σὺ
807 394 963 458 μηδὲν
1006 392 1208 459 ἐνόχλει
1250 391 1386 455 μήτε
1428 391 1615 444 σαυτὸν
1655 391 1781 455 μήτ’
1821 392 1945 457 ἐμέ,

699 479 1051 547 ἀπραγμόνως
1085 480 1137 533 δὲ
1178 479 1415 543 διαγενοῦ
1455 479 1548 542 την
1589 478 1799 546 ἡμέραν.

394 571 764 641 importunum
794 574 876 621 est
906 566 1152 621 διακούειν
1183 565 1248 620 de
1282 564 1460 620 verbis
1487 571 1597 620 tam
1629 565 1886 619 concisis:
1930 566 1982 618 in
2011 572 2382 622 ΜΙΚΡΑΔῙΑ-

389 663 688 712 ΚΟΤΣΟΝ
721 654 890 709 latere
912 654 1158 726 suspicor
1176 654 1316 723 μίκρ’
1335 652 1649 708 ἀντάκουσον
1670 658 1724 707 et
1759 669 1854 725 pro
1883 653 2120 718 διαγενοῦ
2156 655 2382 726 scripse-

399 746 503 799 rim
543 743 698 807 δίαγε
745 745 848 796 νῦν.

471 831 532 884 In
567 827 889 900 Antiphanis
921 828 1037 883 loco
1073 828 1216 901 apud
1252 828 1446 884 Athen.
1489 847 1540 901 p.
1577 832 1704 884 596.
1741 828 1802 884 Β.
1841 829 2133 896 τραγῳδίαν
2167 829 2384 896 περαίνω

394 916 717 987 Σοφοκλέους
747 915 922 971 Codex
949 916 1140 971 vitiose
1161 923 1388 986 παραινῶ
1420 915 1659 982 exhibet,
1700 915 1843 987 quod
1863 916 2188 971 Casaubonis
2207 933 2386 972 emen·

396 1005 560 1060 davit.
622 1005 827 1059 Iterum
869 1003 1203 1076 Antiphanes
1242 1003 1435 1060 Athen.
1480 1021 1529 1076 p.
1574 1008 1701 1059 505.
1742 1003 1803 1058 E.

689 1128 692 1130 -
776 1091 962 1147 ἔπειτα
1000 1094 1157 1159 μηδὲν
1196 1097 1294 1147 τῶν
1333 1091 1777 1159 ἀπηρχαιωμένων

775 1180 966 1236 τούτων
1002 1179 1239 1251 περάνης.

396 1275 449 1324 et
489 1268 828 1328 Nicostratus
869 1267 996 1322 ibid.
1039 1285 1090 1338 p.
1133 1271 1260 1321 474.
1306 1267 1364 1321 Β.
1419 1267 1576 1328 αὐτὸς
1617 1272 1816 1335 περανῶ
1864 1266 1936 1320 τοὶ
1977 1267 2172 1321 πάντα.
2252 1266 2389 1321 Hinc

398 1355 562 1412 redde
599 1355 844 1426 Eunapio
877 1372 927 1427 p.
967 1359 1054 1412 50.
1093 1356 1449 1426 compositum
1489 1355 1863 1422 προσπεραίνω,
1905 1353 2047 1424 quod
2085 1370 2229 1407 nunc
2264 1353 2387 1408 Edi-

400 1444 533 1498 toris
571 1441 900 1513 negligentia
938 1442 1168 1498 ridicule
1197 1449 1513 1513 corruptum
1557 1447 1638 1496 est
1679 1441 1736 1496 in
1778 1440 1891 1495 his:
1939 1444 1964 1494 ὅ
2001 1441 2098 1506 μὲν
2136 1441 2208 1495 τα
2247 1443 2390 1497 αὐτοὶ

399 1530 830 1599 προσεπέῤῥαινεν.
910 1530 1052 1586 Sana
1092 1531 1361 1602 scriptura
1397 1531 1452 1583 in
1491 1529 1643 1583 libris
1676 1535 1758 1583 est
1797 1529 2203 1597 προσεπέραινεν.
2261 1529 2392 1584 Con-

403 1620 569 1675 trario
608 1635 791 1673 errore
829 1617 1131 1692 Hesychius
1163 1619 1592 1688 Ἀφεδρύνεο-θαιε
1634 1617 1986 1685 περαίνεσθαι,
2027 1617 2392 1674 ἀπολούεσθαι.

402 1728 499 1783 pro
537 1710 950 1779 ἀφυδρήνασθαιε
992 1706 1321 1776 πραίνεσθαι·
1367 1707 1826 1782 (περιρραίνεσθαι).

479 1796 656 1853 Verba
695 1796 1017 1869 Antiphanis
1056 1796 1199 1869 apud
1239 1796 1431 1852 Athen.
1474 1814 1524 1869 p.
1567 1799 1693 1851 692.
1735 1796 1798 1850 F.

711 1898 714 1902 '
782 1883 1046 1953 Αρμόδιος
1086 1885 1422 1950 ἐπεκαλεῖτο,
1460 1906 1623 1957 παιαν
1658 1886 1829 1954 ᾔδετο,

404 1945 646 2035 adhibita
689 1972 803 2028 loco
854 1971 1228 2027 Demosthenis
1276 1980 1432 2029 vetus
1484 1979 1538 2027 et
1595 1978 1751 2045 turpe
1802 1970 1996 2026 vitium
2051 1970 2393 2043 patefacient.

402 2063 626 2134 Legitur
669 2061 725 2115 in
774 2059 920 2119 Orat.
974 2059 1039 2115 de
1085 2060 1288 2116 Corona
1340 2079 1389 2133 p.
1433 2065 1572 2126 500,
1615 2063 1706 2116 21.
1764 2080 1850 2114 και
1907 2058 2079 2126 ἔγωγε
2129 2060 2281 2123 ἡδέως
2325 2081 2391 2114 αν

405 2153 601 2219 ε’ροίμην
650 2150 904 2218 Αἰσχίνην
951 2146 1037 2205 ὅτε
1080 2154 1236 2204 ταῦτ’
1285 2147 1572 2217 ἐπράττετο
1621 2149 1707 2204 καὶ
1762 2149 1916 2216 ζήλου
1956 2148 2043 2202 καὶ
2084 2151 2261 2216 χαρᾶς
2300 2149 2388 2202 καὶ

399 2239 623 2294 ἐπαίνων
663 2239 691 2300 ἦ
732 2236 883 2296 πόλις
932 2233 988 2298 ἦν
1026 2237 1161 2303 μεςη
1208 2236 1416 2304 πότερον
1465 2237 1666 2292 συνέθυε
1715 2236 1802 2290 καὶ
1855 2238 2250 2306 συνευφραίνετο
2286 2242 2391 2297 τοῖς

396 2331 618 2386 πολλοῖς
656 2324 684 2389 ἢ
724 2324 1042 2390 λυπούμενος
1081 2354 1158 2365 ——-
1192 2323 1310 2379 οἴκοι
1347 2325 1554 2388 καθῆτο.
1635 2323 1749 2378 Non
1782 2324 1933 2395 potui
1970 2340 2226 2395 umquam
2269 2340 2391 2377 eon·

405 2429 636 2485 coquere
675 2411 892 2487 ἑπαίνων
934 2413 962 2474 ἡ
1005 2410 1155 2472 πόλις
1196 2410 1254 2476 ἦν
1293 2414 1455 2478 μεςή,
1497 2428 1592 2466 nec
1635 2410 1822 2466 dubito
1869 2411 2000 2482 quin
2054 2410 2282 2466 παιοὲνων
2323 2411 2394 2466 sit

405 2499 799 2576 reponendum,
840 2506 901 2554 ut
939 2500 995 2553 in
1041 2498 1314 2571 Sophoclis
1355 2500 1652 2554 notissimis
1691 2498 1956 2554 versibus:

784 2587 934 2648 πόλις
974 2589 1018 2642 δ’
1050 2590 1174 2654 ὁμοῦ
1216 2588 1310 2653 μὲν
1350 2587 1690 2654 θυμιαμάτων
1726 2587 1907 2654 γέμει,

719 2700 739 2709 -
785 2677 909 2742 ὁμοῦ
947 2676 998 2731 δὲ
1033 2675 1262 2730 παιοὲνων
1299 2698 1357 2730 τε
1395 2677 1480 2730 καὶ
1518 2675 1886 2742 ςεναγμοὶτων.

402 2764 756 2829 Athenienses
789 2780 848 2821 re
881 2763 1016 2818 bene
1055 2771 1207 2835 gesta
1241 2763 1491 2818 laudibus
1519 2763 1831 2819 ferebantur
1863 2762 1929 2818 ab
1965 2764 2192 2818 caeteris
2228 2763 2392 2837 (παρὰ

398 2854 498 2919 μὲν
537 2858 635 2907 τῶν
670 2851 848 2907 ἄλλων
883 2854 1001 2918 ὑμῖν
1041 2852 1306 2918 ἐγίγνοντο
1350 2851 1542 2907 ἔπαινοι
1584 2869 1636 2924 p.
1679 2856 1813 2917 500,
1856 2851 1976 2925 20),
2014 2853 2117 2923 ipsi
2155 2853 2299 2906 inter
2337 2868 2394 2906 se

403 2940 538 2995 ἔθυον
571 2941 657 2995 καὶ
689 2939 908 3006 πομπάς
940 2938 1172 3006 ἔπεμπον
1202 2941 1289 2995 καὶ
1321 2942 1385 3001 ὡς
1416 2941 1466 2994 ἐν
1487 2941 1744 3000 ἐπινικίοις
1775 2943 2003 3000 παιάνας
2034 2939 2171 3008 ᾖδον,
2211 2955 2393 3010 quem·

402 3027 692 3089 admodum
744 3026 893 3081 brevi
942 3035 1062 3100 post
1111 3028 1416 3100 Philippus,
1457 3028 1599 3099 apud
1648 3045 1808 3100 quem
1860 3027 2151 3082 Aeschines
2191 3027 2392 3081 dicitur

404 3133 455 3188 p.
499 3119 636 3179 521,
683 3119 767 3168 17.
811 3115 1096 3183 παιωνίζειν
1133 3117 1218 3170 ἐπὶ
1259 3123 1379 3177 ’ταῖς
1420 3119 1518 3171 τῶν
1555 3118 1815 3180 Ἑλλήνων
1851 3121 2161 3185 συμφοραῖς.
2221 3115 2283 3169 111
2324 3115 2390 3169 si-

401 3202 519 3258 mili
546 3201 752 3255 laetitia
786 3202 1025 3257 confecto
1054 3203 1189 3258 bello
1219 3203 1477 3259 Phocensi
1513 3204 1803 3259 Aeschines
1836 3206 1952 3263 τοὺς
1991 3207 2220 3263 παιάνας
2261 3201 2387 3273 ᾆσαι

401 3290 603 3345 dicitur
635 3306 666 3344 a
699 3289 1055 3345 Demosthene
1093 3291 1158 3345 de
1191 3291 1249 3346 F.
1284 3291 1341 3345 L.
1379 3309 1427 3363 p.
1469 3296 1603 3356 450,
1640 3297 1690 3347 5.
1733 3290 1874 3352 οὗτος
1916 3292 1966 3344 δὲ
2006 3291 2124 3350 τοὺς
2159 3292 2388 3348 παιάνας

399 3377 539 3447 ᾖδεν,
580 3377 666 3432 cui
708 3376 994 3446 respondet
1030 3378 1320 3433 Aeschines
1353 3379 1418 3434 de
1458 3380 1517 3434 F.
1557 3380 1613 3433 L.
1651 3379 1690 3452 §
1733 3382 1853 3433 162.
1889 3378 2091 3445 συνῇδον
2132 3377 2237 3444 γάρ
2271 3379 2386 3437 τοὺς

400 3469 628 3525 παιᾶνας
659 3464 930 3531 Φιλίππῳ,
970 3463 1032 3524 ὥς
1066 3470 1222 3533 φησιν
1253 3470 1276 3519 0‘
1308 3468 1611 3534 κατήγορος.
1656 3466 1744 3520 Sic
1774 3466 1943 3536 igitur
1971 3463 2386 3519 Atheniensibus

399 3552 488 3605 illo
526 3558 761 3623 tempore
795 3554 822 3614 ἡ
859 3549 1006 3611 πόλις
1043 3553 1270 3606 παιάνων
1307 3552 1362 3615 ἦν
1391 3557 1556 3619 μεςή,
1597 3551 2047 3625 quemadmodum
2080 3569 2290 3623 semper
2330 3553 2384 3609 in

401 3656 458 3693 re
499 3638 635 3694 laeta
675 3645 768 3694 aut
807 3640 865 3703 in
900 3640 1187 3710 conviviis,
1230 3648 1289 3695 ut
1332 3641 1472 3717 apud
1515 3640 1900 3713 Antiphanem‚
1945 3642 2105 3720 παιαν
2150 3643 2311 3712 ᾔδετο.
