2436 4068
1027 168 1123 216 761

82 318 171 379 ἔτη
213 316 373 370 ἐννέα.
454 312 651 367 Novem
703 326 869 363 annos
923 309 1145 363 durasse
1193 307 1391 363 bellum
1446 310 1563 363 iure
1613 308 1787 380 potuit
1841 306 2055 371 dicere,

83 406 130 460 si
184 402 398 475 quidem
454 399 806 455 Phocensiun]
867 396 1099 460 deditio,
1160 413 1297 468 quae
1353 396 1486 452 bello
1547 396 1705 450 finem
1765 395 2054 466 imposuit,

83 492 223 547 facta
278 494 663 559 Σκιροφοριῶνος
717 486 872 551 μηνὸς
931 486 1081 554 ὀγδόῃ
1126 486 1421 553 φθίνοντος,
1482 484 1670 539 incidit
1731 484 1787 537 in
1846 483 2057 536 ultimos

81 581 196 635 dies
233 581 357 633 noni
394 578 520 632 anni
554 575 637 629 ἐπὶ
681 574 1057 639 Θεμιςοκλέους
1094 572 1356 641 ἄρχοντος.
1440 573 1600 628 Plane
1641 570 1942 626 consectum
1977 577 2060 625 est

80 667 279 723 bellum
321 683 460 720 anno
498 664 694 718 decimo
728 679 895 733 quum
938 661 1290 715 phocensium
1330 660 1587 732 reliquiae
1626 661 1791 714 armis
1831 659 2059 714 ademtis

8 796 11 806 t
78 754 287 828 oppidis
327 753 437 808 solo
477 752 718 824 aequatis
772 750 1006 820 pagatim
1056 749 1219 821 (κατὰ
1273 748 1473 821 κώμας)
1529 750 1586 802 in
1640 754 1846 802 vastata
1884 748 2060 819 patria

10 911 11 914 Ἴ
80 843 404 900 habitarent.
485 841 540 895 Si
575 840 696 911 quis
739 837 805 892 ad
842 837 979 891 hanc
1018 835 1195 890 lucem
1239 836 1602 907 Xenophontis
1639 836 1814 891 locum
1853 842 2058 908 specta-

8 919 11 966 ?
79 932 158 987 bit
198 930 460 985 Boeckhio
513 926 794 990 concedet,
851 925 966 980 fieri
1015 924 1161 978 nullo
1199 930 1352 995 pacto
1388 941 1540 995 posse
1580 931 1639 978 ut
1686 925 1814 980 haec
1859 925 2060 996 scripta

78 1020 188 1075 sint.
238 1027 354 1090 post
410 1016 607 1071 bellum
662 1031 877 1069 sacrum
935 1012 1237 1068 consectum
1291 1011 1499 1085 Olymp.
1537 1011 1716 1066 CVIII.
1760 1018 1809 1067 5.
1868 1018 1920 1066 et
1973 1029 2059 1066 ne-

81 1123 228 1163 cesse
279 1123 395 1161 esse
443 1111 502 1159 ut
553 1103 751 1157 litteris
805 1101 1055 1156 mandata
1115 1099 1318 1154 fuerint
1377 1107 1501 1154 ante
1568 1099 1778 1174 Olymp.
1821 1101 1950 1155 CVI.
2007 1104 2058 1154 2.

79 1197 361 1251 Praeterea
413 1191 544 1247 illud
604 1206 814 1263 quoque
864 1189 999 1244 mihi
1055 1189 1420 1244 certissimum
1461 1205 1577 1243 esse
1617 1188 1860 1253 videtur,
1917 1187 2060 1260 quod

79 1283 378 1339 Boeckhius
413 1282 564 1353 ponit
605 1286 657 1334 et
698 1279 927 1333 aliorum
969 1286 1021 1331 et
1058 1276 1373 1331 Schneideri
1401 1278 1775 1332 auctoritatem
1818 1283 2060 1340 secutuS,

27 1379 37 1448 J
87 1372 352 1427 Thebanos
394 1386 510 1425 esse
555 1385 687 1440 quos
741 1366 884 1421 dicat,
935 1365 1225 1437 Xenophon
1275 1366 1489 1427 ἐκείνους
1535 1364 1709 1426 οἵτινες
1751 1365 2061 1419 ἐκλιπόντων

31 1511 35 1518 .
78 1467 178 1517 τῶν
217 1460 424 1514 Φωκέων
462 1460 522 1512 τὸ
560 1459 688 1524 ἱερὸν
725 1453 1169 1520 καταλαμβάνειν
1219 1456 1502 1522 ἐπειρῶντο.
1583 1453 1725 1520 Quos
1768 1452 1933 1507 fuisse
1969 1471 2060 1523 po-

80 1548 393 1605 tentissimos
433 1563 497 1601 ex
535 1546 667 1617 ipsis
708 1544 791 1598 his
833 1543 1198 1614 Xenophontis
1252 1541 1429 1596 verbis
1469 1543 1751 1613 perspicue
1791 1541 2065 1612 colligitur

83 1637 172 1693 ubi
209 1637 375 1691 dicit:
423 1633 630 1695 πάντας
671 1633 735 1687 ἂν
788 1634 905 1693 τοὺς
943 1632 1210 1693 Ἕλληνας
1252 1629 1613 1696 ὁμογνώμονας
1658 1652 1718 1685 τε
1767 1630 1854 1685 καὶ
1895 1629 2062 1697 συνόρ-

80 1746 195 1788 κους
244 1724 352 1800 [καὶ
388 1722 729 1794 συμμάχους]
776 1720 998 1787 λάβοιτε
1039 1721 1122 1774 ἐπ’
1163 1720 1378 1780 ἐκείνους
1426 1720 1534 1773 κτέ.
1578 1719 1631 1772 in
1675 1736 1779 1790 quo
1818 1718 1942 1773 loco-
1979 1735 2062 1773 ve-

81 1815 360 1870 hementer
409 1811 542 1866 mihi
596 1817 842 1882 suspecta
895 1815 1023 1863 sunt
1072 1807 1326 1862 vocabula
1385 1807 1472 1862 καὶ
1516 1806 1868 1875 συμμάχους,
1928 1823 2066 1879 quae

81 1903 148 1959 ab
187 1903 366 1957 nescio
404 1917 509 1972 quo
554 1898 873 1970 interpolata
923 1914 1038 1952 esse
1090 1897 1323 1951 arbitror
1371 1895 1437 1950 ad
1479 1895 1851 1967 explicandum
1907 1911 2065 1950 voca-

81 1991 269 2047 bulum
310 1990 609 2057 συνόρκους,
653 1987 793 2059 quod
835 1986 900 2041 ad
938 1985 1345 2056 intelligendum
1387 1992 1632 2057 apertum
1676 1991 1756 2039 est
1804 1983 1895 2039 sed
1945 2001 2066 2038 nus-

33 2149 36 2154 ·
82 2097 245 2152 quam
303 2078 430 2133 alibi
476 2078 675 2149 legitur
727 2093 824 2148 pro
876 2075 1323 2141 συνομωμοκότας.
1406 2074 1552 2142 Quae
1595 2075 1733 2128 inest
1785 2074 1840 2127 in
1889 2073 2065 2127 verbis

32 2195 42 2228 ι
83 2165 443 2236 ὅμογνώμονάς
490 2187 550 2220 τε
594 2166 682 2220 καὶ
722 2164 984 2231 συνόρκους
1027 2163 1283 2217 orationis
1321 2164 1545 2217 minime
1592 2162 1839 2233 vulgatae
1885 2162 2065 2228 σεμνό-

82 2279 210 2321 της,
269 2255 537 2311 claudicat
586 2253 678 2309 ubi
735 2253 801 2307 de
849 2253 1007 2306 trivio
1047 2258 1288 2306 sumtum
1334 2251 1422 2306 καὶ
1477 2251 1795 2319 συμμάχους
1854 2258 2068 2323 praeter

84 2346 248 2402 ullam
304 2344 677 2399 necessitatem
734 2341 1008 2396 adiicitur.
1094 2340 1331 2395 Thebani
1391 2341 1561 2411 igitur
1611 2341 1667 2394 τὸ
1729 2343 1779 2394 ἐν
1833 2345 2068 2409 Δελφοῖς

86 2436 210 2504 ἱερὸν
246 2432 637 2488 ἐκλιπόντων
679 2430 931 2485 Φωκέων
981 2429 1426 2496 καταλαμβάνειν
1471 2430 1733 2495 ἐπειρῶντο
1781 2437 1905 2483 ante
1946 2428 2069 2483 belli

84 2524 226 2579 sacri
266 2522 480 2576 initium
529 2519 737 2593 Olymp.
774 2519 901 2573 CVI.
945 2522 996 2573 2.
1077 2517 1405 2573 Gravissima
1445 2516 1734 2570 difficultas
1787 2516 1970 2572 haeret
2013 2519 2068 2572 in

86 2611 171 2667 his
208 2611 337 2683 ipsis
379 2609 554 2663 verbis
589 2608 899 2662 ἐκλιπόντων
941 2606 1149 2661 Φωκέων
1181 2607 1239 2661 τὸ
1288 2607 1414 2673 ἱερὸν
1449 2605 1892 2671 καταλαμβάνειν
1931 2608 2067 2660 ἐπεῖ-

87 2707 236 2769 ρῶντο
275 2702 318 2754 οἱ
361 2687 604 2765 Θηβαῖοι.
684 2694 858 2751 Verba
893 2696 1006 2766 ipsa
1048 2711 1141 2766 per
1173 2711 1228 2748 se
1263 2701 1503 2767 spectata
1545 2693 1610 2747 ad
1659 2694 2067 2766 intelligendum

86 2797 214 2844 sunt
264 2788 623 2860 apertissima.
717 2783 855 2852 Quid
916 2785 987 2838 sit
1042 2784 1297 2838 ἐκλείπειν
1342 2790 1447 2838 tam
1508 2789 1655 2837 certo
1712 2783 1840 2837 sciri
1894 2790 2068 2855 potest:

88 2893 250 2950 quam
298 2874 426 2948 quid
478 2876 549 2930 sit
603 2876 661 2929 τὸ
714 2873 876 2940 ἱερόν,
934 2879 1029 2927 aut
1082 2871 1210 2944 quid
1270 2873 1340 2926 sit
1391 2871 1850 2938 καταλαμβάνειν.
1932 2873 2070 2927 δοίη·
2139 2938 2142 2947 ¹

83 2974 283 3038 polest,
327 2965 546 3035 inquam
572 3005 585 3027 ‚
627 2979 747 3016 nam
788 2960 1086 3016 Boeckhius
1125 2967 1177 3015 et
1218 2959 1345 3026 alii,
1402 2959 1528 3014 dum
1570 2961 1667 3014 toti
1704 2967 1831 3015 sunt
1885 2961 1934 3013 in
1989 2979 2067 3014 re·

91 3054 213 3118 bus,
256 3060 314 3108 ut.
353 3053 537 3115 aiunt,
577 3050 944 3123 explorandiS,
981 3049 1253 3103 verborum
1293 3057 1495 3104 certam
1540 3056 1851 3121 potestatem
1878 3054 1929 3103 et
1953 3066 2067 3119 pcr-

8 3117 13 3146 ³
91 3148 310 3216 petuum
362 3140 573 3195 dicendi
615 3157 772 3194 usum
816 3141 1125 3210 ignorantes
1171 3138 1369 3194 Graeca
1410 3155 1808 3209 nonnumquam
1862 3140 1935 3191 ita
1991 3138 2067 3190 in-

90 3237 457 3303 terpretantur
514 3227 964 3301 quemadmodum
1037 3226 1357 3282 Plutarchus
1418 3227 1602 3281 Latina
1666 3226 1751 3299 (in
1803 3227 1911 3278 vita
1970 3225 2066 3279 De-

10 3334 12 3362 ;
92 3318 285 3375 mosth.
350 3335 463 3390 cap.
502 3318 613 3391 2.):
686 3321 787 3385 οὐχ
844 3316 998 3377 οὕτως
1057 3317 1114 3370 ἐκ
1166 3322 1263 3371 τῶν
1325 3315 1583 3381 ὀνομάτων
1638 3315 1708 3369 τά
1767 3313 2070 3381 πράγματα

10 3437 13 3466 J
91 3409 340 3467 συνιέντες
392 3409 455 3468 ὥς
511 3408 567 3461 ἐκ
624 3413 721 3462 τῶν
780 3404 1108 3474 πραγμάτων
1169 3405 1498 3470 ἁμωσγέπως
1558 3403 1643 3457 καὶ
1705 3404 1776 3457 τοὶ
1835 3402 2068 3467 ὀνόματα

9 3516 14 3585 J
93 3496 447 3566 γνωρίζοντες,
507 3494 645 3566 quod
701 3511 859 3567 quam
919 3494 991 3549 sit
1047 3492 1316 3549 lubricum
1358 3500 1410 3547 ot
1466 3491 1621 3546 fallax
1678 3490 2067 3562 interpretandi

10 3586 12 3603 Ι
1646 3585 1687 3615 51
