2436 4068
1057 189 1163 240 547

115 338 247 392 alias
282 334 804 396 demonstravimuS,
844 349 947 386 non
984 332 1310 388 intellectam
1352 331 1453 386 sibi
1496 332 1648 404 plane
1703 334 2003 388 omiserunt
2044 342 2097 389 et

121 428 236 479 sine
266 439 427 477 sensu
464 438 608 476 nunc
640 420 850 485 editur,
889 422 1006 481 τοὺς
1040 422 1136 486 μὲν
1176 420 1693 490 ἰόντας-φίλως
1734 422 1969 489 ἐδέχοντο
2005 439 2100 494 pro

116 511 434 579 προσιόντας.
528 509 886 564 Utilissimum
954 515 1035 562 est
1095 507 1383 579 diligenter
1451 508 1880 565 animadvertere
1939 517 1993 564 et
2045 511 2099 564 in

118 607 358 670 tempore
399 598 710 652 meminisse
742 595 888 649 illam
926 595 1119 665 siglam
1158 603 1489 666 perveterem
1533 598 1942 669 praepositionis
1978 597 2100 666 πρός

121 688 303 761 (quam
345 685 466 740 vide
505 684 646 756 apu¹d
670 684 912 737 Bastium
954 684 1253 738 Commeat.
1301 684 1572 755 Palaeogr.
1615 684 1880 757 depictam
1907 686 1962 740 in
2005 686 2102 740 Ta·

117 774 242 830 bula
281 774 351 831 11.
394 773 468 847 5.)
524 789 681 844 saepe
730 778 824 826 aut
865 788 968 825 nou
1024 770 1350 826 intellectam
1412 790 1633 844 prorsus
1685 774 1956 829 interiisse
2008 781 2103 829 aut

118 862 258 918 male
310 862 635 917 intellectam
685 861 738 914 in
795 859 886 915 καί
923 858 1002 914 vel
1064 860 1135 921 εἰς
1179 859 1258 914 vel
1304 859 1448 914 κατα
1505 859 1589 914 vel
1646 863 1758 916 οἷοι-ό
1810 861 1890 916 vel
1941 862 2101 917 aliam

119 950 407 1024 quamdam
449 949 896 1022 praepositionem
951 947 1295 1019 depravatam
1338 965 1470 1003 esse.
1551 949 1718 1003 Periit
1771 950 1913 1022 apud
1969 950 2102 1006 Ouo-

118 1039 379 1095 sandrum
420 1056 472 1110 p.
509 1044 598 1093 51.
637 1037 757 1099 τοὺς
795 1038 891 1103 μὲν
931 1036 1103 1098 ἰόντας
1144 1036 1229 1090 διὰ
1268 1041 1357 1092 τοῦ
1391 1037 1565 1106 φωτὸς
1606 1037 1664 1091 ἐκ
1718 1043 1911 1093 πολλοῦ
1961 1040 2101 1095 συνό·

120 1134 346 1197 ψονται,
387 1126 478 1181 ubi
531 1126 733 1198 optime
776 1124 1168 1180 demonstravit
1220 1123 1588 1179 Schwebelius
1637 1125 1937 1193 προσιόντας
1986 1145 2105 1183 esse

118 1214 541 1279 emendandum,
580 1212 672 1268 sed
714 1230 815 1268 eur
854 1211 1139 1268 excidisset
1171 1213 1495 1284 praepositio
1530 1230 1634 1267 non
1672 1215 1962 1286 perspexit.
2043 1215 2104 1270 In

115 1305 225 1359 vita
262 1302 466 1360 inedita
503 1302 845 1368 AristoteliS,
885 1317 1047 1373 quam
1088 1317 1118 1355 e
1156 1299 1347 1356 Codice
1391 1301 1662 1356 Marciano
1700 1301 1993 1375 descripsi,
2032 1302 2104 1357 le·

116 1394 298 1465 gitur:
343 1389 443 1446 ὅσα
499 1392 595 1456 μὲν
643 1391 750 1459 γὰρ
798 1388 983 1450 ἕκαστον
1034 1388 1378 1458 εὐηργέτησεν
1417 1392 1474 1445 αἱ
1526 1385 1900 1459 γεγραμμέναι
1959 1393 2102 1460 αὐτῷ

117 1482 301 1537 κατὰ
338 1481 457 1542 τοὺς
495 1480 759 1547 βασιλέας
797 1480 916 1547 περί
951 1499 1099 1533 τινων
1132 1477 1370 1536 ἑπιςολαὶ
1411 1479 1681 1545 δηλοῦσιν,
1722 1485 1776 1534 et
1814 1485 1935 1551 post
1975 1496 2104 1552 pau-

118 1587 217 1626 ca:
269 1572 364 1633 την
403 1569 633 1637 πατρίδα
672 1566 946 1636 Στάγειρα
983 1567 1144 1622 πείθει
1203 1567 1291 1622 τὸν
1338 1565 1674 1636 Ἀλέξανδρον
1712 1568 1940 1636 δεύτερον
1994 1568 2104 1624 κτί·

118 1659 220 1727 ζειν
270 1658 359 1713 καὶ
397 1659 573 1726 χώραν
613 1657 790 1725 ἑτέραν
827 1658 963 1725 αὐτῇ
1016 1654 1498 1721 καταδιδόναι,
1546 1658 1655 1711 ἀνθ’
1689 1654 1753 1711 ὧν
1792 1658 1834 1711 οἱ
1869 1667 2104 1723 Σταγει·

119 1755 257 1815 ρῒται
296 1755 439 1813 μῆνα
485 1746 745 1811 κατηγό
756 1765 907 1813 ρευσ
921 1765 992 1799 αν
1039 1743 1410 1812 Ἀριςοτέλειον
1457 1744 1545 1799 καὶ
1595 1747 1764 1814 ἑορτὴν
1804 1743 1929 1811 ἦγον
1970 1747 2106 1814 Ἀρι·

119 1836 395 1900 ςοτέλεια,
450 1842 505 1889 el.
549 1842 667 1906 post
704 1850 907 1906 pauca:
965 1833 1141 1887 πολλοὶ
1185 1833 1237 1888 δὲ
1290 1833 1378 1887 καὶ
1417 1833 1711 1896 Ἀθηναίους
1762 1835 2104 1902 εὐηργέτησεν

116 1925 170 1979 ἐν
207 1930 314 1985 τοῖς
367 1922 546 1977 κατὰ
600 1923 857 1978 Φίλιππον
895 1921 1243 1989 γράμμασιν,
1301 1919 1388 1979 ὅς’
1428 1922 1724 1985 Ἀθηναίους
1759 1924 1810 1976 ἐν
1849 1933 1914 1994 τῇ
1956 1926 2105 1993 dupo-

116 2012 267 2067 πόλει
305 2010 584 2078 ἀνδριάντα
622 2013 764 2079 αὐτῷ
800 2012 1061 2066 ἀναθεῖναι
1082 2052 1096 2077 ,
1139 2009 1260 2065 luce
1298 2009 1499 2065 clarius
1541 2016 1624 2065 est
1661 2009 1946 2081 legendum
1988 2030 2104 2069 esse

117 2102 242 2169 πρὸς
290 2101 409 2161 τοὺς
457 2099 754 2165 βασιλέας,
806 2098 1161 2166 προσδιδόναι,
1201 2097 1619 2166 προσηγόρευσαν
1660 2106 1713 2153 et
1758 2101 1881 2168 πρὸς
1920 2102 2106 2157 Φίλιπ-

116 2208 246 2251 πον,
302 2194 357 2243 et
396 2186 539 2242 unde
583 2186 638 2241 hi
679 2203 890 2242 errores
941 2188 1053 2242 nati
1095 2186 1206 2242 sint
1248 2187 1620 2258 unusquisque
1673 2188 1858 2243 statim
1902 2191 2102 2263 perspi-

115 2278 210 2333 cit.
287 2274 571 2331 Intercidit
610 2276 732 2343 πρός
774 2274 917 2348 apud
957 2274 1290 2332 Dinarchum
1332 2274 1480 2331 Orat.
1522 2275 1562 2331 1.
1608 2281 1743 2332 100:
1792 2278 1849 2332 τί
1884 2278 1990 2347 γάρ
2026 2280 2103 2338 ἐςι

115 2366 313 2435 ῥήτορος
351 2364 659 2430 δημοτικοῦ,
703 2365 811 2419 imo
848 2381 1002 2429 vem,
1043 2363 1283 2420 Dohraeo
1317 2362 1530 2430 iudice,
1569 2365 1692 2434 πρὸς
1724 2367 1942 2435 ῥήτορος.
2021 2367 2107 2422 Iu-

117 2452 338 2508 tercidit
377 2451 520 2525 apud
575 2451 818 2526 Thucyd.
862 2452 954 2508 111.
999 2455 1089 2508 59.
1151 2452 1243 2507 ubi
1291 2452 1630 2508 Plataeenses
1677 2454 1757 2509 sic
1813 2453 2115 2529 Spartanos

116 2540 426 2597 obsecrant:
482 2540 649 2596 ἱκέται
697 2541 991 2607 γιγνόμεθα
1029 2542 1167 2608 ὑμῶν
1214 2546 1313 2597 τῶν
1351 2539 1598 2610 πατρῴων
1635 2541 1822 2612 τάφων
1862 2545 1950 2599 καὶ
1993 2546 2107 2600 ἑπι-

121 2629 425 2696 machmam
462 2630 582 2690 τοὺς
632 2629 961 2695 κεκμηκότας
1010 2631 1085 2696 μη
1126 2630 1364 2696 γενέσθαι
1420 2630 1516 2685 ὑπὸ
1572 2631 1824 2697 Θηβαίοις
1846 2674 1861 2698 ,
1915 2633 2106 2706 supple

116 2721 240 2788 πρὸς
277 2723 378 2775 τῶν
411 2716 656 2786 πατρῴων
694 2716 899 2787 τάφων.
940 2718 1070 2787 Πρός
1109 2719 1165 2773 in
1206 2720 1258 2780 ἐς
1300 2724 1617 2789 corruptum
1657 2727 1738 2776 est
1779 2721 1921 2794 apud
1964 2722 2107 2778 Thu-

119 2806 242 2882 cyd.
278 2805 416 2861 vlu.
459 2810 549 2861 47.
606 2808 888 2872 μνησθῆναι
925 2807 1038 2875 περὶ
1091 2809 1252 2864 αὑτοῦ
1294 2807 1345 2868 ἐς
1385 2807 1502 2869 τοὺς
1551 2808 1831 2874 βελτίςους
1874 2817 1973 2867 τῶν
2015 2814 2107 2867 οἰν-

120 2897 353 2964 θρῶπων,
405 2910 639 2966 namque
691 2894 955 2950 Graecum
1000 2902 1083 2952 est
1129 2896 1411 2963 μνησθῆναι
1451 2897 1568 2965 περί
1615 2917 1746 2960 τινος
1797 2898 1919 2967 πρός
1971 2921 2108 2955 τινα.

119 2981 383 3039 Similiter
418 2982 661 3056 Thucyd.
696 2982 784 3038 IV.
829 2986 917 3038 25.
958 2985 1030 3052 τῷ
1069 2985 1122 3039 δὲ
1169 2983 1305 3051 πεζῷ
1346 2985 1467 3052 πρὸς
1501 2986 1595 3049 τήν
1629 2985 1781 3041 πόλιν
1821 2987 2108 3054 ἐσέβαλον,

120 3072 229 3127 imo
266 3088 392 3127 vero
441 3072 783 3140 προσέβαλον.
862 3070 1010 3128 Idem
1052 3073 1247 3128 vitium
1286 3079 1367 3127 est
1423 3072 1667 3147 Thucyd.
1710 3075 1845 3131 v111.
1890 3081 1981 3133 51.
2022 3078 2108 3132 ἕο·-

114 3160 278 3226 βολην
316 3159 650 3227 ποιησάμενοι
690 3169 755 3229 τῇ
806 3160 954 3217 πόλει
1009 3161 1263 3229 ἀτειχίςῳ
1313 3160 1464 3231 οὔσῃ,
1524 3163 1735 3235 corrige
1793 3167 2103 3233 προσβολήν.

31 3318 35 3322 ἡ
120 3247 386 3304 mutatum
440 3257 522 3304 cst
569 3249 692 3317 πρός
743 3249 798 3303 in
851 3249 994 3305 κατα
1056 3249 1301 3324 Thucyd.
1341 3249 1381 3304 I.
1429 3254 1515 3306 115.
1570 3257 1691 3306 κατ’
1747 3255 2011 3316 οὶλλήλους
2063 3256 2106 3309 οἱ

118 3336 447 3400 ὦςύγείτονες
507 3337 824 3404 ἐπολέμουν,
880 3346 933 3394 el.
987 3338 1076 3392 IV.
1131 3342 1220 3393 84.
1282 3341 1401 3395 κατ’
1459 3342 1724 3404 ἀλλήλους
1792 3341 2102 3409 ε’ςαο-ίαζον,

126 3422 410 3494 utrobique
452 3427 668 3498 requiro
706 3429 827 3493 πρὸς
868 3429 1149 3490 ἀλλήλους.
1231 3428 1394 3483 Recte
1431 3428 1630 3500 legitur
1682 3431 1800 3484 κατ’
1841 3432 2105 3495 ἀλλήλους

127 3510 168 3564 T
173 3509 368 3585 hucyd.
404 3513 463 3567 V.
501 3517 589 3569 60.
631 3516 682 3569 ἐν
715 3516 862 3584 αἰτία
898 3517 942 3570 δ’
977 3513 1120 3584 εἶχον
1149 3521 1269 3572 κατ’
1307 3518 1569 3581 ἀλλήλους
1605 3526 1774 3584 πολλῇ
1811 3517 1897 3571 τὸν
1924 3516 2104 3583 γΛγιν.

122 3597 274 3670 Apud
313 3599 712 3672 Xenophontem
753 3604 871 3669 πρὸς
930 3604 1269 3661 intercidisse
1335 3603 1547 3662 videtur
1589 3604 1788 3662 Hellen.
1835 3604 1894 3660 V.
1939 3624 1970 3661 ι.
2010 3609 2105 3663 27.
