2436 4068
1012 195 1117 247 437

289 343 345 404 ἣν
384 340 427 394 δ’
467 339 656 409 ἀρέσκῃ
693 345 847 394 ταῦτ’
887 343 1169 404 Ἀθηναίοις
1210 340 1459 401 καθῆσθαί
1496 359 1580 406 μοι
1622 341 1762 395 δοκεῖ

289 431 362 489 εἰς
400 429 458 481 τὸ
501 435 713 490 Θησεῖον
751 430 1100 491 πλεούσαις
1143 430 1171 492 ἢ
1214 428 1290 482 ’πὶ
1331 434 1429 482 τῶν
1467 435 1662 494 σεμνῶν
1702 432 1855 494 θεῶν,

64 520 180 572 sine
232 515 567 571 dubitatione
618 517 983 588 reponendum
1031 518 1313 577 πλεούσας.
1405 516 1786 589 Exemplorum
1847 517 2045 589 ubique

64 621 259 676 magna
314 611 395 659 est
448 605 616 676 copia.
695 605 757 658 In
813 605 1010 658 vicinia
1068 604 1266 675 legitur
1305 605 1397 658 111.
1439 621 1493 659 11.
1541 609 1589 659 1.
1643 604 1808 669 ἔδοξεν
1866 610 2044 667 αὐτοῖς

64 694 316 762 φυλακὰς
354 694 904 755 καταςήσαντας
956 700 1244 757 συγκαλεῖν
1285 693 1402 752 τοὺς
1443 693 1768 760 ςρατιώτας,
1811 701 1866 750 el.
1905 695 1946 748 I.
1990 712 2044 748 11.

66 787 117 836 1.
199 780 349 850 Ξενία
407 779 543 843 ἥκειν
596 779 967 845 παραγγέλλει
1025 779 1326 846 λαβόντα
1383 782 1502 842 τοὺς
1562 780 1764 849 ἄνδρας.
1861 781 2048 838 Obiter

65 868 290 924 emenda
327 868 389 923 11.
430 886 466 922 1.
507 872 559 921 2.
601 866 763 931 ἔδοξεν
802 865 885 922 οὖν
919 870 1095 928 αὐτοῖς
1137 870 1788 935 συσκευασαμένους
1828 868 1866 925 ἃ
1903 868 2047 940 εἶχον

62 958 151 1012 καὶ
207 955 798 1021 ἐξοπλισαμένους
849 956 1107 1022 προϊέναι,
1162 973 1259 1027 pro
1305 957 1775 1023 συσκευασαμένοις
1831 966 1884 1013 et
1941 959 2048 1023 ἐξο-

61 1046 419 1112 πλισαμένοις.

139 1134 201 1188 Iu
244 1133 272 1204 ς
307 1137 398 1188 42.
440 1149 535 1204 pro
571 1139 692 1193 ταῖς
750 1138 958 1200 ψυχαῖς
1011 1133 1385 1201 ἕρρωμενέςεροι
1441 1131 1786 1188 scribendum
1830 1141 1912 1190 est
1951 1138 2049 1197 τας

62 1222 270 1292 ψυχάς.
350 1221 613 1277 Graecum
654 1220 800 1274 enim
833 1228 915 1274 est
953 1221 1221 1288 ἐρρωμένος
1255 1223 1315 1276 τὸ
1347 1227 1530 1287 σῶμα,
1573 1238 1676 1275 non
1709 1223 1779 1290 τῷ
1814 1226 2050 1290 σώματι,

65 1309 517 1384 quemadmodum
558 1310 770 1370 ἀσθενὴς
810 1309 869 1362 τὸ
907 1313 1097 1374 σῶμα,
1138 1309 1416 1381 multaque
1456 1309 1654 1364 similia
1697 1310 1972 1367 dicuntur.

161 1400 329 1455 Periit
379 1404 638 1453 venustae
693 1397 1096 1468 compositionis
1159 1397 1452 1452 artificium
1506 1398 1597 1452 III.
1640 1416 1676 1453 1.
1733 1404 1822 1454 45.
1880 1400 2051 1458 ὁπόσοι

66 1491 162 1554 μὲν
198 1519 276 1529 -
312 1484 447 1541 οὗτοι
485 1486 582 1551 μέν
620 1517 729 1550 -,
770 1485 940 1539 ὁπόσοι
981 1486 1033 1539 δὲ
1068 1519 1142 1528 —
1179 1487 1390 1548 τούτους
1441 1487 1528 1553 ὁρῶ
1580 1488 1790 1552 μᾶλλόν
1831 1510 1938 1550 πως
1979 1491 2049 1551 εἷς

63 1580 124 1632 τὸ
173 1582 340 1644 γῆρας
394 1575 827 1644 ἀφικνουμένους,
882 1574 1087 1628 inserta
1135 1574 1323 1629 vocula
1374 1574 1718 1630 scribendum
1759 1576 1968 1639 τούτους
2008 1579 2052 1632 δ’
2091 1576 2094 1578 ’

64 1666 152 1733 ὁρῶ
193 1665 301 1719 κτὲ.
380 1661 759 1733 Exemplorum
805 1662 1008 1717 affatim
1065 1670 1146 1717 est
1186 1670 1238 1718 et
1293 1663 1434 1735 apud
1474 1670 1715 1719 caeteros
1754 1665 1960 1720 Atticos
1999 1673 2053 1721 et

63 1752 206 1826 apud
236 1749 648 1807 Demosthenem
682 1751 1027 1822 potissimum
1057 1758 1111 1805 et
1140 1751 1450 1806 Isocratem.
1532 1751 1698 1807 Nemo
1739 1760 1919 1808 autem
1952 1755 2052 1808 mi-

66 1841 276 1897 rabitur
316 1854 723 1910 nonnumquam
775 1839 829 1893 δέ
880 1840 935 1893 in
985 1838 1202 1911 apodosi
1257 1840 1335 1895 sic
1388 1840 1628 1912 positum
1669 1857 1699 1895 a
1741 1841 1934 1896 scribis
1994 1851 2053 1898 ut

66 1928 259 1984 inutile
292 1934 560 1983 resectum
604 1933 700 1981 aut
734 1927 1062 2000 negligentia
1101 1929 1364 1983 omissum
1407 1944 1538 1982 esse.
1618 1929 1735 1983 Duo
1775 1929 1917 2001 apud
1956 1931 2053 1986 De-

66 2017 401 2073 mosthenem
443 2014 683 2086 exempla
725 2013 870 2069 vide:
927 2016 981 2069 in
1024 2014 1169 2071 Orat.
1206 2016 1318 2071 XV.
1360 2018 1388 2083 ς
1424 2020 1513 2070 55.
1553 2023 1651 2071 τῶν
1694 2017 1746 2071 δὲ-
1791 2031 2052 2073 πολιτευο-

0 2103 1 2139 Ῑ
62 2106 225 2174 μένων
263 2102 347 2166 οὓς
388 2104 467 2161 'ts-e
503 2104 689 2171 σαφῶς
733 2104 850 2164 τοὺς
892 2111 986 2167 τῆς
1029 2105 1224 2166 πόλεως
1278 2105 1488 2172 ἐχθροὺς
1531 2105 1802 2172 ᾑρημένους
1843 2106 2052 2168 τούτους

63 2191 378 2252 mend-rom,-
428 2193 670 2256 ἡγεῖσθε,
730 2193 837 2246 imo
903 2209 1029 2247 vero
1080 2193 1289 2253 τούτους
1346 2193 1398 2246 δὲ
1458 2193 1769 2256 πιςοτοὶτους
1825 2198 2051 2261 ἡγεῖσθε.

64 2281 231 2339 ΙΙιιΙῑο
269 2281 433 2336 etiam
477 2280 698 2351 gravius
752 2287 1033 2351 peccatum
1075 2298 1191 2336 esse
1244 2279 1449 2335 videbis
1508 2282 1564 2335 in
1619 2280 1765 2336 Orat.
1807 2283 1920 2338 VII.
1968 2290 2054 2340 17.

65 2372 109 2427 ei
149 2372 223 2438 μὴ
266 2371 405 2436 ὑμῶν
453 2369 548 2434 μὲν
607 2370 950 2439 κατεφρόνει,
993 2367 1077 2431 οὓς
1124 2371 1167 2424 δ’
1203 2369 1377 2424 ἐνθάδε
1415 2372 1692 2439 προῄρηται
1741 2373 1928 2440 φίλους
1976 2395 2056 2428 κε-

61 2461 283 2524 κτῆσθαι
317 2457 515 2519 τούτοις
556 2457 857 2515 διεπίςευεν.
910 2458 1140 2513 Confusa
1181 2464 1308 2512 sunt
1350 2464 1410 2512 ut
1446 2460 1648 2530 passim
1689 2459 1818 2514 alibi
1858 2463 1886 2516 δ
1924 2469 1977 2517 et
2010 2465 2054 2518 δι

66 2546 458 2620 legendumque
495 2546 692 2607 τούτοις
732 2547 775 2600 δ’
815 2547 1065 2604 ε’πίςευεν.
1148 2545 1408 2618 Compara
1441 2553 1496 2602 et
1530 2547 1943 2605 Demosthenem
1999 2551 2055 2606 in

66 2633 214 2693 Orat.
254 2634 492 2705 xxv111.
537 2638 588 2689 6.

163 2723 378 2780 Utiliter
429 2739 554 2778 cum
613 2721 995 2793 Xenophonteo
1052 2721 1165 2778 loeo
1219 2722 1555 2795 comparabis
1610 2725 1939 2781 isocrateum
2000 2729 2055 2782 in

67 2811 315 2868 Busiride
368 2810 522 2877 524.
575 2809 676 2865 ὅσοι
732 2811 828 2875 μὲν
881 2811 989 2877 γὰρ
1027 2842 1101 2852 —-
1140 2809 1275 2866 οὗτοι
1323 2812 1420 2878 μὲν
1468 2811 1800 2877 βλάπτουσιν
1839 2846 1915 2857 —
1953 2814 2055 2872 ὅσοι

65 2897 122 2956 δὲ
172 2932 234 2943 -
272 2902 315 2955 οἱ
352 2900 405 2955 δὲ
442 2905 653 2955 τοιοῦτοι
694 2931 768 2939 -
806 2902 1127 2969 ὠφελοῦσιν,
1182 2906 1236 2953 et
1275 2900 1508 2956 similem
1563 2901 1727 2956 alium
1784 2904 1836 2957 in
1891 2905 2057 2959 Pana·

74 2985 218 3044 then.
262 2990 291 3059 §
330 2992 434 3043 152
476 3006 555 3060 sq.
637 2988 690 3042 Si
732 2988 855 3060 quis
889 2994 1069 3042 autem
1114 2988 1254 3042 iuter
1293 2987 1579 3061 legendum
1621 2991 1784 3047 semel
1819 2992 2056 3047 animad-

76 3077 297 3133 verterit
335 3093 497 3149 quam
539 3076 828 3148 diligenter
867 3075 1004 3131 hanc
1047 3077 1310 3131 rationem
1353 3077 1616 3134 Isocrates
1657 3079 1939 3136 observare
1976 3100 2056 3136 so-

72 3161 210 3226 leat,
268 3164 523 3238 inspectis
562 3172 616 3220 et
658 3165 799 3219 inter
854 3181 910 3219 se
955 3166 1280 3236 comparatis
1319 3164 1404 3220 his
1460 3166 1622 3223 locis:
1686 3170 1737 3223 in
1794 3171 2054 3243 Panegyr.

74 3256 105 3325 ς
146 3255 283 3316 176,
325 3253 377 3307 in
416 3254 719 3325 Areopagit.
758 3258 826 3308 47
871 3259 924 3307 et
965 3255 1066 3316 65,
1105 3252 1169 3307 de
1211 3255 1346 3310 Pace
1388 3259 1456 3309 55
1500 3262 1553 3310 et
1595 3261 1735 3322 125,
1780 3258 1952 3311 Busir.
1993 3262 2057 3321 2,

75 3338 194 3395 adv.
237 3341 468 3414 Sophist.
512 3349 594 3398 17.
637 3350 691 3397 et
730 3340 910 3396 Autid.
949 3346 1086 3405 305,
1129 3349 1275 3397 certa
1321 3343 1694 3399 emendatione
1746 3345 1877 3399 duos
1917 3345 2058 3401 locos

74 3427 214 3499 apud
268 3429 495 3486 eundem
563 3432 614 3485 in
678 3432 946 3501 integrum
1011 3431 1292 3495 restituet,
1353 3430 1583 3487 alterum
1649 3434 1699 3486 in
1764 3432 2055 3491 l‘anathen.

77 3519 103 3587 ξ
149 3521 272 3570 26⁴2.
314 3522 490 3571 ταῦτα
526 3521 619 3582 μὲν
673 3518 806 3573 ἐάσω
833 3561 845 3580 ,
887 3519 998 3586 περὶ
1054 3517 1116 3573 ὧν
1161 3521 1210 3574 δὲ
1268 3522 1657 3586 παρακληθῆναί
1707 3542 1772 3584 με
1816 3522 1878 3575 σὺ
1917 3524 2020 3589 φῂς
2046 3565 2057 3585 ,

77 3607 186 3666 xes}
249 3605 436 3659 τούτων
484 3608 891 3677 ἀποφανοῦμαι,
954 3609 1059 3663 imo
1104 3626 1223 3663 vero
1268 3609 1376 3677 περὶ
1431 3611 1615 3664 τούτων
1672 3611 1712 3663 δ’
1765 3611 2057 3677 ἀποφανοῦ-
