2436 4068
1338 245 1446 298 460

402 385 553 443 verbi
599 390 833 444 οέποθύειν
876 396 1068 442 natura
1109 391 1283 442 θυσίαν
1325 388 1615 442 ἀποδιδόναι
1669 389 2056 460 significantiS,
2117 398 2169 445 et
2210 391 2384 463 requi-

409 478 552 530 ritur
587 493 777 530 nomen
819 476 957 546 quod
996 482 1140 530 recte
1182 484 1454 530 servatum
1498 482 1580 529 est
1617 475 1704 530 VI.
1740 495 1776 532 1.
1822 485 1869 532 1.
1949 477 2232 533 Praeterea
2269 483 2389 544 ἦγε·

408 565 619 630 μώσυνα
665 564 856 634 scripsi
896 564 1149 634 quoniam
1201 563 1415 634 longam
1472 563 1706 617 vocalem
1754 565 2063 620 terminatio
2102 567 2294 627 -όσυνος
2336 573 2390 621 et

411 653 579 713 ·οσύνη
630 651 781 721 sequi
836 651 1004 715 solet,
1046 650 1260 705 brevem
1303 652 1524 714 -ωσύνη,
1581 657 1640 705 ut
1680 653 1945 718 ἱερωσύνη,
1985 660 2038 707 et
2080 654 2390 724 sequiorum

414 741 706 804 οὶγιωσύνη,
746 738 1095 803 μεγαλωσύνη
1137 746 1190 793 et
1229 740 1554 804 ἀγαθωσύνη.

488 828 547 880 In
590 825 677 879 lv.
719 843 828 879 vni.
872 829 959 879 25.
1015 823 1065 886 ὃς
1107 826 1276 895 ἔφυγε
1333 835 1458 887 παῖς
1512 827 1575 880 ὢν
1614 825 1797 880 οἴκοθεν
1836 828 2005 883 παῖδα
2044 826 2180 881 ἄκων
2227 848 2391 881 κατα-

410 916 571 968 κανὼν
612 913 775 983 ξυήλῃ
822 913 1089 978 πατάξας.
1170 913 1391 968 Photius
1431 931 1479 966 v.
1524 915 1721 977 Ξυήλην
1763 931 1827 968 ex
1866 915 2097 969 Anabasi
2146 914 2277 968 haec
2316 914 2390 968 af·

409 1001 545 1055 sert:
589 1010 715 1062 παῖς
755 1001 831 1054 ἔτι
874 1002 937 1055 ὢν
975 1002 1286 1061 ἀποκτείνας
1334 1001 1496 1069 ξυήλῃ
1546 1009 1819 1071 Λακωνικῇ
1870 1006 2072 1068 παῖδα,
2128 1002 2219 1057 sed
2260 1001 2389 1055 ridi-

408 1088 590 1143 culum
631 1096 712 1142 est
751 1088 804 1142 h.
846 1089 882 1144 Ι.
923 1098 1195 1158 Λακωνικῇ
1238 1088 1518 1151 additum,
1573 1089 1711 1159 quod
1760 1092 2059 1146 rectissime
2100 1090 2260 1144 hahet
2298 1089 2386 1144 IV.

410 1193 497 1230 vu.
545 1179 628 1229 16.
689 1178 970 1245 μαχαίριον
1025 1174 1135 1231 ὅσον
1193 1175 1384 1239 ξυήλην
1440 1179 1762 1240 Λακωνικήν.
1855 1178 2137 1233 Caeterum
2198 1177 2388 1232 doctus

409 1264 842 1328 GrammaticUS,
903 1282 1063 1336 quem
1134 1264 1358 1317 Photius
1418 1264 1708 1328 exscribit,
1771 1266 1999 1320 mirifico
2056 1282 2238 1320 errore
2294 1266 2387 1327 την

405 1352 595 1415 ξυήλην
649 1352 901 1422 opinatur
959 1351 1126 1405 fuisse
1182 1353 1550 1417 τυροκνήςιδα,
1611 1369 1801 1423 nempe
1839 1352 1974 1416 ξύειν
2037 1354 2226 1408 Dorice
2279 1352 2388 1406 dici

405 1457 502 1511 pro
553 1448 688 1502 κνῆν.
778 1439 957 1494 Facile
1012 1446 1233 1511 apparet
1284 1438 1507 1493 cultrum
1567 1441 1642 1494 ita
1701 1439 1826 1494 dici.
1908 1442 2188 1495 Praeterea
2246 1439 2388 1512 quod

403 1528 696 1599 Xenophon
749 1530 1039 1599 scripserat
1080 1529 1386 1582 κατακανών
1424 1527 1641 1582 tandem
1682 1529 1882 1600 reperit
1940 1528 2276 1583 Dindorfius:
2328 1530 2383 1582 in

383 1615 555 1670 'libris
589 1622 670 1669 est
708 1617 1079 1679 κατακτανών,
1132 1616 1493 1680 κατακτένων,
1550 1616 1692 1686 apud
1745 1615 1994 1669 Photium
2050 1618 2382 1678 ἀποκτείνας.

403 1703 554 1771 Quod
594 1705 781 1775 optimi
822 1705 1063 1757 omnium
1105 1702 1229 1756 libri
1270 1702 1526 1757 exhibent
1559 1705 1852 1758 Vaticanus
1890 1704 1937 1758 H
1979 1705 2038 1778 (A
2079 1705 2220 1775 apud
2259 1705 2384 1759 Din-

402 1790 559 1864 dorf.)
603 1799 655 1845 et
690 1792 967 1845 Parisinus
989 1791 1025 1845 C
1062 1793 1213 1854 ήλίδα
1249 1791 1575 1845 κατακτένων
1613 1798 1833 1863 apparet
1867 1794 2021 1854 ἠλίδα
2057 1809 2121 1846 ex
2157 1801 2385 1849 HAIAA

402 1888 589 1933 natum
648 1897 762 1934 esse
812 1887 865 1934 et
902 1880 1115 1950 saepius
1158 1878 1521 1950 deprehendes
1576 1879 1670 1933 hos
1710 1879 1928 1934 Codices
1970 1897 2032 1934 ex
2076 1887 2383 1950 pervetusto

402 1968 538 2022 libro
598 1968 794 2022 litteris
854 1967 1156 2022 uncialibus
1220 1974 1438 2021 exarato
1499 1984 1591 2037 per
1646 1967 1920 2022 indoctum
1980 1966 2213 2022 scribam
2268 1985 2385 2024 esse

401 2062 758 2127 propagatos,
819 2055 1054 2110 confusis
1110 2055 1305 2109 litteris
1354 2054 1637 2118 omnibUS,
1693 2072 1830 2126 quae
1886 2056 1938 2108 in
1982 2055 2072 2108 illa
2112 2057 2383 2128 scriptura

399 2160 589 2215 parum
635 2145 807 2214 figura
859 2143 1165 2214 discrepant
1210 2152 1458 2206 Π-Η,
1513 2149 1797 2208 H—Nl,
1851 2152 2256 2207 Α--Δ-Λ,
2310 2145 2378 2198 si·

398 2231 632 2285 milibus.
716 2231 804 2286 Sic
844 2231 932 2285 IV.
975 2249 1023 2285 v.
1068 2235 1154 2285 28.
1211 2248 1308 2301 pro
1347 2231 1671 2297 ςρατεύματι
1713 2230 2098 2296 ἐξηγησάμενος
2147 2239 2378 2302 quatuor

395 2320 584 2391 optimi
624 2325 784 2373 testes
818 2317 1088 2386 ςροέτευμα
1130 2318 1260 2385 πεζή
1315 2319 1641 2384 ἡγησάμενος
1683 2318 1970 2382 exhibent,
2011 2319 2149 2389 quod
2191 2337 2218 2374 e
2258 2341 2377 2388 ςρα-

394 2406 1081 2473 τεύμαΤΙΕΞΗγησοὲμενος
1139 2412 1324 2460 natum
1368 2423 1482 2460 esse
1536 2407 1735 2477 optime
1788 2407 1998 2460 monuit
2051 2407 2373 2463 Borneman·

392 2513 511 2550 nus,

468 2584 788 2638 Huiusmodi
831 2585 1022 2637 vitium
1061 2582 1312 2654 deturpat
1352 2583 1663 2636 etiamnunc
1705 2580 1995 2636 Diodorum
2033 2582 2137 2637 Sic.
2174 2583 2284 2638 XV.
2320 2588 2371 2639 ⁶2..

389 2674 608 2739 ἐκυρίευε
648 2674 699 2727 δὲ
733 2671 875 2727 κατὰ
909 2673 1003 2737 μὲν
1035 2673 1127 2733 την
1160 2671 1356 2740 Κύπρον
1378 2676 1475 2724 τῶν
1506 2669 1704 2723 πόλεων
1738 2669 1924 2737 σχεδόν
1957 2690 2006 2723 τι
2047 2673 2115 2726 τὸ
2151 2673 2370 2738 πλέον,

389 2761 590 2814 omittit
644 2759 705 2814 »τό
760 2759 882 2814 Cod.
924 2759 1191 2830 optimus:
1247 2759 1587 2822 rectissime,
1641 2773 1764 2811 nam
1816 2758 1870 2810 in
1930 2766 2180 2813 ΠΛΕΟΝ
2238 2760 2368 2816 latet

389 2856 678 2913 ΠΑΟΩΝ,
716 2854 814 2903 τῶν
852 2847 1050 2901 πόλεων
1091 2848 1276 2914 σχεδόν
1316 2868 1365 2901 τι
1406 2852 1651 2900 πασῶν.

462 2935 522 2988 In
565 2935 604 3008 S
642 2939 730 2989 27.
774 2952 877 2989 non
920 2935 1106 2990 dubito
1146 2937 1276 3006 quin
1311 2934 1589 2989 verissime
1629 2931 1971 2987 emendatum
2013 2934 2084 2987 sit
2115 2932 2213 2988 ἅτε
2253 2937 2365 2990 θεω-
2421 2928 2426 2930 ’

385 3024 548 3086 μένων
587 3026 684 3077 τῶν
726 3025 1004 3090 ἑταιρῶν
1040 3040 1136 3094 pro
1177 3023 1402 3089 ἑταίρων.
1485 3022 1864 3098 Praeterquam
1908 3021 2047 3092 quod
2083 3038 2168 3075 res
2207 3039 2270 3075 ex
2309 3040 2365 3078 se

386 3113 502 3182 ipsa
557 3112 690 3164 satis
745 3118 827 3164 est
881 3111 1198 3180 perspicua,
1252 3108 1790 3163 animadvertendum
1844 3116 1922 3162 est
1980 3109 2204 3175 ἑταίρους
2258 3127 2410 3178 non3

383 3216 499 3253 esse
541 3199 930 3265 συςρατιώτας,
973 3197 1065 3251 sed
1106 3197 1291 3265 φίλους
1333 3197 1419 3250 καὶ
1459 3198 1710 3259 συνήθεις,
1751 3195 1871 3249 vide
1909 3196 1997 3249 IV.
2039 3213 2128 3248 vn.
2170 3202 2253 3249 11.
2309 3203 2362 3251 et
2408 3234 2436 3266 3

380 3287 524 3340 aiibi.
605 3286 790 3357 Itaque
830 3301 966 3355 quae
1017 3286 1084 3338 sit
1125 3284 1214 3337 illa
1258 3300 1419 3338 causa
1460 3300 1558 3337 cur
1596 3284 1767 3345 πολλὴ
1813 3285 2073 3352 φιλονικία
2127 3285 2357 3338 excitata
2396 3346 2397 3349 Ἴ
2434 3286 2436 3351 ξ

437 3581 474 3644 ¹)
525 3590 631 3630 Hinc
679 3580 806 3627 ὀκτώ
861 3583 961 3641 (H)
1000 3595 1043 3630 et
1094 3582 1390 3641 πεντήκοντα
1427 3587 1523 3644 (Ν)
1575 3590 1747 3629 confusa
1794 3589 1954 3629 videbis
2002 3596 2045 3630 et
2090 3592 2185 3631 alibi
2232 3595 2352 3633 etin

372 3657 553 3697 Anabas‘i
587 3657 677 3698 Vll.
714 3669 742 3697 ι.
782 3656 856 3698 23.

2432 3401 2436 3443 ί

2426 3751 2436 4068 ;3Μ““-ν-η--
2432 3711 2436 3737 .-
2428 3605 2436 3700 -um—
2435 3580 2436 3584 „
2435 3565 2436 3572 ⁴
2430 3539 2436 3556 ,Α
