2436 4068
1302 205 1370 254 ΞΟ

599 355 775 418 ἧμεῖς;
807 355 1037 405 ’.τοιοῦτον
1079 345 1173 402 οἷον
1213 346 1275 400 ἂν
1319 346 1403 399 καὶ
1444 346 1516 398 σοὶ
1558 345 1676 411 δοκῇ
1701 385 1711 396 .

485 448 551 496 Α.
603 441 852 505 βούλεσθε
897 439 1053 501 δήπου
1094 436 1179 489 τὸν
1220 432 1460 496 ἐπιδέξι’,
1503 430 1537 485 ὦ
1579 430 1783 498 πάτερ,

599 528 774 592 λέγειν
814 527 897 580 ἐπὶ
940 526 1008 591 τῷ
1050 523 1276 584 πίνοντι;
1319 532 1375 575 Β.
1417 521 1503 575 τὸν
1545 517 1777 581 ἐπιδέξιοι

600 615 809 680 λέγειν,
847 615 1152 673 ”Απολλον,
1192 610 1405 677 ὡσπερεὶ
1448 605 1730 669 τεθνηκότιῐ

337 710 613 777 praeterea
665 701 879 771 requiro
938 698 1191 763 βούλεσθε
1245 698 1377 759 δῆτά
1425 712 1521 767 pro
1573 695 1770 757 δήπου,
1829 692 1968 764 quod
2022 697 2320 751 sententiae

335 796 640 863 repugnat,
667 788 755 841 oui
787 788 919 849 δῆτά
958 786 1158 857 optime
1197 785 1475 846 convenit,
1516 787 1577 835 ut
1617 782 1671 834 in
1713 780 1915 835 Avibus
1959 785 2120 838 1689.

637 876 891 940 βούλεσθε
926 875 1037 938 δῆτ’
1071 874 1172 939 ἐγὼ
1213 872 1338 933 τέως
1393 872 1401 946 Ι
1447 872 1584 924 ὀπτῶ
1619 869 1691 923 τοὶ
1728 868 1851 937 κρέά
1887 870 2046 924 ταυτί
2059 892 2076 933 3

335 971 388 1021 et
423 966 479 1019 in
518 964 697 1019 Ranis-
731 966 856 1018 416.

636 1051 889 1118 βούλεσθε
925 1050 1059 1112 δῆτά
1094 1055 1228 1117 κοινῇ
1284 1047 1291 1121 Ι
1347 1047 1634 1110 σκώψωμεν
1667 1044 2021 1112 Ἀρχέδημον;

335 1148 387 1196 et
421 1141 540 1196 aliis
578 1139 723 1195 loeis,
805 1139 943 1192 Tum
985 1137 1040 1190 in
1081 1142 1319 1191 extremo
1366 1133 1481 1188 loco
1530 1133 1860 1187 correxerim
1901 1130 2067 1202 ὥσπερ
2114 1133 2198 1189 ἐπὶ
2241 1157 2322 1190 τε·

335 1229 552 1292 θνηκότι.

409 1316 607 1372 Eubuli
638 1315 1004 1386 fragmentum
1045 1312 1186 1384 apud
1226 1311 1420 1365 Athen.
1459 1308 1547 1363 XI.
1591 1310 1717 1362 467.
1759 1307 1815 1362 C.

637 1409 770 1471 μισῶ
812 1401 1026 1459 κάκιςον
1065 1399 1436 1469 γραμματικὸν
1475 1396 1675 1461 ἔκπωμ’
1715 1396 1802 1450 άεί
1823 1437 1835 1449 .

638 1492 775 1559 άτοὶρ
815 1493 879 1552 ὡς
919 1487 1085 1555 ὅμοιον
1125 1489 1278 1554 οὑμὸς
1320 1487 1421 1547 υἱὸς
1463 1484 1631 1553 ᾤχετο

638 1579 774 1646 ἔχων
814 1578 1027 1648 φιάλιον
1053 1597 1065 1608 ·
1106 1577 1175 1644 τῷ
1213 1576 1264 1629 δὲ
1306 1574 1485 1628 πολλοὶ
1523 1572 1770 1638 γίγνεται

639 1664 790 1732 ὅμοιοι
814 1708 825 1719 .

335 1754 564 1826 intelligi
610 1771 713 1807 non
755 1759 929 1824 potest
971 1754 1073 1806 nisi
1112 1751 1243 1805 haee
1280 1749 1442 1804 verba
1482 1750 1560 1802 sio
1604 1732 2037 1810 distribuanturj
2073 1753 2134 1801 ut
2177 1754 2329 1819 pater

336 1844 507 1897 dicat:
548 1842 685 1909 άτοὶρ
716 1845 780 1902 ὡς
810 1838 976 1906 ὅμοιον
1006 1841 1158 1905 οὑμὸς
1196 1839 1298 1899 υἱὸς
1337 1836 1503 1905 ᾤχετο
1535 1836 1671 1903 ἔχων
1699 1835 1912 1905 φιάλιον
1943 1836 2097 1903 τῷδε,
2137 1835 2328 1891 deinde

334 1932 472 1986 alius
517 1935 828 1983 nascentem
883 1928 1243 1999 suspicionem
1291 1931 1538 1979 avertens
1586 1930 1681 1978 aut
1728 1922 1940 1978 elevans
1979 1923 2327 1994 respondeat:

338 2018 517 2073 πολλοὶ
558 2017 804 2082 γίγνεται
843 2013 1012 2081 ὅμοιοι.
1444 2017 1446 2019 ’

414 2106 476 2159 In
529 2104 809 2175 Amphidis
849 2103 1183 2173 fragmento,
1241 2102 1297 2154 in
1351 2116 1456 2171 quo
1497 2097 1931 2163 Plato'ridetur,
1989 2098 2130 2171 apud
2178 2100 2326 2172 Diog.

340 2193 516 2248 Laert.
559 2192 650 2247 ΙΙΙ.
695 2195 783 2245 26.

647 2281 704 2333 τὸ
739 2281 782 2333 δ’
822 2279 1052 2343 άγοιθὸν,
1090 2274 1121 2331 ὅ
1148 2297 1196 2330 τι
1238 2278 1354 2330 ποτ’
1390 2276 1523 2335 ἐςὶν,
1569 2271 1626 2328 οὗ
1658 2275 1720 2328 σὺ
1763 2273 2052 2341 τυγχάνειν

647 2367 861 2433 μέλλεις
898 2366 983 2420 διά
1022 2364 1220 2425 τοιύτην
1243 2406 1256 2428 ,
1297 2362 1446 2427 ἧττον
1479 2359 1594 2417 οἶδά
1635 2365 1777 2417 τοῦτ’
1817 2364 1951 2427 ἐγώ,

648 2454 682 2509 ὦ
723 2455 965 2517 δέσποτ’,
1007 2453 1034 2516 ἢ
1069 2453 1126 2506 τὸ
1164 2451 1440 2512 Πλάτωνος
1482 2450 1715 2515 άγοιθόν.
1759 2451 1988 2517 πρόσεχε
2031 2451 2122 2515 δή.

340 2543 498 2599 verba
532 2543 759 2611 πρόσεχε
793 2544 850 2606 δή
875 2558 976 2595 non
1008 2539 1206 2594 servuli
1229 2545 1381 2603 sunt,
1417 2538 1509 2592 sed
1537 2538 1652 2592 heri
1688 2538 2085 2609 respondentis,
2115 2545 2167 2594 et
2190 2541 2330 2612 quod

345 2632 432 2686 ille
471 2632 675 2705 nesciat
721 2630 929 2701 aperire
977 2628 1216 2699 parantis
1239 2669 1252 2691 ,
1293 2627 1347 2679 in
1384 2644 1490 2697 qua
1527 2643 1586 2680 re
1622 2626 1752 2679 trita
1792 2633 1919 2680 sunt
1957 2626 2111 2681 ἄκουε
2146 2629 2204 2691 δὴ
2240 2630 2327 2683 κοιὶ

345 2720 574 2788 πρόσεχε
623 2720 708 2773 τὸν
747 2721 884 2780 νοῦν,
925 2721 1018 2769 aut
1052 2714 1398 2788 wpdaexs-‘rbv
1433 2719 1543 2786 v052v
1583 2715 1802 2781 κάκροῶ,
1844 2720 1938 2768 aut
1976 2715 2203 2784 πρόσεχε
2243 2720 2331 2771 τὸν

345 2813 455 2862 νοῦν
489 2805 572 2861 ἵνά
609 2807 757 2875 πύθῃ.
838 2803 1034 2875 Lepide
1069 2802 1279 2856 dixerat
1315 2802 1697 2873 Aristophanes
1731 2803 1786 2855 in
1822 2801 2051 2857 Acharn.
2091 2807 2196 2859 753
2237 2805 2331 2859 sed

344 2895 552 2951 scribae
592 2910 807 2949 versum
838 2893 1035 2946 scitum
1072 2897 1125 2944 et
1153 2889 1390 2961 lepidum
1421 2889 1666 2945 fecerunt
1693 2889 2050 2961 inelegantem
2079 2897 2132 2946 et
2165 2891 2330 2947 elum-

347 2984 484 3038 bem.
564 2984 704 3038 Dant
744 2981 896 3035 nobis
929 2979 1088 3033 haec:

649 3070 891 3124 άκούετον
925 3069 982 3129 δὴ
1024 3064 1273 3132 ποτέχετ’
1312 3065 1427 3132 ἐμὶν
1467 3066 1566 3120 τάν
1608 3066 1842 3135 yae-spx.

351 3167 406 3216 at
445 3160 644 3223 Poeta,
688 3163 746 3212 ut
788 3157 1008 3228 opinor,
1047 3152 1291 3208 dederat:

642 3245 795 3300 άκουε
832 3245 890 3306 δὴ
929 3240 1127 3308 πότεχέ
1167 3245 1216 3293 τ’
1258 3242 1373 3307 ἐμὶν
1407 3242 1507 3296 τάν
1542 3242 1763 3310 γάςέρά.

350 3337 528 3393 Alexis
568 3333 710 3408 apud
748 3331 1082 3387 Athenaeum
1122 3328 1232 3383 XV.
1272 3333 1396 3384 678.
1434 3330 1494 3384 Ε.

1193 3417 1214 3469 ὂ
1255 3418 1421 3486 τρίτος
1455 3414 1598 3478 οὗτος
1631 3417 1676 3470 δ’
1715 3414 1828 3483 ἔχει

647 3509 813 3565 σύκων
851 3506 1056 3563 κυλιςὸν
1092 3503 1351 3572 ςέφοινον·
1393 3507 1519 3560 ἀλλ’
1556 3503 1734 3573 ἕχοιιρε
1778 3503 1870 3558 mal

655 3598 746 3665 ζῶν
777 3602 882 3658 τοῖς
917 3593 1155 3654 τοιούτοις
1175 3633 1187 3646 .
