2436 4068
1047 164 1151 214 365

121 311 180 362 V.
226 314 313 364 40.
366 307 642 378 legebatur
694 305 818 359 olim
872 304 958 360 ὅτε
1005 309 1101 372 μὲν
1142 310 1170 370 ἡ
1212 307 1361 367 πόλις
1418 309 1555 371 ἡμῶν
1596 306 1647 359 ἐν
1687 313 1793 366 τοῖς
1844 306 2098 369 Ἕλλησιν

116 396 412 454 ἐδυναςευεν
444 396 581 448 οὐδὲν
615 393 679 448 ἂν
719 394 954 459 ἡγούμην
983 397 1287 462 περανθῆναι
1326 395 1549 458 τούτων,
1590 393 1682 448 uhi
1715 395 1761 448 si
1797 396 1920 465 quis
1951 399 2103 461 ἡγοῦ-

116 506 215 548 μαι
256 491 441 555 utpote
481 498 699 554 prorsus
739 484 1106 536 necessarium
1146 485 1505 554 reposuisset,
1552 482 1742 544 multi,
1786 483 1976 547 credo,
2017 484 2104 537 ob-

117 572 351 627 locuturi
403 572 650 626 fuissent.
729 569 883 624 Nunc
937 570 1163 625 Urbinas
1219 574 1449 637 ἡγοῦμαι
1506 570 1655 625 dedit
1704 577 1757 625 et
1813 570 1967 626 facile
2022 580 2107 627 est

116 661 290 715 cuivis
329 659 396 713 ad
438 657 846 728 intelligendum
892 657 1034 711 unde
1074 659 1264 712 vitium
1306 666 1644 714 caeterorum
1700 659 1962 713 librorum
2012 677 2104 714 ua-

112 756 231 803 tum
272 749 360 803 sit.
442 746 767 818 Saepissime
821 744 1027 800 videbis
1080 747 1240 807 δοκεῖς
1296 754 1349 801 et
1399 748 1540 802 δοκεῖ
1583 747 1759 801 sicubi
1799 747 1853 801 in
1905 748 2105 802 vicinia

112 836 178 891 ἄν
218 844 471 908 appareat
508 852 632 890 cum
674 834 941 888 infinitivo
977 833 1261 898 iunctum,
1304 835 1482 906 inepte
1523 823 1575 888 et
1610 835 1814 890 soloece
1856 836 1909 889 in
1955 837 2103 905 δοκῇς

114 933 210 980 aut
249 926 408 986 δοκοῖς
448 931 501 979 et
540 925 658 992 δοκῇ
709 930 803 977 aut
841 923 978 977 δοκοῖ
1017 920 1315 990 depravari.
1397 922 1655 994 Exempla
1694 923 1891 994 ubique
1931 924 2102 979 obvia.

115 1013 175 1067 In
216 1012 496 1084 Euripidis
540 1011 828 1084 Hippolyto
883 1027 955 1064 νε.
996 1013 1124 1065 490.
1182 1011 1236 1064 in
1279 1009 1458 1065 verbis
1510 1017 1616 1071 πῶς
1656 1011 1719 1066 ἂν
1756 1013 1991 1066 ἐκνεῦσαι
2029 1014 2104 1067 δο-

113 1110 252 1164 κοῖς;
292 1101 383 1155 alii
423 1102 622 1164 δοκεῖς,
663 1100 754 1154 alii
789 1101 936 1169 δοκῇς
975 1097 1230 1153 exhibent
1264 1107 1317 1153 et
1357 1098 1496 1170 fugit
1538 1099 1984 1154 Valckenaerium
2019 1117 2102 1154 ra-

112 1192 226 1255 tio,
280 1206 450 1261 quum
498 1190 659 1250 δοκεῖς
713 1205 838 1242 cum
877 1193 984 1248 πῶς
1037 1186 1102 1240 ἄν
1157 1195 1302 1242 stare
1357 1204 1509 1258 posse
1551 1195 1791 1258 negaret.
1872 1187 2104 1242 Easdem

116 1278 302 1334 turbas
354 1277 620 1333 dederunt
673 1276 881 1332 scribae
939 1276 996 1329 in
1049 1274 1427 1346 Aristophanis
1490 1275 1646 1331 Pluto
1701 1294 1779 1330 VS.
1823 1279 1950 1331 580.
2015 1276 2109 1330 ubi

114 1386 212 1440 pro
249 1369 420 1437 Φίλως
458 1373 516 1433 γ’
557 1366 621 1421 ἄν
659 1387 745 1431 μοι
788 1365 950 1425 δοκεῖς
973 1364 1386 1429 -λογίσασθαι
1433 1365 1486 1418 in
1532 1365 1654 1419 aliis
1696 1364 1926 1435 pessime
1957 1365 2107 1435 δοκῇς

113 1457 379 1528 scriptum
430 1462 529 1510 est.
611 1453 837 1525 Saepius
888 1453 941 1506 in
986 1452 1206 1507 Platone
1247 1453 1326 1506 sic
1370 1459 1613 1507 erratum
1654 1460 1770 1517 est,
1811 1460 1873 1507 ut
1913 1453 1969 1507 in
2006 1453 2107 1527 Ly-

113 1544 227 1599 side
279 1562 330 1616 p.
369 1547 479 1598 206
519 1544 580 1598 A.
634 1542 776 1604 ποῖός
829 1562 909 1602 τις
950 1538 1031 1595 οὖν
1070 1539 1135 1595 ἄν
1170 1561 1244 1595 σοι
1299 1541 1472 1596 δοκοῖ
1523 1544 1762 1610 θηρευτὴς
1803 1538 1971 1606 εἷναι;
2017 1541 2129 1597 ιὼί

110 1633 203 1688 alii
243 1634 361 1701 δοκῇ
384 1675 400 1698 ,
440 1639 494 1687 et
530 1633 586 1685 in
627 1630 844 1686 Philebo
883 1647 936 1702 p.
975 1633 1046 1684 58
1087 1630 1151 1684 D.
1205 1633 1358 1684 ταῦτ’
1402 1632 1566 1685 εἰπεῖν
1607 1629 1671 1684 ἄν
1711 1651 1790 1692 τις
1826 1632 1947 1698 πρὸς
1989 1632 2106 1686 ἑαυ-

113 1723 200 1777 τὸν
239 1724 415 1778 δοκεῖ
455 1737 561 1782 σοι;
602 1719 693 1774 ubi
741 1718 833 1773 alii
875 1720 994 1788 δοκῇ
1035 1738 1110 1773 σοι
1152 1724 1205 1772 et
1240 1718 1436 1782 δοκήσοι
1478 1717 1732 1773 exhibent
1768 1736 1953 1774 errore
1994 1735 2109 1774 ma-

116 1809 328 1865 nifesto.
408 1809 759 1880 Perspicuum
797 1815 879 1862 est
921 1808 974 1861 in
1019 1806 1219 1880 Lyside
1254 1823 1437 1862 errare
1479 1823 1569 1862 eos
1614 1808 1708 1879 qui
1748 1809 1886 1863 δοκοῖ
1915 1815 2109 1863 tuean-

115 1907 234 1954 tur:
275 1914 463 1952 verum
501 1897 637 1951 vidit
672 1897 798 1951 olim
837 1894 1179 1951 Heindorlius
1216 1894 1307 1950 sed
1342 1894 1543 1950 eruditi
1584 1912 1688 1950 non
1718 1895 1965 1951 audiunt.
2050 1897 2108 1952 Si

114 1987 237 2058 quis
277 1987 420 2041 inter
451 1985 737 2056 legendum
786 1984 885 2039 hoc
925 1990 1045 2055 aget
1089 1982 1397 2038 Heindorfio
1441 1985 1769 2038 assentietur
1811 1983 2106 2039 affirmanti

113 2074 535 2130 innumerabiles
587 2091 704 2129 esse
753 2073 895 2128 locos
936 2072 1175 2127 Platonis
1215 2072 1616 2143 veterumque,
1666 2089 1800 2143 quos
1844 2072 1988 2127 idem
2030 2075 2106 2128 vi-

113 2165 253 2219 tium
308 2161 565 2217 obsideat.
645 2162 761 2216 Non
815 2162 998 2216 minus
1049 2177 1208 2232 saepe
1261 2177 1425 2232 quam
1464 2161 1519 2214 in
1560 2162 1721 2216 δοκεῖν
1777 2159 1984 2216 videbis
2026 2163 2106 2217 sic

114 2253 327 2325 peccari
367 2252 421 2306 in
464 2249 678 2318 νομίζω,
726 2250 934 2315 οἴομαι,
992 2251 1258 2316 ἡγοῦμαι,
1315 2249 1629 2316 προσδοκᾶν,
1677 2249 1935 2317 ἐλπίζειν,
1992 2267 2108 2307 cae-

118 2340 357 2412 terisque
395 2357 532 2412 quae
588 2338 885 2393 infinitivos
938 2354 1063 2391 cum
1112 2335 1178 2392 ἄν
1222 2338 1540 2392 coniunctos
1595 2336 1904 2393 admittant.
1984 2339 2110 2394 Evi-

118 2427 252 2484 dens
281 2434 364 2484 est
391 2436 570 2483 autem
607 2444 670 2482 ea
702 2427 883 2482 omnia
923 2425 1155 2483 indoctis
1190 2424 1597 2481 correctoribus
1629 2443 1745 2482 esse
1774 2428 2110 2499 imputanda.

114 2517 177 2573 ln
221 2516 476 2572 Isocratis
523 2514 670 2571 Orat.
702 2515 766 2571 11.
810 2518 861 2571 ὃ.
919 2521 1254 2570 correctores
1306 2513 1565 2569 vocabulo
1619 2523 1876 2588 corrupto
1921 2533 2109 2572 sanam

116 2606 445 2677 scripturam
486 2603 966 2659 accommodarunt
1006 2603 1062 2657 in
1105 2602 1283 2658 verbis
1331 2604 1392 2658 τὸ
1432 2605 1716 2669 νομοθετεῖν
1756 2611 1877 2667 ταῖς
1923 2626 2110 2674 μοναρ-

110 2695 261 2763 χίαις
297 2710 531 2765 namque
571 2693 835 2748 Isocrates
877 2692 1204 2759 παραινέσεις
1241 2691 1422 2764 potius
1455 2708 1618 2763 quam
1656 2691 1836 2758 νόμους
1873 2692 2112 2749 scribere

113 2781 352 2854 Regibus
405 2781 629 2854 parabat
680 2788 734 2836 et
791 2781 1038 2835 νουθετεῖν
1095 2781 1195 2841 τὰς
1254 2780 1548 2848 μοναρχίας
1605 2779 1818 2836 dedisse
1876 2780 2109 2837 videtur.

109 2870 399 2942 Postquam
432 2873 678 2925 νουθετεῖν
714 2870 768 2923 in
802 2870 1088 2935 νομοθετεῖν
1129 2867 1263 2923 abiit
1301 2885 1365 2924 ex
1406 2869 1717 2924 accusativo
1756 2868 1999 2925 dativum
2036 2868 2107 2925 fe-

111 2965 322 3013 cerunt.
402 2957 461 3012 ln
504 2957 650 3013 Orat.
692 2957 829 3012 Vlll.
874 2963 925 3012 ὅ.
986 2958 1310 3021 πεποιήκατε
1347 2958 1466 3019 τοὺς
1508 2959 1719 3027 ῥήτορας
1763 2962 1999 3025 μελετᾶν
2032 2989 2107 2998 -κ-

22 3050 27 3061 ’
106 3045 242 3108 ὅπως
288 3046 598 3114 ἀρέσκοντας
641 3047 761 3112 ὑμῖν
797 3046 984 3112 λόγους
1024 3047 1246 3114 ἐροῦσιν,
1288 3047 1375 3115 ἐφ’
1411 3043 1518 3108 οὓς
1560 3047 1649 3101 καὶ
1686 3050 1771 3101 νῦν
1815 3047 1874 3102 τὸ
1917 3047 2106 3110 πλῆθος

110 3138 278 3190 αὐτῶν
319 3136 584 3203 ἐρρύηκεν,
624 3133 1007 3206 corrigendum
1051 3141 1131 3189 est
1174 3135 1262 3204 ἐφ’
1303 3130 1326 3188 ὃ
1363 3133 1452 3189 καὶ
1489 3140 1605 3198 νῦν,
1647 3134 1740 3190 sed
1781 3135 1873 3189 isti
1909 3134 1975 3189 ad
2022 3134 2109 3189 λό-

116 3242 241 3288 γους
284 3239 561 3295 perperam
605 3239 896 3296 pronomen
938 3222 1434 3279 accommodarunt.
1515 3222 1717 3279 Eodem
1756 3222 1913 3279 modo
1953 3223 2110 3279 Euri-

109 3309 286 3381 pidem
329 3318 691 3383 corruperunt
732 3313 784 3366 in
830 3310 1029 3366 Helena
1071 3328 1150 3366 vs,
1186 3314 1315 3366 809.

418 3402 507 3454 οὐκ
548 3401 612 3454 ἂν
653 3402 857 3461 κτάνοις
898 3403 1173 3467 τύραννον,
1217 3397 1268 3455 ὃν
1308 3401 1548 3461 σπεύδεις
1590 3401 1727 3462 ἴσως.

107 3504 203 3559 pro
239 3484 263 3541 ὃ
303 3488 571 3553 σπεύδεις,
607 3497 661 3544 et
698 3489 914 3561 saepius
956 3489 1010 3543 in
1049 3487 1290 3544 relativis
1321 3489 1400 3542 sic
1439 3497 1671 3543 erratur.
1753 3488 1811 3542 ln
1853 3486 2105 3541 Isocratis

112 3576 257 3631 Orat.
298 3575 384 3630 vl.
440 3580 528 3631 51.
591 3593 759 3647 quum
819 3575 1003 3631 rhetor
1054 3576 1316 3632 dixisset:
1373 3573 1437 3630 ὧν
1500 3580 1648 3643 ἡμεῖς
1722 3575 1980 3631 δέδοικα
2034 3577 2108 3642 μὴ
