2436 4068
1303 209 1408 259 278

367 354 488 407 ποτὲ
524 351 794 419 διελέχθη,
835 358 1109 424 praeterea
1163 351 1509 421 expunxerim
1556 350 1642 404 καὶ
1684 353 2094 421 ἐδημηγόρησεν,
2137 357 2334 427 optime

364 442 505 495 enim
542 442 845 507 δημηγορεῖν
882 441 1135 493 continuo
1177 438 1395 509 ponitur
1434 437 1498 491 de
1543 438 1832 503 Aeschine,
1874 441 1966 496 ubi
2005 459 2035 496 a
2074 442 2336 514 legatione

361 528 531 582 redux
569 530 623 582 in
668 529 921 582 concione
981 526 1141 581 verba
1192 526 1382 580 fecisse
1436 525 1668 582 dicitur:
1728 527 1887 598 legati
1940 532 2150 602 proprie
2199 530 2337 585 dice-

358 615 558 670 bantur
611 616 951 682 διαλεχθῆναι
999 621 1051 669 et
1117 615 1314 685 passim
1372 613 1575 668 videbis
1626 615 1771 668 mitti
1821 616 2098 684 πρέσβεις,
2158 617 2335 679 οἵτινες

359 702 699 766 διαλέξονται.
780 703 1042 757 Similiter
1096 700 1240 756 ἄττα
1282 701 1478 772 ubique
1534 701 1804 772 significat
1865 705 1983 758 τινα
2025 712 2078 759 et
2118 706 2338 760 additur

359 790 667 844 nominibus
687 790 1002 862 plerumque
1037 791 1428 859 ὑποκοριςικοῒς,
1459 797 1518 843 ut
1541 791 1954 858 σκαλαθυρμάτι’
1985 791 2157 858 ἄττα,
2200 813 2339 862 κρου-

358 877 508 942 adv?
549 877 692 933 ἄττα
718 923 730 942 ,
771 878 966 947 ὅρτύγι’
1003 877 1181 943 ἄττα,
1236 879 1423 948 κρεᾴδι’
1475 876 1650 942 ἄττα,
1687 886 1740 933 et
1789 887 1869 934 est
1906 878 2017 934 fere
2069 901 2337 947 κατασμι-

358 966 616 1034 κρύνοντος
662 974 716 1022 et
748 968 1109 1022 extenuantis
1189 965 1390 1020 Deinde
1431 965 1709 1020 adiectivis
1759 967 2077 1038 quibusdam
2118 968 2337 1024 additur

359 1055 532 1122 σμίκρ’
591 1054 771 1120 ἄττα,
845 1055 982 1119 ὀλίγ’
1048 1053 1192 1110 ἄττα
1246 1053 1654 1124 similibusque,
1715 1055 1767 1108 in
1831 1055 2024 1126 quibus
2085 1057 2335 1112 omnibus

361 1145 661 1198 necessaria
704 1150 786 1198 est
827 1143 993 1198 elisio,
1075 1141 1236 1196 Plane
1279 1141 1572 1196 absurdum
1617 1150 1698 1196 est
1749 1143 1968 1199 credere
2017 1143 2161 1200 ἅττα
2209 1163 2338 1200 non-

359 1247 656 1303 numquam
698 1233 856 1304 plane
907 1231 1044 1285 nihil
1083 1229 1424 1301 significare,
1482 1246 1605 1285 nam
1649 1230 1782 1285 nihil
1823 1232 2002 1287 verius
2042 1241 2123 1288 est
2174 1250 2335 1305 quam

357 1318 497 1389 quod
543 1319 740 1375 alicubi
791 1321 925 1374 scite
972 1318 1106 1373 dixit
1137 1318 1195 1373 G.
1227 1318 1598 1372 Hermannus:
1637 1337 1701 1373 ne
1742 1319 1892 1374 bruta
1932 1321 2140 1392 quidem
2180 1321 2336 1376 edunt

359 1424 506 1460 sonos
563 1408 697 1462 nihil
754 1409 1121 1480 siqnificanteS.
1215 1405 1553 1461 Pherecratis
1612 1406 1759 1462 locus
1809 1408 2097 1465 mendosus
2152 1416 2233 1464 est
2283 1416 2338 1464 et

358 1494 435 1548 sic
475 1496 884 1550 constituendus
929 1494 1165 1549 videtur:

659 1592 764 1645 τοῖς
805 1584 929 1638 δέκα
968 1583 1246 1643 ταλάντοις
1283 1584 1451 1637 τοῖσδε
1493 1584 1773 1651 προστιθεὶς
1797 1626 1812 1648 ,
1854 1583 1956 1654 ἔφη
1977 1626 1992 1650 ,

659 1670 784 1726 ἄλλ’
824 1670 967 1726 ἄττα
1007 1672 1343 1734 πεντήκοντα.

358 1756 449 1811 ubi
472 1775 730 1830 perquam
773 1760 978 1814 urbana
1011 1760 1181 1812 ironia
1220 1759 1360 1813 inest
1389 1759 1442 1811 in
1466 1758 1640 1813 'verbis
1661 1758 1787 1813 ἄλλ’
1809 1758 1953 1815 ἄττα
1990 1762 2334 1826 πεντήκοντα,

358 1863 494 1916 quae
547 1849 888 1902 extenuantis
940 1853 1019 1902 est
1074 1847 1244 1900 oratio
1298 1853 1351 1900 et
1399 1845 1538 1917 quod
1592 1847 1972 1917 gravissimum
2029 1856 2108 1903 est
2162 1849 2336 1904 verbis

357 1934 649 1999 elevanti8‚
691 1937 845 2008 quasi
879 1935 1059 1990 dicas:
1125 1933 1282 1988 Hisce
1316 1934 1522 1988 talentis
1558 1935 1733 1988 decem
1772 1935 1818 1988 si
1850 1936 2213 2006 pauxillulum
2245 1938 2334 1993 ad·

356 2022 581 2089 dideriS,
624 2041 812 2096 nempe
853 2023 1243 2096 quinquaginta
1278 2021 1380 2075 alia
1414 2021 1630 2076 talenta.
1714 2025 1949 2095 Apparet
1978 2024 2138 2080 simul
2172 2042 2332 2096 quam

355 2118 558 2166 temere
602 2111 692 2165 alii
736 2112 892 2166 verba
943 2111 1278 2166 Pherecratis
1318 2111 1657 2182 acceperint,
1698 2113 1853 2182 quasi
1892 2111 2034 2167 ἄττα
2069 2115 2334 2185 posuisset

356 2201 439 2252 ἐπ’
479 2201 724 2268 αριθμοῢε
767 2217 998 2271 namque
1044 2205 1105 2252 ut
1146 2197 1348 2252 dicitur
1394 2199 1579 2253 πολλοί
1614 2220 1778 2263 τινες,
1831 2201 1996 2265 ὅλίγοι
2036 2201 2168 2262 τινές
2198 2243 2212 2267 ,
2256 2203 2333 2257 sic

356 2295 491 2355 τρεῖς
539 2287 708 2352 τινές,
766 2287 892 2342 δέκα
938 2288 1070 2347 τινές
1112 2286 1313 2340 dicitur
1354 2293 1407 2340 et
1450 2287 1527 2340 sic
1570 2287 1665 2354 τρί’
1705 2286 1849 2342 ἄττα
1886 2294 1939 2342 et
1990 2288 2227 2354 similia,
2271 2298 2333 2346 ut

357 2377 412 2429 in
464 2375 700 2429 Platonis
755 2376 948 2450 Lyside
1006 2393 1059 2447 p.
1101 2378 1208 2428 215
1250 2374 1306 2427 B.
1362 2373 1478 2442 τρία
1525 2374 1670 2429 ἅττα
1718 2375 1794 2449 (L.
1835 2378 1930 2445 τρί’
1983 2374 2146 2450 ἄττα)
2200 2374 2329 2432 εἶναι

355 2464 478 2529 γένη
507 2505 520 2527 ,
564 2470 616 2517 et
649 2463 793 2520 alibi.
875 2464 1024 2532 Quod
1061 2469 1238 2518 autem
1276 2462 1518 2528 χρονικῶς
1555 2468 1648 2516 aut
1685 2464 1769 2519 ἐπὶ
1809 2464 1990 2532 χρόνον
2022 2466 2144 2536 poni
2185 2464 2329 2521 ἄττα

355 2551 628 2607 affirmant
663 2559 903 2607 sumtum
946 2559 1027 2607 est
1066 2550 1450 2606 eComicorum
1493 2549 1655 2614 locis,
1695 2551 1785 2606 uhi
1826 2554 1994 2615 πηνίκ’
2022 2551 2164 2607 ἅττα
2201 2553 2329 2625 legi·

360 2648 450 2695 tur
486 2648 539 2695 et
578 2641 774 2703 ὃπηνίκ’
814 2640 994 2705 ἄττα,
1036 2646 1095 2694 ut
1135 2640 1190 2692 in
1235 2637 1437 2692 Avibus
1478 2642 1654 2693 1514:

656 2730 929 2784 οέπόλωλεν
970 2730 993 2782 o‘
1030 2728 1175 2789 Ζεύς.
1215 2737 1270 2780 Β.
1311 2726 1479 2787 πηνίκ’
1519 2725 1640 2780 ἄττ’
1679 2729 1957 2792 απώλετος

354 2824 407 2872 et
465 2817 604 2888 apud
655 2818 1125 2889 Harpocrationem
1165 2832 1230 2870 ex
1268 2812 1638 2868 Eratosthenis
1679 2816 1731 2869 in
1772 2817 2011 2873 Comicos
2063 2835 2329 2874 commen-

357 2905 542 2959 tariis:

655 2995 810 3047 πυθοῦ
849 2995 1068 3062 χελιδὼν
1110 2992 1281 3055 πηνίκ’
1318 2987 1460 3043 ἄττα
1499 2991 1765 3057 Φαίνεται.

355 3088 440 3136 et:

655 3169 848 3231 ὁπηνίκ’
889 3169 1000 3224 ἄτθ’
1043 3171 1189 3235 ὑμεῖς
1230 3168 1437 3220 uon-102&
1471 3167 1779 3233 ὀρχούμενοι.

356 3255 497 3328 quod
549 3255 731 3310 eodem
779 3257 934 3311 modo
977 3257 1179 3311 dictum
1237 3260 1318 3308 est
1357 3260 1517 3324 atque
1557 3256 1697 3316 ποῖός
1748 3278 1861 3319 τις,
1915 3258 2066 3320 πόσος
2115 3278 2226 3323 τις;
2267 3268 2327 3315 ut

356 3345 498 3399 enim
547 3349 652 3405 πῶς
692 3364 742 3398 τι
792 3343 993 3398 dicitur
1040 3361 1134 3415 pro
1190 3341 1326 3397 ποῖόν
1382 3361 1527 3394 τινα
1566 3342 1776 3409 τρόπονς
1840 3346 1917 3400 sic
1974 3348 2142 3409 πηνίκ’
2182 3347 2326 3403 ἄττα

357 3449 454 3504 pro
494 3433 546 3486 ἐν
597 3433 718 3501 ποίῳ
769 3432 889 3486 τινὶ
930 3434 1125 3502 χρόνῳ;
1178 3433 1340 3486 Recte
1385 3430 1716 3499 comparabis
1755 3434 1946 3496 πηνίκα
1984 3435 2227 3500 μάλιςας
2271 3437 2325 3491 in

356 3521 570 3575 Critone
619 3538 668 3592 p.
709 3525 779 3575 45
821 3520 916 3584 Α.,
965 3529 1018 3575 et
1061 3520 1267 3587 μαλιςα
1321 3533 1443 3571 cum
1499 3518 1638 3572 notis
1691 3522 2057 3577 numeralibus
2104 3526 2323 3578 coniun-

356 3614 541 3672 ctum,-
597 3608 697 3662 vid⁶
756 3607 1007 3662 Andocid.
1065 3609 1174 3676 περὶ
1229 3616 1370 3663 Mus.
1432 3607 1582 3674 §58.
1643 3616 1692 3664 et
1747 3610 2082 3683 Hippocratis
2133 3613 2318 3668 verba:
