<?xml version="1.0" encoding="UTF-8"?>
<!DOCTYPE html PUBLIC "-//W3C//DTD XHTML 1.0 Transitional//EN"
    "http://www.w3.org/TR/xhtml1/DTD/xhtml1-transitional.dtd">
<html xmlns="http://www.w3.org/1999/xhtml" xml:lang="en" lang="en">
 <head>
  <title>
</title>
<meta http-equiv="Content-Type" content="text/html;charset=utf-8" />
  <meta name='ocr-system' content='tesseract 3.04.00' />
  <meta name='ocr-capabilities' content='ocr_page ocr_carea ocr_par ocr_line ocrx_word'/>
</head>
<body>
  <div class='ocr_page' id='page_1' title='image "./novaelectionesqu00cobeuoft/novaelectionesqu00cobeuoft_0673.png"; bbox 0 0 2436 4068; ppageno 0'>
   <div class='ocr_carea' id='block_1_1' title="bbox 1038 150 1144 199">
    <p class='ocr_par' dir='ltr' id='par_1_1' title="bbox 1038 150 1144 199">
     <span class='ocr_line' id='line_1_1' title="bbox 1038 150 1144 199; baseline 0.009 -1"><span class='ocrx_word' id='word_1_1' title='bbox 1038 150 1144 199; x_wconf 80' lang='lat'><strong>659</strong></span> 
     </span>
    </p>
   </div>
   <div class='ocr_carea' id='block_1_2' title="bbox 74 292 2078 3542">
    <p class='ocr_par' dir='ltr' id='par_1_2' title="bbox 93 292 2078 1328">
     <span class='ocr_line' id='line_1_2' title="bbox 106 292 2072 363; baseline 0.001 -16"><span class='ocrx_word' id='word_1_2' title='bbox 106 293 262 363; x_wconf 83' lang='lat' dir='ltr'><strong>chg.</strong></span> <span class='ocrx_word' id='word_1_3' title='bbox 304 309 354 363; x_wconf 89' lang='lat' dir='ltr'><strong>p.</strong></span> <span class='ocrx_word' id='word_1_4' title='bbox 391 296 519 346; x_wconf 83' lang='lat'><strong>895.</strong></span> <span class='ocrx_word' id='word_1_5' title='bbox 562 292 624 346; x_wconf 85' lang='lat' dir='ltr'><strong>E.</strong></span> <span class='ocrx_word' id='word_1_6' title='bbox 669 294 739 360; x_wconf 70' lang='grc' dir='ltr'><em>τῷ</em></span> <span class='ocrx_word' id='word_1_7' title='bbox 774 292 1236 359; x_wconf 77' lang='grc' dir='ltr'><em>περικυλίνδεσθαι,</em></span> <span class='ocrx_word' id='word_1_8' title='bbox 1281 309 1383 346; x_wconf 87' lang='lat' dir='ltr'><strong>non</strong></span> <span class='ocrx_word' id='word_1_9' title='bbox 1422 294 1894 360; x_wconf 73' lang='grc' dir='ltr'><em>περικυλινδεῖσθαι.</em></span> <span class='ocrx_word' id='word_1_10' title='bbox 1952 303 2072 362; x_wconf 84' lang='grc' dir='ltr'><em>Προ·</em></span> 
     </span>
     <span class='ocr_line' id='line_1_3' title="bbox 101 380 2078 447; baseline 0.001 -12"><span class='ocrx_word' id='word_1_11' title='bbox 101 381 401 445; x_wconf 80' lang='grc' dir='ltr'><em>κυλίνδομαι</em></span> <span class='ocrx_word' id='word_1_12' title='bbox 442 388 495 434; x_wconf 83' lang='lat' dir='ltr'><strong>el.</strong></span> <span class='ocrx_word' id='word_1_13' title='bbox 531 381 963 447; x_wconf 79' lang='grc' dir='ltr'><em>προκαλινδοῦμαι</em></span> <span class='ocrx_word' id='word_1_14' title='bbox 1004 380 1082 435; x_wconf 82' lang='lat' dir='ltr'><strong>sie</strong></span> <span class='ocrx_word' id='word_1_15' title='bbox 1124 380 1410 446; x_wconf 80' lang='lat' dir='ltr'><strong>differunt,</strong></span> <span class='ocrx_word' id='word_1_16' title='bbox 1463 389 1523 436; x_wconf 81' lang='lat' dir='ltr'><strong>ut</strong></span> <span class='ocrx_word' id='word_1_17' title='bbox 1573 381 1674 436; x_wconf 84' lang='lat' dir='ltr'><strong>hoc</strong></span> <span class='ocrx_word' id='word_1_18' title='bbox 1708 381 1973 436; x_wconf 71' lang='lat' dir='ltr'><strong>adulantis</strong></span> <span class='ocrx_word' id='word_1_19' title='bbox 2006 383 2078 436; x_wconf 81' lang='lat' dir='ltr'><strong>sit</strong></span> 
     </span>
     <span class='ocr_line' id='line_1_4' title="bbox 101 468 2074 541; baseline 0 -18"><span class='ocrx_word' id='word_1_20' title='bbox 101 478 154 523; x_wconf 92' lang='lat' dir='ltr'><strong>et</strong></span> <span class='ocrx_word' id='word_1_21' title='bbox 194 469 494 529; x_wconf 72' lang='grc' dir='ltr'><em>αάοναιιιὶε,</em></span> <span class='ocrx_word' id='word_1_22' title='bbox 535 468 665 521; x_wconf 86' lang='lat' dir='ltr'><strong>illud</strong></span> <span class='ocrx_word' id='word_1_23' title='bbox 710 469 977 540; x_wconf 75' lang='lat' dir='ltr'><strong>supplicis.</strong></span> <span class='ocrx_word' id='word_1_24' title='bbox 1056 468 1115 522; x_wconf 91' lang='lat' dir='ltr'><strong>ln</strong></span> <span class='ocrx_word' id='word_1_25' title='bbox 1160 475 1453 540; x_wconf 87' lang='lat' dir='ltr'><strong>utrumque</strong></span> <span class='ocrx_word' id='word_1_26' title='bbox 1492 469 1668 524; x_wconf 88' lang='lat' dir='ltr'><strong>locum</strong></span> <span class='ocrx_word' id='word_1_27' title='bbox 1723 469 1966 541; x_wconf 78' lang='lat' dir='ltr'><strong>subrepit</strong></span> <span class='ocrx_word' id='word_1_28' title='bbox 2019 471 2074 523; x_wconf 94' lang='lat' dir='ltr'><strong>in</strong></span> 
     </span>
     <span class='ocr_line' id='line_1_5' title="bbox 100 555 2072 627; baseline 0 -17"><span class='ocrx_word' id='word_1_29' title='bbox 100 556 255 611; x_wconf 91' lang='lat' dir='ltr'><strong>libris</strong></span> <span class='ocrx_word' id='word_1_30' title='bbox 290 557 480 609; x_wconf 82' lang='lat' dir='ltr'><strong>vitiosa</strong></span> <span class='ocrx_word' id='word_1_31' title='bbox 507 555 677 610; x_wconf 82' lang='lat' dir='ltr'><strong>forma</strong></span> <span class='ocrx_word' id='word_1_32' title='bbox 713 557 1166 622; x_wconf 72' lang='grc' dir='ltr'><strong>προκυλινδεῖσθαι.</strong></span> <span class='ocrx_word' id='word_1_33' title='bbox 1230 557 1418 627; x_wconf 88' lang='lat' dir='ltr'><strong>Itaque</strong></span> <span class='ocrx_word' id='word_1_34' title='bbox 1450 557 1795 613; x_wconf 84' lang='lat' dir='ltr'><strong>Demostheni</strong></span> <span class='ocrx_word' id='word_1_35' title='bbox 1835 557 1901 613; x_wconf 87' lang='lat' dir='ltr'><strong>de</strong></span> <span class='ocrx_word' id='word_1_36' title='bbox 1931 557 1991 612; x_wconf 90' lang='lat' dir='ltr'><strong>F.</strong></span> <span class='ocrx_word' id='word_1_37' title='bbox 2015 557 2072 611; x_wconf 91' lang='lat' dir='ltr'><strong>L.</strong></span> 
     </span>
     <span class='ocr_line' id='line_1_6' title="bbox 98 640 2072 718; baseline -0.001 -19"><span class='ocrx_word' id='word_1_38' title='bbox 98 662 151 716; x_wconf 87' lang='lat' dir='ltr'><strong>p.</strong></span> <span class='ocrx_word' id='word_1_39' title='bbox 186 648 328 707; x_wconf 74' lang='lat'><strong>450,</strong></span> <span class='ocrx_word' id='word_1_40' title='bbox 370 648 423 698; x_wconf 85' lang='lat'><strong>5.</strong></span> <span class='ocrx_word' id='word_1_41' title='bbox 478 642 638 698; x_wconf 87' lang='lat' dir='ltr'><strong>redde</strong></span> <span class='ocrx_word' id='word_1_42' title='bbox 666 640 809 704; x_wconf 81' lang='grc' dir='ltr'><em>οὗτος</em></span> <span class='ocrx_word' id='word_1_43' title='bbox 847 644 888 696; x_wconf 81' lang='grc' dir='ltr'><strong>δ’</strong></span> <span class='ocrx_word' id='word_1_44' title='bbox 924 645 1092 711; x_wconf 83' lang='grc' dir='ltr'><em>ἐκείνῳ</em></span> <span class='ocrx_word' id='word_1_45' title='bbox 1136 644 1449 718; x_wconf 84' lang='lat' dir='ltr'><strong>(Aeschines</strong></span> <span class='ocrx_word' id='word_1_46' title='bbox 1483 646 1749 718; x_wconf 89' lang='lat' dir='ltr'><strong>Philippo)</strong></span> <span class='ocrx_word' id='word_1_47' title='bbox 1792 648 2072 713; x_wconf 76' lang='grc' dir='ltr'><em>προύκα-</em></span> 
     </span>
     <span class='ocr_line' id='line_1_7' title="bbox 99 731 2075 806; baseline 0.001 -19"><span class='ocrx_word' id='word_1_48' title='bbox 99 733 383 787; x_wconf 80' lang='grc' dir='ltr'><em>λινδεῖτο</em></span> <span class='ocrx_word' id='word_1_49' title='bbox 419 732 507 785; x_wconf 80' lang='grc' dir='ltr'><em>καὶ</em></span> <span class='ocrx_word' id='word_1_50' title='bbox 546 731 665 790; x_wconf 83' lang='grc' dir='ltr'><em>τοὺς</em></span> <span class='ocrx_word' id='word_1_51' title='bbox 701 734 929 792; x_wconf 68' lang='grc' dir='ltr'><em>παιᾶνας</em></span> <span class='ocrx_word' id='word_1_52' title='bbox 970 731 1119 799; x_wconf 75' lang='grc' dir='ltr'><em>ᾖδεν,</em></span> <span class='ocrx_word' id='word_1_53' title='bbox 1161 740 1214 786; x_wconf 90' lang='lat' dir='ltr'><strong>et</strong></span> <span class='ocrx_word' id='word_1_54' title='bbox 1259 732 1443 787; x_wconf 87' lang='lat' dir='ltr'><strong>eadem</strong></span> <span class='ocrx_word' id='word_1_55' title='bbox 1484 751 1641 806; x_wconf 89' lang='lat' dir='ltr'><strong>opera</strong></span> <span class='ocrx_word' id='word_1_56' title='bbox 1677 733 1840 788; x_wconf 88' lang='lat' dir='ltr'><strong>redde</strong></span> <span class='ocrx_word' id='word_1_57' title='bbox 1873 734 2075 788; x_wconf 88' lang='lat' dir='ltr'><strong>Aristo-</strong></span> 
     </span>
     <span class='ocr_line' id='line_1_8' title="bbox 98 819 2072 892; baseline 0.001 -18"><span class='ocrx_word' id='word_1_58' title='bbox 98 820 260 892; x_wconf 85' lang='lat' dir='ltr'><strong>phani</strong></span> <span class='ocrx_word' id='word_1_59' title='bbox 298 821 351 873; x_wconf 89' lang='lat' dir='ltr'><strong>in</strong></span> <span class='ocrx_word' id='word_1_60' title='bbox 394 819 595 873; x_wconf 87' lang='lat' dir='ltr'><strong>Avibus</strong></span> <span class='ocrx_word' id='word_1_61' title='bbox 629 822 756 872; x_wconf 77' lang='lat'><strong>501.</strong></span> <span class='ocrx_word' id='word_1_62' title='bbox 810 822 1381 885; x_wconf 82' lang='grc' dir='ltr'><em>προκαλινδεῒσθαι</em></span> <span class='ocrx_word' id='word_1_63' title='bbox 1429 828 1534 882; x_wconf 85' lang='grc' dir='ltr'><em>τοῖς</em></span> <span class='ocrx_word' id='word_1_64' title='bbox 1575 823 1814 886; x_wconf 79' lang='grc' dir='ltr'><em>ἰκτίνοις,</em></span> <span class='ocrx_word' id='word_1_65' title='bbox 1855 829 1907 876; x_wconf 77' lang='lat' dir='ltr'><strong>et</strong></span> <span class='ocrx_word' id='word_1_66' title='bbox 1945 825 2072 876; x_wconf 74' lang='lat'><strong>502.</strong></span> 
     </span>
     <span class='ocr_line' id='line_1_9' title="bbox 98 906 2075 976; baseline 0.001 -15"><span class='ocrx_word' id='word_1_67' title='bbox 98 908 566 971; x_wconf 77' lang='grc' dir='ltr'><em>ἕκαλινδούμην</em></span> <span class='ocrx_word' id='word_1_68' title='bbox 602 906 786 961; x_wconf 86' lang='grc' dir='ltr'><em>ἴκτινον</em></span> <span class='ocrx_word' id='word_1_69' title='bbox 820 907 962 972; x_wconf 79' lang='grc' dir='ltr'><em>ἰδών,</em></span> <span class='ocrx_word' id='word_1_70' title='bbox 1003 907 1095 962; x_wconf 85' lang='lat' dir='ltr'><strong>ubi</strong></span> <span class='ocrx_word' id='word_1_71' title='bbox 1132 908 1412 963; x_wconf 81' lang='lat' dir='ltr'><strong>Ravennas</strong></span> <span class='ocrx_word' id='word_1_72' title='bbox 1440 910 1872 976; x_wconf 69' lang='grc' dir='ltr'><em>προκυλινδεῖσθαι</em></span> <span class='ocrx_word' id='word_1_73' title='bbox 1896 918 2075 965; x_wconf 81' lang='lat' dir='ltr'><strong>servat</strong></span> 
     </span>
     <span class='ocr_line' id='line_1_10' title="bbox 95 995 2074 1069; baseline 0.001 -19"><span class='ocrx_word' id='word_1_74' title='bbox 95 1003 149 1051; x_wconf 83' lang='lat' dir='ltr'><strong>et</strong></span> <span class='ocrx_word' id='word_1_75' title='bbox 206 1003 394 1050; x_wconf 89' lang='lat' dir='ltr'><strong>contra</strong></span> <span class='ocrx_word' id='word_1_76' title='bbox 436 1002 669 1050; x_wconf 89' lang='lat' dir='ltr'><strong>metrum</strong></span> <span class='ocrx_word' id='word_1_77' title='bbox 722 995 1071 1061; x_wconf 78' lang='grc' dir='ltr'><em>ε’κυλινδόμην.</em></span> <span class='ocrx_word' id='word_1_78' title='bbox 1150 996 1489 1050; x_wconf 80' lang='grc' dir='ltr'><em>Ἐπικυλίνδω</em></span> <span class='ocrx_word' id='word_1_79' title='bbox 1530 1013 1693 1067; x_wconf 88' lang='lat' dir='ltr'><strong>supra</strong></span> <span class='ocrx_word' id='word_1_80' title='bbox 1735 997 2074 1069; x_wconf 77' lang='lat' dir='ltr'><strong>Xenophonti</strong></span> 
     </span>
     <span class='ocr_line' id='line_1_11' title="bbox 96 1082 2073 1157; baseline 0.001 -20"><span class='ocrx_word' id='word_1_81' title='bbox 96 1082 468 1147; x_wconf 82' lang='lat' dir='ltr'><strong>reddidimuS,</strong></span> <span class='ocrx_word' id='word_1_82' title='bbox 519 1090 574 1139; x_wconf 88' lang='lat' dir='ltr'><strong>et</strong></span> <span class='ocrx_word' id='word_1_83' title='bbox 630 1083 871 1139; x_wconf 91' lang='lat' dir='ltr'><strong>nondum</strong></span> <span class='ocrx_word' id='word_1_84' title='bbox 929 1083 1166 1155; x_wconf 88' lang='lat' dir='ltr'><strong>poenitet</strong></span> <span class='ocrx_word' id='word_1_85' title='bbox 1238 1085 1294 1138; x_wconf 89' lang='lat' dir='ltr'><strong>in</strong></span> <span class='ocrx_word' id='word_1_86' title='bbox 1358 1084 1545 1155; x_wconf 81' lang='lat' dir='ltr'><strong>vespis</strong></span> <span class='ocrx_word' id='word_1_87' title='bbox 1612 1101 1693 1140; x_wconf 74' lang='lat' dir='ltr'><strong>VS.</strong></span> <span class='ocrx_word' id='word_1_88' title='bbox 1737 1088 1863 1139; x_wconf 71' lang='lat'><strong>201.</strong></span> <span class='ocrx_word' id='word_1_89' title='bbox 1924 1102 2073 1157; x_wconf 88' lang='lat' dir='ltr'><strong>repo-</strong></span> 
     </span>
     <span class='ocr_line' id='line_1_12' title="bbox 93 1165 1254 1228; baseline 0.001 -2"><span class='ocrx_word' id='word_1_90' title='bbox 93 1172 293 1228; x_wconf 84' lang='lat' dir='ltr'><strong>suisse:</strong></span> <span class='ocrx_word' id='word_1_91' title='bbox 1247 1165 1254 1172; x_wconf 54' lang='lat'>⁸</span> 
     </span>
     <span class='ocr_line' id='line_1_13' title="bbox 396 1259 1650 1328; baseline -0.002 -13"><span class='ocrx_word' id='word_1_92' title='bbox 396 1260 595 1321; x_wconf 73' lang='grc' dir='ltr'><em>ἀνύσας</em></span> <span class='ocrx_word' id='word_1_93' title='bbox 634 1282 684 1315; x_wconf 90' lang='grc' dir='ltr'><strong>τι</strong></span> <span class='ocrx_word' id='word_1_94' title='bbox 725 1259 1189 1328; x_wconf 77' lang='grc' dir='ltr'><em>προσκύλισονε</em></span> <span class='ocrx_word' id='word_1_95' title='bbox 1232 1260 1362 1327; x_wconf 78' lang='grc' dir='ltr'><em>οἴμοι</em></span> <span class='ocrx_word' id='word_1_96' title='bbox 1412 1260 1650 1323; x_wconf 76' lang='grc' dir='ltr'><em>δείλαιος.</em></span> 
     </span>
    </p>

    <p class='ocr_par' dir='ltr' id='par_1_3' title="bbox 90 1347 2076 1589">
     <span class='ocr_line' id='line_1_14' title="bbox 94 1347 2075 1420; baseline 0.001 -18"><span class='ocrx_word' id='word_1_97' title='bbox 94 1365 191 1420; x_wconf 86' lang='lat' dir='ltr'><strong>pro</strong></span> <span class='ocrx_word' id='word_1_98' title='bbox 229 1348 506 1415; x_wconf 76' lang='grc' dir='ltr'><em>προσκύλιέ</em></span> <span class='ocrx_word' id='word_1_99' title='bbox 542 1350 626 1413; x_wconf 75' lang='lat' dir='ltr'><strong>y’:</strong></span> <span class='ocrx_word' id='word_1_100' title='bbox 665 1348 825 1414; x_wconf 82' lang='grc' dir='ltr'><em>οἴμοι;</em></span> <span class='ocrx_word' id='word_1_101' title='bbox 869 1365 1026 1403; x_wconf 89' lang='lat' dir='ltr'><strong>nemo</strong></span> <span class='ocrx_word' id='word_1_102' title='bbox 1065 1349 1209 1403; x_wconf 90' lang='lat' dir='ltr'><strong>enim</strong></span> <span class='ocrx_word' id='word_1_103' title='bbox 1262 1348 1531 1404; x_wconf 76' lang='lat' dir='ltr'><strong>dubitabit</strong></span> <span class='ocrx_word' id='word_1_104' title='bbox 1586 1349 1715 1420; x_wconf 85' lang='lat' dir='ltr'><strong>quin</strong></span> <span class='ocrx_word' id='word_1_105' title='bbox 1774 1347 1947 1403; x_wconf 84' lang='lat' dir='ltr'><strong>forma</strong></span> <span class='ocrx_word' id='word_1_106' title='bbox 1991 1370 2075 1403; x_wconf 80' lang='grc' dir='ltr'><em>κν·</em></span> 
     </span>
     <span class='ocr_line' id='line_1_15' title="bbox 90 1435 2076 1510; baseline 0.001 -19"><span class='ocrx_word' id='word_1_107' title='bbox 90 1437 184 1491; x_wconf 81' lang='grc' dir='ltr'><strong>λίω</strong></span> <span class='ocrx_word' id='word_1_108' title='bbox 224 1435 598 1507; x_wconf 80' lang='lat' dir='ltr'><strong>Aristophanis</strong></span> <span class='ocrx_word' id='word_1_109' title='bbox 637 1442 811 1490; x_wconf 87' lang='lat' dir='ltr'><strong>aetate</strong></span> <span class='ocrx_word' id='word_1_110' title='bbox 851 1435 1006 1507; x_wconf 87' lang='lat' dir='ltr'><strong>plane</strong></span> <span class='ocrx_word' id='word_1_111' title='bbox 1039 1435 1204 1490; x_wconf 86' lang='lat' dir='ltr'><strong>suerit</strong></span> <span class='ocrx_word' id='word_1_112' title='bbox 1243 1436 1515 1501; x_wconf 85' lang='lat' dir='ltr'><strong>inaudita,</strong></span> <span class='ocrx_word' id='word_1_113' title='bbox 1555 1445 1607 1492; x_wconf 89' lang='lat' dir='ltr'><strong>et</strong></span> <span class='ocrx_word' id='word_1_114' title='bbox 1650 1436 1779 1510; x_wconf 86' lang='lat' dir='ltr'><strong>quid</strong></span> <span class='ocrx_word' id='word_1_115' title='bbox 1815 1436 1919 1491; x_wconf 88' lang='lat' dir='ltr'><strong>sibi</strong></span> <span class='ocrx_word' id='word_1_116' title='bbox 1961 1436 2076 1492; x_wconf 86' lang='lat' dir='ltr'><strong>vult</strong></span> 
     </span>
     <span class='ocr_line' id='line_1_16' title="bbox 91 1522 1426 1589; baseline -0.001 -10"><span class='ocrx_word' id='word_1_117' title='bbox 91 1523 382 1579; x_wconf 84' lang='lat' dir='ltr'><strong>ridiculum</strong></span> <span class='ocrx_word' id='word_1_118' title='bbox 422 1523 525 1589; x_wconf 71' lang='lat' dir='ltr'><strong>ys?</strong></span> <span class='ocrx_word' id='word_1_119' title='bbox 606 1522 710 1578; x_wconf 91' lang='lat' dir='ltr'><strong>Sed</strong></span> <span class='ocrx_word' id='word_1_120' title='bbox 750 1541 780 1579; x_wconf 90' lang='lat' dir='ltr'><strong>e</strong></span> <span class='ocrx_word' id='word_1_121' title='bbox 814 1523 1134 1579; x_wconf 85' lang='lat' dir='ltr'><strong>diverticulo</strong></span> <span class='ocrx_word' id='word_1_122' title='bbox 1172 1526 1225 1578; x_wconf 87' lang='lat' dir='ltr'><strong>in</strong></span> <span class='ocrx_word' id='word_1_123' title='bbox 1268 1527 1426 1578; x_wconf 87' lang='lat' dir='ltr'><strong>viam.</strong></span> 
     </span>
    </p>

    <p class='ocr_par' dir='ltr' id='par_1_4' title="bbox 74 1611 2073 3542">
     <span class='ocr_line' id='line_1_17' title="bbox 164 1611 2073 1683; baseline 0.001 -16"><span class='ocrx_word' id='word_1_124' title='bbox 164 1612 228 1667; x_wconf 87' lang='lat' dir='ltr'><strong>In</strong></span> <span class='ocrx_word' id='word_1_125' title='bbox 279 1629 396 1683; x_wconf 85' lang='lat' dir='ltr'><strong>cap.</strong></span> <span class='ocrx_word' id='word_1_126' title='bbox 438 1611 576 1666; x_wconf 85' lang='lat' dir='ltr'><strong>Vlll.</strong></span> <span class='ocrx_word' id='word_1_127' title='bbox 620 1616 709 1667; x_wconf 81' lang='lat'><strong>55.</strong></span> <span class='ocrx_word' id='word_1_128' title='bbox 760 1614 1016 1678; x_wconf 72' lang='grc' dir='ltr'><em>θαυμαςοὶ</em></span> <span class='ocrx_word' id='word_1_129' title='bbox 1067 1613 1237 1678; x_wconf 69' lang='grc' dir='ltr'><em>λέγων</em></span> <span class='ocrx_word' id='word_1_130' title='bbox 1290 1612 1338 1667; x_wconf 80' lang='grc' dir='ltr'><strong>εἴ</strong></span> <span class='ocrx_word' id='word_1_131' title='bbox 1392 1633 1459 1679; x_wconf 71' lang='grc' dir='ltr'><strong>γε</strong></span> <span class='ocrx_word' id='word_1_132' title='bbox 1504 1615 1547 1667; x_wconf 85' lang='grc' dir='ltr'><strong>οἱ</strong></span> <span class='ocrx_word' id='word_1_133' title='bbox 1587 1645 1663 1654; x_wconf 95' lang='grc'>-</span> <span class='ocrx_word' id='word_1_134' title='bbox 1703 1616 2073 1681; x_wconf 70' lang='grc' dir='ltr'><em>ἀναισχυντεῖν</em></span> 
     </span>
     <span class='ocr_line' id='line_1_18' title="bbox 89 1697 2073 1770; baseline 0.001 -15"><span class='ocrx_word' id='word_1_135' title='bbox 89 1702 211 1769; x_wconf 75' lang='grc' dir='ltr'><strong>πρὸς</strong></span> <span class='ocrx_word' id='word_1_136' title='bbox 265 1702 532 1764; x_wconf 67' lang='grc' dir='ltr'><em>ἀλλήλους</em></span> <span class='ocrx_word' id='word_1_137' title='bbox 581 1700 851 1768; x_wconf 78' lang='grc' dir='ltr'><em>ἐθιζόμενοι</em></span> <span class='ocrx_word' id='word_1_138' title='bbox 891 1698 1025 1756; x_wconf 79' lang='grc' dir='ltr'><em>οὗτοι</em></span> <span class='ocrx_word' id='word_1_139' title='bbox 1076 1702 1287 1767; x_wconf 70' lang='grc' dir='ltr'><em>μάλιςα</em></span> <span class='ocrx_word' id='word_1_140' title='bbox 1345 1702 1798 1769; x_wconf 76' lang='grc' dir='ltr'><em>αἰσχύνονται</em></span> <span class='ocrx_word' id='word_1_141' title='bbox 1855 1697 2073 1770; x_wconf 77' lang='grc' dir='ltr'><em>αἰσχρόν</em></span> 
     </span>
     <span class='ocr_line' id='line_1_19' title="bbox 86 1789 2073 1862; baseline 0.001 -19"><span class='ocrx_word' id='word_1_142' title='bbox 86 1810 139 1844; x_wconf 81' lang='grc' dir='ltr'><strong>τι</strong></span> <span class='ocrx_word' id='word_1_143' title='bbox 178 1796 375 1852; x_wconf 75' lang='grc' dir='ltr'><em>ποιεῖν,</em></span> <span class='ocrx_word' id='word_1_144' title='bbox 416 1789 585 1843; x_wconf 88' lang='lat' dir='ltr'><strong>miror</strong></span> <span class='ocrx_word' id='word_1_145' title='bbox 623 1790 894 1844; x_wconf 89' lang='lat' dir='ltr'><strong>neminem</strong></span> <span class='ocrx_word' id='word_1_146' title='bbox 938 1792 1171 1845; x_wconf 87' lang='lat' dir='ltr'><strong>sensisse</strong></span> <span class='ocrx_word' id='word_1_147' title='bbox 1211 1790 1402 1844; x_wconf 88' lang='lat' dir='ltr'><strong>vitium</strong></span> <span class='ocrx_word' id='word_1_148' title='bbox 1437 1791 1488 1843; x_wconf 89' lang='lat' dir='ltr'><strong>in</strong></span> <span class='ocrx_word' id='word_1_149' title='bbox 1520 1790 1887 1858; x_wconf 79' lang='grc' dir='ltr'><em>αἰσχύνονται,</em></span> <span class='ocrx_word' id='word_1_150' title='bbox 1929 1789 2073 1862; x_wconf 88' lang='lat' dir='ltr'><strong>quod</strong></span> 
     </span>
     <span class='ocr_line' id='line_1_20' title="bbox 87 1876 2070 1950; baseline 0.002 -19"><span class='ocrx_word' id='word_1_151' title='bbox 87 1884 268 1932; x_wconf 84' lang='lat' dir='ltr'><strong>tamen</strong></span> <span class='ocrx_word' id='word_1_152' title='bbox 325 1876 613 1932; x_wconf 81' lang='lat' dir='ltr'><strong>admodum</strong></span> <span class='ocrx_word' id='word_1_153' title='bbox 673 1879 1018 1949; x_wconf 76' lang='lat' dir='ltr'><strong>perspicuum</strong></span> <span class='ocrx_word' id='word_1_154' title='bbox 1073 1885 1171 1932; x_wconf 85' lang='lat' dir='ltr'><strong>est.</strong></span> <span class='ocrx_word' id='word_1_155' title='bbox 1264 1878 1334 1933; x_wconf 85' lang='lat' dir='ltr'><strong>Et</strong></span> <span class='ocrx_word' id='word_1_156' title='bbox 1383 1877 1800 1934; x_wconf 87' lang='lat' dir='ltr'><strong>Valckenaerius</strong></span> <span class='ocrx_word' id='word_1_157' title='bbox 1852 1878 2070 1950; x_wconf 88' lang='lat' dir='ltr'><strong>quidem</strong></span> 
     </span>
     <span class='ocr_line' id='line_1_21' title="bbox 87 1964 2073 2030; baseline 0.002 -11"><span class='ocrx_word' id='word_1_158' title='bbox 87 1966 286 2030; x_wconf 81' lang='lat' dir='ltr'><strong>sensit,</strong></span> <span class='ocrx_word' id='word_1_159' title='bbox 336 1966 496 2020; x_wconf 84' lang='lat' dir='ltr'><strong>ouius</strong></span> <span class='ocrx_word' id='word_1_160' title='bbox 537 1967 591 2019; x_wconf 92' lang='lat' dir='ltr'><strong>in</strong></span> <span class='ocrx_word' id='word_1_161' title='bbox 633 1964 858 2021; x_wconf 84' lang='lat' dir='ltr'><strong>Schedis</strong></span> <span class='ocrx_word' id='word_1_162' title='bbox 910 1966 1041 2021; x_wconf 87' lang='lat' dir='ltr'><strong>haec</strong></span> <span class='ocrx_word' id='word_1_163' title='bbox 1081 1973 1163 2021; x_wconf 90' lang='lat' dir='ltr'><strong>est</strong></span> <span class='ocrx_word' id='word_1_164' title='bbox 1211 1966 1390 2022; x_wconf 87' lang='lat' dir='ltr'><strong>brevis</strong></span> <span class='ocrx_word' id='word_1_165' title='bbox 1443 1969 1749 2022; x_wconf 83' lang='lat' dir='ltr'><strong>annotatio:</strong></span> <span class='ocrx_word' id='word_1_166' title='bbox 1815 1968 2073 2023; x_wconf 67' lang='lat' dir='ltr'><strong>»scriben-</strong></span> 
     </span>
     <span class='ocr_line' id='line_1_22' title="bbox 87 2053 2071 2122; baseline 0.002 -15"><span class='ocrx_word' id='word_1_167' title='bbox 87 2053 212 2107; x_wconf 83' lang='lat' dir='ltr'><strong>dum</strong></span> <span class='ocrx_word' id='word_1_168' title='bbox 251 2071 370 2108; x_wconf 84' lang='lat' dir='ltr'><strong>reor</strong></span> <span class='ocrx_word' id='word_1_169' title='bbox 419 2055 789 2122; x_wconf 79' lang='grc' dir='ltr'><em>αἰσχυνοῦνται</em></span> <span class='ocrx_word' id='word_1_170' title='bbox 810 2055 862 2117; x_wconf 92' lang='grc'><strong>,”</strong></span> <span class='ocrx_word' id='word_1_171' title='bbox 917 2056 1230 2110; x_wconf 84' lang='lat' dir='ltr'><strong>verissime:</strong></span> <span class='ocrx_word' id='word_1_172' title='bbox 1283 2054 1528 2110; x_wconf 82' lang='lat' dir='ltr'><strong>futurum</strong></span> <span class='ocrx_word' id='word_1_173' title='bbox 1573 2058 1716 2110; x_wconf 87' lang='lat' dir='ltr'><strong>enim</strong></span> <span class='ocrx_word' id='word_1_174' title='bbox 1765 2056 1817 2110; x_wconf 91' lang='lat' dir='ltr'><strong>in</strong></span> <span class='ocrx_word' id='word_1_175' title='bbox 1872 2054 2071 2111; x_wconf 87' lang='lat' dir='ltr'><strong>talibus</strong></span> 
     </span>
     <span class='ocr_line' id='line_1_23' title="bbox 86 2141 2070 2215; baseline 0.002 -19"><span class='ocrx_word' id='word_1_176' title='bbox 86 2143 308 2214; x_wconf 87' lang='lat' dir='ltr'><strong>ponitur</strong></span> <span class='ocrx_word' id='word_1_177' title='bbox 341 2141 407 2196; x_wconf 92' lang='lat' dir='ltr'><strong>ad</strong></span> <span class='ocrx_word' id='word_1_178' title='bbox 458 2142 873 2213; x_wconf 85' lang='lat' dir='ltr'><strong>significandum</strong></span> <span class='ocrx_word' id='word_1_179' title='bbox 918 2142 1121 2198; x_wconf 83' lang='lat' dir='ltr'><strong>lactum</strong></span> <span class='ocrx_word' id='word_1_180' title='bbox 1163 2160 1264 2197; x_wconf 92' lang='lat' dir='ltr'><strong>non</strong></span> <span class='ocrx_word' id='word_1_181' title='bbox 1304 2159 1421 2198; x_wconf 89' lang='lat' dir='ltr'><strong>esse</strong></span> <span class='ocrx_word' id='word_1_182' title='bbox 1467 2161 1727 2215; x_wconf 88' lang='lat' dir='ltr'><strong>umquam</strong></span> <span class='ocrx_word' id='word_1_183' title='bbox 1767 2160 1939 2215; x_wconf 89' lang='lat' dir='ltr'><strong>neque</strong></span> <span class='ocrx_word' id='word_1_184' title='bbox 1981 2143 2070 2199; x_wconf 87' lang='lat' dir='ltr'><strong>fie-</strong></span> 
     </span>
     <span class='ocr_line' id='line_1_24' title="bbox 84 2230 2069 2303; baseline 0.002 -18"><span class='ocrx_word' id='word_1_185' title='bbox 84 2230 132 2285; x_wconf 82' lang='lat' dir='ltr'><strong>ri</strong></span> <span class='ocrx_word' id='word_1_186' title='bbox 169 2247 320 2302; x_wconf 84' lang='lat' dir='ltr'><strong>posse</strong></span> <span class='ocrx_word' id='word_1_187' title='bbox 359 2230 499 2302; x_wconf 87' lang='lat' dir='ltr'><strong>quod</strong></span> <span class='ocrx_word' id='word_1_188' title='bbox 540 2233 662 2303; x_wconf 86' lang='lat' dir='ltr'><strong>quis</strong></span> <span class='ocrx_word' id='word_1_189' title='bbox 701 2230 928 2295; x_wconf 84' lang='lat' dir='ltr'><strong>dixerit,</strong></span> <span class='ocrx_word' id='word_1_190' title='bbox 985 2238 1039 2287; x_wconf 80' lang='lat' dir='ltr'><strong>et</strong></span> <span class='ocrx_word' id='word_1_191' title='bbox 1092 2233 1311 2286; x_wconf 88' lang='lat' dir='ltr'><strong>omnino</strong></span> <span class='ocrx_word' id='word_1_192' title='bbox 1360 2234 1624 2298; x_wconf 80' lang='grc' dir='ltr'><em>θαυμαςὸν</em></span> <span class='ocrx_word' id='word_1_193' title='bbox 1664 2234 1741 2298; x_wconf 82' lang='grc' dir='ltr'><strong>εἰ,</strong></span> <span class='ocrx_word' id='word_1_194' title='bbox 1794 2233 1948 2288; x_wconf 81' lang='grc' dir='ltr'><em>δεινὸν</em></span> <span class='ocrx_word' id='word_1_195' title='bbox 1989 2235 2069 2298; x_wconf 80' lang='grc' dir='ltr'><strong>εἰ,</strong></span> 
     </span>
     <span class='ocr_line' id='line_1_25' title="bbox 82 2318 2065 2391; baseline 0.001 -17"><span class='ocrx_word' id='word_1_196' title='bbox 82 2325 139 2374; x_wconf 80' lang='lat' dir='ltr'><strong>et</strong></span> <span class='ocrx_word' id='word_1_197' title='bbox 170 2318 367 2374; x_wconf 80' lang='lat' dir='ltr'><strong>similia</strong></span> <span class='ocrx_word' id='word_1_198' title='bbox 418 2321 597 2374; x_wconf 86' lang='lat' dir='ltr'><strong>omnia</strong></span> <span class='ocrx_word' id='word_1_199' title='bbox 652 2337 777 2375; x_wconf 86' lang='lat' dir='ltr'><strong>cum</strong></span> <span class='ocrx_word' id='word_1_200' title='bbox 818 2319 1001 2374; x_wconf 80' lang='lat' dir='ltr'><strong>futuro</strong></span> <span class='ocrx_word' id='word_1_201' title='bbox 1051 2322 1459 2391; x_wconf 82' lang='lat' dir='ltr'><strong>coniunguntur</strong></span> <span class='ocrx_word' id='word_1_202' title='bbox 1509 2321 1600 2375; x_wconf 89' lang='lat' dir='ltr'><strong>ubi</strong></span> <span class='ocrx_word' id='word_1_203' title='bbox 1654 2321 2065 2376; x_wconf 87' lang='lat' dir='ltr'><strong>admirationem</strong></span> 
     </span>
     <span class='ocr_line' id='line_1_26' title="bbox 81 2406 2067 2482; baseline 0.001 -20"><span class='ocrx_word' id='word_1_204' title='bbox 81 2414 176 2462; x_wconf 86' lang='lat' dir='ltr'><strong>aut</strong></span> <span class='ocrx_word' id='word_1_205' title='bbox 229 2406 650 2478; x_wconf 84' lang='lat' dir='ltr'><strong>indignationem</strong></span> <span class='ocrx_word' id='word_1_206' title='bbox 707 2416 803 2462; x_wconf 87' lang='lat' dir='ltr'><strong>aut</strong></span> <span class='ocrx_word' id='word_1_207' title='bbox 858 2408 1166 2463; x_wconf 87' lang='lat' dir='ltr'><strong>huiusmodi</strong></span> <span class='ocrx_word' id='word_1_208' title='bbox 1221 2409 1351 2481; x_wconf 89' lang='lat' dir='ltr'><strong>quid</strong></span> <span class='ocrx_word' id='word_1_209' title='bbox 1397 2416 1605 2474; x_wconf 91' lang='lat' dir='ltr'><strong>movet,</strong></span> <span class='ocrx_word' id='word_1_210' title='bbox 1662 2427 1766 2464; x_wconf 90' lang='lat' dir='ltr'><strong>non</strong></span> <span class='ocrx_word' id='word_1_211' title='bbox 1825 2409 1879 2464; x_wconf 93' lang='lat' dir='ltr'><strong>id</strong></span> <span class='ocrx_word' id='word_1_212' title='bbox 1926 2408 2067 2482; x_wconf 90' lang='lat' dir='ltr'><strong>quod</strong></span> 
     </span>
     <span class='ocr_line' id='line_1_27' title="bbox 82 2494 2066 2569; baseline 0.001 -17"><span class='ocrx_word' id='word_1_213' title='bbox 82 2497 205 2569; x_wconf 89' lang='lat' dir='ltr'><strong>quis</strong></span> <span class='ocrx_word' id='word_1_214' title='bbox 245 2494 373 2551; x_wconf 87' lang='lat' dir='ltr'><strong>l&#39;ecit</strong></span> <span class='ocrx_word' id='word_1_215' title='bbox 414 2503 508 2551; x_wconf 88' lang='lat' dir='ltr'><strong>aut</strong></span> <span class='ocrx_word' id='word_1_216' title='bbox 559 2495 720 2561; x_wconf 78' lang='lat' dir='ltr'><strong>facit,</strong></span> <span class='ocrx_word' id='word_1_217' title='bbox 781 2496 872 2551; x_wconf 92' lang='lat' dir='ltr'><strong>sed</strong></span> <span class='ocrx_word' id='word_1_218' title='bbox 925 2496 977 2551; x_wconf 90' lang='lat' dir='ltr'><strong>id</strong></span> <span class='ocrx_word' id='word_1_219' title='bbox 1018 2496 1160 2569; x_wconf 90' lang='lat' dir='ltr'><strong>quod</strong></span> <span class='ocrx_word' id='word_1_220' title='bbox 1209 2496 1454 2552; x_wconf 80' lang='lat' dir='ltr'><strong>facturus</strong></span> <span class='ocrx_word' id='word_1_221' title='bbox 1489 2515 1605 2553; x_wconf 90' lang='lat' dir='ltr'><strong>esse</strong></span> <span class='ocrx_word' id='word_1_222' title='bbox 1654 2497 1886 2554; x_wconf 86' lang='lat' dir='ltr'><strong>videtur.</strong></span> <span class='ocrx_word' id='word_1_223' title='bbox 1970 2498 2066 2554; x_wconf 89' lang='lat' dir='ltr'><strong>De-</strong></span> 
     </span>
     <span class='ocr_line' id='line_1_28' title="bbox 83 2582 2064 2652; baseline 0.002 -13"><span class='ocrx_word' id='word_1_224' title='bbox 83 2583 391 2640; x_wconf 79' lang='lat' dir='ltr'><strong>mosthenes</strong></span> <span class='ocrx_word' id='word_1_225' title='bbox 439 2582 586 2639; x_wconf 79' lang='lat' dir='ltr'><strong>Orat.</strong></span> <span class='ocrx_word' id='word_1_226' title='bbox 629 2585 791 2641; x_wconf 87' lang='lat' dir='ltr'><strong>LVII.</strong></span> <span class='ocrx_word' id='word_1_227' title='bbox 830 2588 918 2639; x_wconf 76' lang='lat'><strong>27.</strong></span> <span class='ocrx_word' id='word_1_228' title='bbox 965 2591 1072 2647; x_wconf 81' lang='grc' dir='ltr'><strong>πῶς</strong></span> <span class='ocrx_word' id='word_1_229' title='bbox 1109 2589 1165 2641; x_wconf 86' lang='grc' dir='ltr'><strong>οὐ</strong></span> <span class='ocrx_word' id='word_1_230' title='bbox 1205 2587 1359 2641; x_wconf 84' lang='grc' dir='ltr'><em>δεινὸν</em></span> <span class='ocrx_word' id='word_1_231' title='bbox 1396 2588 1439 2641; x_wconf 81' lang='grc' dir='ltr'><strong>εἰ</strong></span> <span class='ocrx_word' id='word_1_232' title='bbox 1479 2587 1597 2648; x_wconf 85' lang='grc' dir='ltr'><em>τοὺς</em></span> <span class='ocrx_word' id='word_1_233' title='bbox 1644 2588 1841 2648; x_wconf 80' lang='grc' dir='ltr'><em>παῖδας</em></span> <span class='ocrx_word' id='word_1_234' title='bbox 1883 2587 1905 2640; x_wconf 82' lang='grc' dir='ltr'>ὅ</span> <span class='ocrx_word' id='word_1_235' title='bbox 1944 2586 2064 2652; x_wconf 81' lang='grc' dir='ltr'><em>βου-</em></span> 
     </span>
     <span class='ocr_line' id='line_1_29' title="bbox 81 2672 2067 2741; baseline 0 -12"><span class='ocrx_word' id='word_1_236' title='bbox 81 2673 295 2740; x_wconf 81' lang='grc' dir='ltr'><em>λόμενος</em></span> <span class='ocrx_word' id='word_1_237' title='bbox 348 2681 582 2741; x_wconf 85' lang='grc' dir='ltr'><em>κρινεῒ;</em></span> <span class='ocrx_word' id='word_1_238' title='bbox 638 2681 692 2729; x_wconf 84' lang='lat' dir='ltr'><strong>el</strong></span> <span class='ocrx_word' id='word_1_239' title='bbox 742 2675 795 2728; x_wconf 91' lang='lat' dir='ltr'><strong>in</strong></span> <span class='ocrx_word' id='word_1_240' title='bbox 850 2672 997 2728; x_wconf 79' lang='lat' dir='ltr'><strong>Orat.</strong></span> <span class='ocrx_word' id='word_1_241' title='bbox 1042 2673 1229 2730; x_wconf 86' lang='lat' dir='ltr'>XXIV.</span> <span class='ocrx_word' id='word_1_242' title='bbox 1283 2677 1373 2728; x_wconf 88' lang='lat'><strong>99.</strong></span> <span class='ocrx_word' id='word_1_243' title='bbox 1428 2679 1534 2734; x_wconf 79' lang='grc' dir='ltr'><strong>πῶς</strong></span> <span class='ocrx_word' id='word_1_244' title='bbox 1593 2677 1648 2731; x_wconf 80' lang='grc' dir='ltr'><strong>οὗ</strong></span> <span class='ocrx_word' id='word_1_245' title='bbox 1701 2675 1855 2730; x_wconf 86' lang='grc' dir='ltr'><em>δεινὸν</em></span> <span class='ocrx_word' id='word_1_246' title='bbox 1909 2676 1950 2729; x_wconf 80' lang='grc' dir='ltr'><strong>εἰ</strong></span> <span class='ocrx_word' id='word_1_247' title='bbox 1993 2707 2067 2716; x_wconf 92' lang='lat'><strong>--</strong></span> 
     </span>
     <span class='ocr_line' id='line_1_30' title="bbox 80 2760 2064 2831; baseline 0.001 -14"><span class='ocrx_word' id='word_1_248' title='bbox 80 2761 267 2826; x_wconf 63' lang='grc' dir='ltr'><em>ἔται,</em></span> <span class='ocrx_word' id='word_1_249' title='bbox 305 2769 360 2818; x_wconf 84' lang='lat' dir='ltr'><strong>et</strong></span> <span class='ocrx_word' id='word_1_250' title='bbox 410 2763 461 2816; x_wconf 87' lang='lat' dir='ltr'><strong>in</strong></span> <span class='ocrx_word' id='word_1_251' title='bbox 520 2760 667 2817; x_wconf 80' lang='lat' dir='ltr'><strong>Orat.</strong></span> <span class='ocrx_word' id='word_1_252' title='bbox 713 2761 847 2817; x_wconf 83' lang='lat' dir='ltr'><strong>xxl.</strong></span> <span class='ocrx_word' id='word_1_253' title='bbox 892 2765 1017 2817; x_wconf 74' lang='lat'><strong>212.</strong></span> <span class='ocrx_word' id='word_1_254' title='bbox 1058 2762 1200 2831; x_wconf 78' lang='grc' dir='ltr'><em>εἴπερ</em></span> <span class='ocrx_word' id='word_1_255' title='bbox 1246 2763 1342 2817; x_wconf 75' lang='grc' dir='ltr'><em>εἶσὶ</em></span> <span class='ocrx_word' id='word_1_256' title='bbox 1384 2762 1528 2830; x_wconf 80' lang='grc' dir='ltr'><em>φίλοι</em></span> <span class='ocrx_word' id='word_1_257' title='bbox 1568 2762 1656 2818; x_wconf 72' lang='grc' dir='ltr'><em>καὶ</em></span> <span class='ocrx_word' id='word_1_258' title='bbox 1697 2763 1852 2819; x_wconf 86' lang='grc' dir='ltr'><em>δεινὸν</em></span> <span class='ocrx_word' id='word_1_259' title='bbox 1893 2764 1936 2818; x_wconf 78' lang='grc' dir='ltr'><strong>εἱ</strong></span> <span class='ocrx_word' id='word_1_260' title='bbox 1976 2766 2064 2831; x_wconf 70' lang='grc' dir='ltr'><strong>μὴ</strong></span> 
     </span>
     <span class='ocr_line' id='line_1_31' title="bbox 81 2850 2064 2923; baseline 0.001 -18"><span class='ocrx_word' id='word_1_261' title='bbox 81 2853 431 2914; x_wconf 69' lang='grc' dir='ltr'><em>πλουτήσει</em></span> <span class='ocrx_word' id='word_1_262' title='bbox 472 2851 692 2911; x_wconf 79' lang='grc' dir='ltr'><em>Μειδίας</em></span> <span class='ocrx_word' id='word_1_263' title='bbox 731 2853 1008 2916; x_wconf 72' lang='grc' dir='ltr'><em>ἡγοῦνται,</em></span> <span class='ocrx_word' id='word_1_264' title='bbox 1045 2858 1098 2905; x_wconf 90' lang='lat' dir='ltr'><strong>et</strong></span> <span class='ocrx_word' id='word_1_265' title='bbox 1130 2851 1219 2905; x_wconf 89' lang='lat' dir='ltr'><strong>ubi</strong></span> <span class='ocrx_word' id='word_1_266' title='bbox 1255 2867 1508 2923; x_wconf 87' lang='lat' dir='ltr'><strong>praesens</strong></span> <span class='ocrx_word' id='word_1_267' title='bbox 1542 2867 1668 2906; x_wconf 87' lang='lat' dir='ltr'><strong>cum</strong></span> <span class='ocrx_word' id='word_1_268' title='bbox 1705 2850 1888 2907; x_wconf 77' lang='lat' dir='ltr'><strong>futuro</strong></span> <span class='ocrx_word' id='word_1_269' title='bbox 1923 2868 2064 2908; x_wconf 86' lang='lat' dir='ltr'><strong>com-</strong></span> 
     </span>
     <span class='ocr_line' id='line_1_32' title="bbox 81 2938 2060 3011; baseline 0.001 -19"><span class='ocrx_word' id='word_1_270' title='bbox 81 2939 300 3011; x_wconf 81' lang='lat' dir='ltr'><strong>ponitur</strong></span> <span class='ocrx_word' id='word_1_271' title='bbox 350 2940 402 2993; x_wconf 90' lang='lat' dir='ltr'><strong>in</strong></span> <span class='ocrx_word' id='word_1_272' title='bbox 459 2938 605 2994; x_wconf 86' lang='lat' dir='ltr'><strong>Orat.</strong></span> <span class='ocrx_word' id='word_1_273' title='bbox 650 2938 760 2994; x_wconf 82' lang='lat' dir='ltr'><strong>XX.</strong></span> <span class='ocrx_word' id='word_1_274' title='bbox 806 2943 893 2993; x_wconf 88' lang='lat'><strong>71.</strong></span> <span class='ocrx_word' id='word_1_275' title='bbox 944 2940 1119 2994; x_wconf 81' lang='grc' dir='ltr'><em>οὔκουν</em></span> <span class='ocrx_word' id='word_1_276' title='bbox 1172 2941 1386 3007; x_wconf 77' lang='grc' dir='ltr'><em>αἰσχρὸν</em></span> <span class='ocrx_word' id='word_1_277' title='bbox 1431 2941 1475 2994; x_wconf 84' lang='grc' dir='ltr'><strong>εἷ</strong></span> <span class='ocrx_word' id='word_1_278' title='bbox 1525 2941 1581 2994; x_wconf 82' lang='grc' dir='ltr'><strong>αἱ</strong></span> <span class='ocrx_word' id='word_1_279' title='bbox 1619 2939 1717 3006; x_wconf 81' lang='grc' dir='ltr'><em>μὲν</em></span> <span class='ocrx_word' id='word_1_280' title='bbox 1767 2941 1914 3008; x_wconf 78' lang='grc' dir='ltr'><em>παρα</em></span> <span class='ocrx_word' id='word_1_281' title='bbox 1953 2948 2060 3001; x_wconf 84' lang='grc' dir='ltr'><em>τοῖς</em></span> 
     </span>
     <span class='ocr_line' id='line_1_33' title="bbox 76 3025 2060 3096; baseline 0.002 -15"><span class='ocrx_word' id='word_1_282' title='bbox 76 3025 260 3087; x_wconf 67' lang='grc' dir='ltr'><em>ἄλλοις</em></span> <span class='ocrx_word' id='word_1_283' title='bbox 300 3027 476 3094; x_wconf 80' lang='grc' dir='ltr'><em>δωρεαὶ</em></span> <span class='ocrx_word' id='word_1_284' title='bbox 517 3029 729 3094; x_wconf 83' lang='grc' dir='ltr'><em>βέβαιοι</em></span> <span class='ocrx_word' id='word_1_285' title='bbox 780 3028 1082 3093; x_wconf 81' lang='grc' dir='ltr'><em>μένουσιν</em></span> <span class='ocrx_word' id='word_1_286' title='bbox 1122 3030 1295 3096; x_wconf 80' lang='grc' dir='ltr'><em>αὐτῷ,</em></span> <span class='ocrx_word' id='word_1_287' title='bbox 1338 3035 1430 3092; x_wconf 78' lang='grc' dir='ltr'><em>τῆς</em></span> <span class='ocrx_word' id='word_1_288' title='bbox 1477 3028 1530 3082; x_wconf 80' lang='grc' dir='ltr'><strong>δὲ</strong></span> <span class='ocrx_word' id='word_1_289' title='bbox 1565 3030 1687 3096; x_wconf 74' lang='grc' dir='ltr'><em>παρ’</em></span> <span class='ocrx_word' id='word_1_290' title='bbox 1726 3030 1863 3094; x_wconf 79' lang='grc' dir='ltr'><em>ὑμῶν</em></span> <span class='ocrx_word' id='word_1_291' title='bbox 1903 3028 2060 3094; x_wconf 75' lang='grc' dir='ltr'><em>μόνης</em></span> 
     </span>
     <span class='ocr_line' id='line_1_34' title="bbox 74 3115 2057 3191; baseline 0.001 -21"><span class='ocrx_word' id='word_1_292' title='bbox 74 3117 216 3170; x_wconf 82' lang='grc' dir='ltr'><em>τοῦτ’</em></span> <span class='ocrx_word' id='word_1_293' title='bbox 255 3116 846 3186; x_wconf 71' lang='grc' dir='ltr'><em>ἀφαιρεθήσεταις</em></span> <span class='ocrx_word' id='word_1_294' title='bbox 897 3124 951 3171; x_wconf 87' lang='lat' dir='ltr'><strong>et</strong></span> <span class='ocrx_word' id='word_1_295' title='bbox 1004 3115 1147 3188; x_wconf 87' lang='lat' dir='ltr'><strong>apud</strong></span> <span class='ocrx_word' id='word_1_296' title='bbox 1198 3115 1601 3187; x_wconf 62' lang='lat' dir='ltr'><strong>Xenophontem</strong></span> <span class='ocrx_word' id='word_1_297' title='bbox 1658 3117 1711 3171; x_wconf 91' lang='lat' dir='ltr'><strong>in</strong></span> <span class='ocrx_word' id='word_1_298' title='bbox 1768 3117 1957 3191; x_wconf 81' lang='lat' dir='ltr'><strong>Cyrop.</strong></span> <span class='ocrx_word' id='word_1_299' title='bbox 1995 3116 2057 3171; x_wconf 91' lang='lat' dir='ltr'><strong>V.</strong></span> 
     </span>
     <span class='ocr_line' id='line_1_35' title="bbox 77 3201 2060 3273; baseline 0.002 -17"><span class='ocrx_word' id='word_1_300' title='bbox 77 3218 155 3259; x_wconf 82' lang='grc' dir='ltr'><em>ιιι.</em></span> <span class='ocrx_word' id='word_1_301' title='bbox 194 3207 287 3259; x_wconf 70' lang='lat'><strong>⁴7.</strong></span> <span class='ocrx_word' id='word_1_302' title='bbox 326 3203 466 3259; x_wconf 73' lang='grc' dir='ltr'><em>πάνυ</em></span> <span class='ocrx_word' id='word_1_303' title='bbox 505 3205 611 3271; x_wconf 73' lang='grc' dir='ltr'><strong>γὰρ</strong></span> <span class='ocrx_word' id='word_1_304' title='bbox 650 3208 792 3273; x_wconf 76' lang='grc' dir='ltr'><em>αὐτῷ</em></span> <span class='ocrx_word' id='word_1_305' title='bbox 832 3205 990 3260; x_wconf 79' lang='grc' dir='ltr'><em>ἐδόκει</em></span> <span class='ocrx_word' id='word_1_306' title='bbox 1036 3206 1300 3270; x_wconf 77' lang='grc' dir='ltr'><em>θαυμαςὸν</em></span> <span class='ocrx_word' id='word_1_307' title='bbox 1340 3201 1469 3259; x_wconf 84' lang='grc' dir='ltr'><em>εἶναι</em></span> <span class='ocrx_word' id='word_1_308' title='bbox 1513 3205 1555 3259; x_wconf 79' lang='grc' dir='ltr'><strong>εἶ</strong></span> <span class='ocrx_word' id='word_1_309' title='bbox 1597 3206 1640 3260; x_wconf 82' lang='grc' dir='ltr'><strong>οἱ</strong></span> <span class='ocrx_word' id='word_1_310' title='bbox 1671 3206 1766 3271; x_wconf 81' lang='grc' dir='ltr'><em>μὲν</em></span> <span class='ocrx_word' id='word_1_311' title='bbox 1804 3205 2060 3270; x_wconf 72' lang='grc' dir='ltr'><em>βάναυσοι</em></span> 
     </span>
     <span class='ocr_line' id='line_1_36' title="bbox 79 3290 2061 3361; baseline 0.002 -18"><span class='ocrx_word' id='word_1_312' title='bbox 79 3290 270 3345; x_wconf 71' lang='grc' dir='ltr'><em>ἴσασι</em></span> <span class='ocrx_word' id='word_1_313' title='bbox 322 3299 414 3355; x_wconf 79' lang='grc' dir='ltr'><em>τῆς</em></span> <span class='ocrx_word' id='word_1_314' title='bbox 464 3295 649 3348; x_wconf 79' lang='grc' dir='ltr'><em>ἑαυτοῦ</em></span> <span class='ocrx_word' id='word_1_315' title='bbox 689 3294 879 3361; x_wconf 79' lang='grc' dir='ltr'><em>τέχνης</em></span> <span class='ocrx_word' id='word_1_316' title='bbox 918 3292 1102 3355; x_wconf 76' lang='grc' dir='ltr'><em>ἕκαςος</em></span> <span class='ocrx_word' id='word_1_317' title='bbox 1136 3300 1235 3348; x_wconf 83' lang='grc' dir='ltr'><strong>τῶν</strong></span> <span class='ocrx_word' id='word_1_318' title='bbox 1276 3293 1555 3360; x_wconf 75' lang='grc' dir='ltr'><em>ἐργαλείων</em></span> <span class='ocrx_word' id='word_1_319' title='bbox 1596 3293 1667 3347; x_wconf 71' lang='grc' dir='ltr'><em>τοὶ</em></span> <span class='ocrx_word' id='word_1_320' title='bbox 1716 3294 1947 3358; x_wconf 78' lang='grc' dir='ltr'><em>ὀνόματα</em></span> <span class='ocrx_word' id='word_1_321' title='bbox 1985 3320 2061 3333; x_wconf 93' lang='grc'>-</span> 
     </span>
     <span class='ocr_line' id='line_1_37' title="bbox 78 3378 2058 3449; baseline 0.001 -17"><span class='ocrx_word' id='word_1_322' title='bbox 78 3378 103 3432; x_wconf 78' lang='grc' dir='ltr'><em>ὃ</em></span> <span class='ocrx_word' id='word_1_323' title='bbox 137 3379 190 3434; x_wconf 64' lang='grc' dir='ltr'><strong>δὲ</strong></span> <span class='ocrx_word' id='word_1_324' title='bbox 241 3381 499 3447; x_wconf 72' lang='grc' dir='ltr'><em>σρατηγὸς</em></span> <span class='ocrx_word' id='word_1_325' title='bbox 538 3380 695 3443; x_wconf 80' lang='grc' dir='ltr'><em>οὕτως</em></span> <span class='ocrx_word' id='word_1_326' title='bbox 735 3384 918 3445; x_wconf 76' lang='grc' dir='ltr'><em>ἠλίθιος</em></span> <span class='ocrx_word' id='word_1_327' title='bbox 971 3381 1199 3438; x_wconf 81' lang='grc' dir='ltr'><em>ἔσοιτο</em></span> <span class='ocrx_word' id='word_1_328' title='bbox 1238 3380 1335 3439; x_wconf 73' lang='grc' dir='ltr'><strong>ὤςε</strong></span> <span class='ocrx_word' id='word_1_329' title='bbox 1387 3383 1476 3435; x_wconf 77' lang='grc' dir='ltr'><strong>οὐκ</strong></span> <span class='ocrx_word' id='word_1_330' title='bbox 1524 3380 1785 3435; x_wconf 77' lang='grc' dir='ltr'><em>εἴσοιτο</em></span> <span class='ocrx_word' id='word_1_331' title='bbox 1826 3382 1924 3434; x_wconf 79' lang='grc' dir='ltr'><strong>τῶν</strong></span> <span class='ocrx_word' id='word_1_332' title='bbox 1966 3381 2058 3449; x_wconf 80' lang='grc' dir='ltr'><strong>ὑφ’</strong></span> 
     </span>
     <span class='ocr_line' id='line_1_38' title="bbox 76 3467 2063 3542; baseline 0.002 -23"><span class='ocrx_word' id='word_1_333' title='bbox 76 3467 241 3534; x_wconf 78' lang='grc' dir='ltr'><em>ἑαυτῷ</em></span> <span class='ocrx_word' id='word_1_334' title='bbox 287 3469 551 3533; x_wconf 74' lang='grc' dir='ltr'><em>ἡγεμόνων</em></span> <span class='ocrx_word' id='word_1_335' title='bbox 586 3472 658 3525; x_wconf 76' lang='grc' dir='ltr'><strong>τα</strong></span> <span class='ocrx_word' id='word_1_336' title='bbox 698 3471 964 3536; x_wconf 80' lang='grc' dir='ltr'><em>ὀνόματα,</em></span> <span class='ocrx_word' id='word_1_337' title='bbox 1009 3488 1071 3525; x_wconf 83' lang='lat' dir='ltr'><strong>ex</strong></span> <span class='ocrx_word' id='word_1_338' title='bbox 1114 3487 1220 3542; x_wconf 85' lang='lat' dir='ltr'><strong>quo</strong></span> <span class='ocrx_word' id='word_1_339' title='bbox 1277 3470 1389 3524; x_wconf 85' lang='lat' dir='ltr'><strong>loco</strong></span> <span class='ocrx_word' id='word_1_340' title='bbox 1443 3469 1576 3522; x_wconf 82' lang='lat' dir='ltr'><strong>satis</strong></span> <span class='ocrx_word' id='word_1_341' title='bbox 1617 3468 1892 3539; x_wconf 82' lang='lat' dir='ltr'><strong>colligitur</strong></span> <span class='ocrx_word' id='word_1_342' title='bbox 1944 3469 2063 3524; x_wconf 78' lang='grc' dir='ltr'><em>θαυ·</em></span> 
     </span>
    </p>
   </div>
   <div class='ocr_carea' id='block_1_3' title="bbox 77 3555 2057 3687">
    <p class='ocr_par' dir='ltr' id='par_1_5' title="bbox 77 3555 2057 3687">
     <span class='ocr_line' id='line_1_39' title="bbox 77 3555 2057 3629; baseline 0.002 -21"><span class='ocrx_word' id='word_1_343' title='bbox 77 3556 245 3619; x_wconf 71' lang='grc' dir='ltr'><em>μαςὸν</em></span> <span class='ocrx_word' id='word_1_344' title='bbox 283 3557 326 3610; x_wconf 75' lang='grc' dir='ltr'><strong>εἰ</strong></span> <span class='ocrx_word' id='word_1_345' title='bbox 367 3556 701 3624; x_wconf 75' lang='grc' dir='ltr'><em>αἰσχύνονται</em></span> <span class='ocrx_word' id='word_1_346' title='bbox 744 3558 808 3613; x_wconf 86' lang='lat' dir='ltr'><strong>ab</strong></span> <span class='ocrx_word' id='word_1_347' title='bbox 854 3577 915 3615; x_wconf 86' lang='lat' dir='ltr'><strong>eo</strong></span> <span class='ocrx_word' id='word_1_348' title='bbox 953 3558 1057 3615; x_wconf 86' lang='lat' dir='ltr'><strong>dici</strong></span> <span class='ocrx_word' id='word_1_349' title='bbox 1102 3561 1192 3629; x_wconf 85' lang='lat' dir='ltr'><strong>qui</strong></span> <span class='ocrx_word' id='word_1_350' title='bbox 1237 3574 1348 3614; x_wconf 79' lang='lat' dir='ltr'><strong>reni</strong></span> <span class='ocrx_word' id='word_1_351' title='bbox 1396 3555 1692 3612; x_wconf 81' lang='lat' dir='ltr'><strong>mirabilem</strong></span> <span class='ocrx_word' id='word_1_352' title='bbox 1738 3555 1828 3612; x_wconf 86' lang='lat' dir='ltr'><strong>sed</strong></span> <span class='ocrx_word' id='word_1_353' title='bbox 1880 3563 2057 3613; x_wconf 85' lang='lat' dir='ltr'><strong>tamen</strong></span> 
     </span>
     <span class='ocr_line' id='line_1_40' title="bbox 795 3654 829 3687; baseline 0 0"><span class='ocrx_word' id='word_1_354' title='bbox 795 3654 829 3687; x_wconf 74' lang='lat'><em>0</em></span> 
     </span>
    </p>
   </div>
  </div>
 </body>
</html>
