2436 4068
1297 256 1400 306 156

367 404 502 459 hanc
544 402 739 457 hahent
780 400 1087 454 lectionem:

1111 484 1287 537 πολλοὶ
1325 483 1518 548 κάγάθ’
1559 486 1600 537 οἱ
1641 483 1733 537 θεοὶ

693 578 761 643 τῷ
798 573 1080 639 δημιουργῷ
1120 572 1277 632 δοῖεν,
1321 569 1372 631 ὃς
1413 571 1617 634 ἐποίησέ
1653 571 1742 633 σέ,

690 669 782 724 τῆς
819 659 1142 726 συμμετρίας
1180 659 1267 712 καὶ
1303 667 1395 722 τῆς
1432 659 1813 728 ἀσφαλείαις
1854 656 2048 713 οὕνεκα.

371 752 631 822 ἀφελείας
681 747 861 803 οὕνεκα
906 747 1200 817 repositum
1238 752 1318 800 est
1358 763 1422 800 ex
1469 746 1656 800 Athen.
1699 763 1748 816 p.
1788 749 1912 799 446.
1955 748 2041 810 C.,
2085 746 2171 799 ubi
2210 747 2345 800 Mar·

373 843 560 896 cianus
599 836 865 906 dependas
900 840 1106 895 servat,
1150 833 1467 904 apographis
1507 835 1561 886 in
1607 834 1912 903 ἀσφαλείας
1957 833 2346 887 aberrantibus,

370 929 519 983 Idem
549 926 742 979 vitium
772 922 1210 977 Hemsterhusius
1243 928 1295 974 et
1332 921 1744 976 Valckenaerius
1776 922 2025 976 eluerunt
2056 939 2119 976 ex
2156 921 2347 993 Satyro

374 1016 566 1072 Athen.
603 1032 650 1085 p.
678 1016 802 1067 554.
837 1012 898 1066 D.
933 1012 984 1064 ἐν
1019 1010 1237 1089 Σπάρτη
1273 1010 1323 1064 δὲ
1354 1009 1693 1082 (Alcibiades)
1722 1011 1988 1077 καρτερίαν
2017 1011 2103 1064 καὶ
2144 1009 2349 1077 ἀσφα-

374 1119 569 1159 λειαν
622 1100 927 1162 ἐπιτηδεύων
980 1099 1122 1152 ἐνίκα
1167 1099 1283 1157 τοὺς
1333 1096 1618 1160 Λάκωνας,
1666 1098 1961 1151 rectissime
2014 1099 2154 1152 enim
2209 1104 2349 1151 uler-

375 1209 480 1264 que
524 1191 610 1245 καὶ
665 1188 922 1256 ἀφέλειαν
977 1185 1280 1240 emendavit
1333 1192 1385 1238 et
1437 1200 1688 1255 persaepe
1743 1184 1868 1237 alibi
1917 1184 2098 1238 eadem
2158 1185 2349 1238 menda

375 1278 560 1335 eodem
613 1275 848 1331 remedio
902 1280 1087 1328 sanata
1140 1279 1236 1326 est.
1331 1273 1444 1339 Quo
1503 1273 1675 1341 magis
1725 1273 1894 1325 miror
1943 1280 2052 1326 tam
2108 1281 2346 1343 apertam

375 1366 762 1422 correctionem
807 1362 990 1432 sugere
1043 1361 1279 1431 potuisse
1331 1360 1578 1414 Editores
1619 1360 1671 1412 in
1723 1359 1973 1413 Isocratis
2021 1362 2349 1434 Panegyrico

377 1455 418 1530 ἕ
466 1460 552 1510 11.
593 1456 827 1507 τοσοῦτον
868 1450 1272 1516 διημαρτήκασιν
1313 1446 1407 1504 ὥςε
1455 1449 1572 1507 τοὺς
1624 1448 1742 1514 πρὸς
1797 1448 2083 1514 ὑπερβολὴν
2136 1469 2351 1511 πεπονη·

376 1544 555 1611 μένους
596 1541 716 1609 πρὸς
762 1539 878 1597 τοὺς
910 1538 1119 1601 ἀγῶνας
1159 1537 1276 1595 τοὺς
1315 1535 1424 1603 περὶ
1461 1540 1557 1589 τῶν
1593 1536 1724 1589 ἰδίων
1761 1536 2094 1601 συμβολαίων
2135 1541 2349 1591 σκοποῦ-

379 1654 489 1694 σιν,
531 1628 695 1697 ὥσπερ
731 1627 910 1693 ὁμοίως
946 1625 1050 1678 δέον
1085 1622 1407 1691 ἀμφοτέρους
1439 1623 1579 1690 ἔχειν
1619 1625 1744 1677 ἀλλ’
1772 1626 1825 1677 οὐ
1859 1624 1975 1683 τοὺς
2011 1623 2106 1688 μὲν
2143 1626 2350 1692 ἀσφα-

377 1721 532 1781 λῶς,
566 1717 682 1777 τοὺς
723 1716 774 1769 δὲ
810 1716 1172 1772 ἐπιδεικτικῶς.
1233 1709 1372 1776 Quid
1410 1712 1552 1764 enim
1590 1712 1792 1765 certius
1824 1718 1904 1765 est
1942 1728 2102 1781 quam
2138 1713 2350 1780 ἀφελῶς

380 1803 772 1864 emendandum
817 1818 955 1865 esse,
996 1798 1137 1870 quod
1173 1800 1227 1851 in
1274 1797 1642 1852 Valckenaerii
1690 1799 2022 1853 Adversariis
2074 1798 2219 1852 MSS.
2262 1816 2351 1853 an-

382 1901 628 1951 notatum
680 1890 903 1963 reperio.
983 1888 1044 1941 In
1076 1887 1168 1950 iis,
1225 1902 1361 1956 quae
1415 1888 1667 1940 continuo
1725 1894 2025 1958 sequuntur
2071 1886 2211 1957 apud
2249 1886 2352 1940 Iso·

381 1990 614 2041 cratem:
658 1982 685 2045 ἢ
727 1983 873 2047 σφάς
913 1978 1006 2042 μὲν
1043 1977 1304 2043 διορῶντας
1344 1975 1442 2035 τὰς
1487 1974 1858 2042 μετριότητας,
1907 1975 1991 2029 τὸν
2039 1976 2081 2030 δ’
2134 1977 2355 2043 ἀκριβῶς

383 2071 696 2138 ἐπιςάμενον
732 2067 907 2132 λέγειν
949 2065 1128 2123 ἀπλῶς
1169 2065 1258 2117 οὐκ
1305 2061 1368 2116 ἂν
1417 2062 1690 2129 δυνάμενον
1735 2066 1925 2126 εἰπεῖν,
1981 2081 2048 2118 ne
2100 2063 2228 2118 haec
2278 2065 2356 2117 in-

386 2162 529 2227 sulse
568 2166 621 2214 et
659 2154 938 2228 pueriliter
982 2152 1126 2206 dicta
1163 2158 1214 2205 et
1262 2151 1553 2222 composita
1598 2151 1906 2215 videantur,
1955 2168 2195 2223 expunge
2234 2150 2358 2204 ulti-

383 2265 535 2305 mum
573 2242 891 2299 vocabulum
923 2242 1109 2303 εἶπεῖν,
1149 2238 1290 2309 quod
1331 2255 1486 2292 nemo
1526 2246 1796 2303 nostrum,
1836 2238 2031 2293 nedum
2069 2239 2358 2302 IsocrateS,

382 2339 442 2393 in
482 2335 577 2390 tali
617 2349 676 2387 re
711 2345 966 2400 umquam
1006 2326 1313 2381 addidisset.

463 2424 628 2479 Nemo
669 2419 908 2482 dubitet,
950 2417 1078 2487 quin
1111 2414 1261 2471 foeda
1295 2414 1597 2486 corruptela
1632 2414 1782 2469 nobis
1818 2432 2036 2469 manum
2072 2413 2359 2469 abscondat

385 2509 706 2584 Antiphanis
746 2505 886 2577 apud
925 2504 1115 2558 Athen.
1157 2521 1206 2575 p.
1250 2507 1374 2557 338.
1416 2503 1474 2557 F.

688 2596 774 2650 τὸν
810 2593 1036 2660 κάραβον
1076 2593 1127 2646 δὲ
1167 2591 1308 2645 τόνδε
1348 2591 1467 2659 πρὸς
1502 2592 1599 2651 τοὶς
1638 2593 1878 2656 μαινίδας

691 2683 903 2742 ἀπόδος.
946 2680 1130 2748 παχύς
1163 2683 1260 2745 γε,
1304 2680 1358 2741 νη
1400 2680 1516 2734 Δί’.
1557 2677 1591 2734 ὦ
1628 2684 1758 2743 Ζεῦ,
1796 2680 1875 2740 τίς
1916 2700 2040 2734 ποτε

692 2770 726 2825 ὦ
764 2770 1132 2835 Καλλιμέδων,
1173 2790 1229 2822 σε
1264 2768 1498 2829 κατέδετ’
1538 2766 1654 2835 ἄρτι
1693 2773 1788 2822 τῶν
1831 2770 2024 2836 φίλων;

691 2859 849 2919 οὐδεὶς
890 2855 940 2918 ὃς
981 2858 1044 2912 ἂν
1078 2858 1151 2923 μη
1191 2858 1445 2924 κατατιθῇ
1481 2856 1579 2917 τοὶς
1620 2856 1916 2922 συμβολάς.

391 2953 512 3025 quis
552 2949 694 3004 enim
729 2946 868 3001 ferre
907 2952 1080 3017 potest
1119 2944 1233 3013 ἄρτι
1273 2944 1581 2998 κατέδεταιῖ
1645 2944 1897 3015 Suspicor
1937 2944 1989 2996 in
2027 2951 2358 2997 ΑΡΤΙΤΩΝ

392 3040 702 3095 delitescere
747 3042 1101 3091 ΑΡΙΣΤΩΝ;
1143 3034 1221 3093 τίς
1260 3033 1490 3086 ποτέ-
1524 3054 1581 3086 σε
1618 3033 1852 3086 κατέδετ’
1892 3033 2098 3098 ἀριςῶν,
2140 3048 2243 3101 quo
2283 3049 2360 3086 re-

391 3134 544 3199 cepto
598 3125 749 3193 φίλος
804 3121 1206 3176 rescribendum
1257 3121 1388 3183 erit,
1433 3137 1478 3172 a
1518 3119 1709 3173 scribis
1760 3121 1813 3172 in
1868 3121 2033 3188 φίλων
2090 3119 2363 3183 refictum,

390 3221 672 3288 postquam
713 3218 1042 3264 ΑΡΙΣΤΩΝ
1083 3210 1136 3262 in
1177 3207 1291 3276 ἄρτι
1331 3214 1427 3261 τῶν
1468 3207 1686 3261 abierat.

415 3299 419 3302 ’
471 3299 629 3374 Apud
665 3297 1021 3367 Antiphanem
1064 3296 1253 3350 Athen.
1292 3313 1341 3367 p.
1380 3299 1507 3350 597.
1548 3295 1607 3348 A.

619 3393 717 3442 τῶν
751 3390 886 3439 ταῶν
924 3385 1017 3450 μὲν
1057 3387 1120 3445 ὡς
1157 3382 1307 3445 οἵη-αξ
1339 3404 1417 3443 τις
1455 3383 1637 3449 ζεῦγος
1673 3383 1878 3446 ἤγαγεν
1918 3382 2064 3447 μόνον
2086 3424 2097 3445 ,

392 3484 538 3533 recte
588 3475 723 3529 vidit
771 3472 1107 3542 Hirschigius
1162 3470 1501 3525 scribendum
1555 3487 1669 3524 esse
1718 3471 1883 3535 ἤγαγ’
1924 3468 1973 3523 ἓν
2020 3471 2167 3534 μόνον
2208 3478 2266 3523 ut
2307 3471 2359 3524 in

391 3582 468 3618 vs,
508 3568 556 3618 5.
596 3563 683 3618 ε’ἀν
719 3581 796 3622 τις
835 3557 924 3612 ἕνα
964 3559 1109 3625 μόνον
1151 3560 1308 3625 ζητῶν
1349 3559 1443 3628 ἴδη.
1523 3559 1630 3613 Hoc
1673 3576 1878 3630 quoquc
1927 3559 2116 3612 vitium
2173 3566 2365 3619 natum

391 3660 469 3707 est
511 3669 572 3707 ex
614 3652 882 3723 scriptura
923 3655 1218 3703 HFAPEN..
