2436 4068
1331 221 1433 270 182

392 368 558 423 seram
611 366 878 439 exempla,
935 373 993 419 ut
1031 364 1256 419 aliorum
1307 362 1484 417 studia
1525 365 1822 418 incendam.
1903 367 1959 420 In
2004 368 2371 440 Aristophanis

390 456 555 510 Ranis
593 456 774 511 editur
813 471 887 508 vs.
935 456 1075 507 1066
1645 464 1653 472 ·

536 545 708 598 οὔκουν
749 543 907 596 ἐθέλει
949 562 1015 606 γε
1055 546 1377 607 τριηραρχεῖν
1418 546 1649 594 πλουτῶν
1689 542 1847 603 οὐδεὶς
1891 543 1974 597 δια
2013 549 2189 598 ταῦτα

537 632 685 686 άλλά
725 631 911 699 ῥακίοις
953 627 1334 696 περιιλλόμενος
1375 627 1526 682 κλάει
1567 629 1654 682 καὶ
1697 629 1826 698 φησὶ
1867 631 2124 686 πένεσθαι.

386 720 667 774 Ravennas
701 718 1111 786 περιειλλόμενος
1152 716 1368 786 vulgato
1401 733 1607 781 errore,
1646 717 1772 788 quia
1806 718 1861 770 in
1896 719 2025 773 ἴλλω
2067 727 2120 773 et
2159 737 2367 792 compo-

386 807 505 861 sitis
547 828 561 861 1
599 806 923 878 productum
961 813 1075 867 est,
1123 803 1260 858 unde
1301 804 1498 875 passim
1529 804 1656 859 ἵλλω
1696 805 1750 858 in
1781 805 1963 870 εἴλλω,
2002 807 2121 861 εἴλω
2158 816 2211 862 et
2248 810 2366 863 εἶλῶ

385 895 726 966 depravatur.
807 892 946 948 Vera
994 893 1156 947 huius
1204 892 1305 946 loci
1360 893 1630 964 scriptura
1682 893 1823 964 apud
1872 894 2122 950 Photium
2158 906 2369 952 servata

383 989 464 1037 est
496 999 544 1035 V.
579 980 1001 1048 Περιειλάμενοςε
1046 980 1524 1049 περιειλησάμενος,
1569 981 1674 1033 nisi
1706 981 1846 1052 quod
1881 981 1989 1036 illic
2025 1000 2235 1055 quoque
2274 1006 2364 1039 πε-

379 1070 669 1138 ριιλάμενος
706 1078 788 1124 est
822 1069 1192 1125 scribendum:
1235 1068 1394 1123 habet
1423 1069 1567 1122 enim
1602 1070 1932 1136 περιίλλομαι
1969 1073 2230 1126 aoristum
2270 1094 2366 1127 πε-

378 1158 653 1227 ριιλάμην,
696 1166 755 1212 ut
785 1160 985 1214 ὑπίλλω
1023 1157 1182 1212 habet
1218 1159 1387 1211 ὑπῖλα
1417 1157 1472 1209 in
1507 1155 1868 1227 pulcherrimo
1899 1157 2172 1230 Sophoclis
2204 1177 2366 1215 versu

383 1246 448 1301 de
490 1246 758 1318 Sphinge:

621 1349 624 1353 ’
761 1335 908 1401 οὐράν
950 1334 1166 1388 ὑπίλασ’
1210 1334 1305 1387 ὑπὸ
1345 1334 1647 1388 λεοντόπουν
1687 1334 1863 1399 βάσιν.

382 1423 508 1493 quia
540 1424 812 1494 sequiores
845 1439 1030 1476 omnes
1051 1421 1298 1476 dicebant
1320 1422 1476 1475 εἱλεῖν
1511 1439 1606 1493 pro
1639 1422 1802 1477 ἴλλειν
1841 1420 2001 1495 (quod
2039 1422 2179 1493 apud
2211 1423 2365 1478 Iones

383 1518 436 1565 et
475 1512 682 1565 Atticos
735 1518 943 1565 veteres
992 1509 1162 1563 solum
1205 1510 1260 1563 in
1300 1525 1403 1563 usu
1442 1509 1541 1582 est)
1587 1510 1667 1564 vel
1708 1511 1822 1582 ipsa
1864 1511 2235 1582 interpretatio
2273 1533 2362 1566 πε·

379 1598 762 1666 ριειλησάμενος
798 1598 1131 1652 demonstrat
1164 1597 1522 1665 περιιλάμενος
1559 1599 1842 1669 antiquum
1879 1604 1931 1652 et
1967 1598 2190 1669 probum
2229 1617 2360 1654 esse.

381 1687 656 1740 Aoristum
693 1705 789 1758 pro
830 1688 1097 1759 praesenti
1141 1693 1378 1756 tempore
1417 1687 1621 1756 requiri
1661 1685 1836 1757 palam
1877 1693 1972 1740 est.
2031 1687 2244 1759 Repone
2281 1705 2358 1742 vs,

383 1778 526 1829 1065
565 1791 660 1845 pro
693 1776 825 1843 ῥακί’
861 1777 1146 1842 ἀμπισχών
1182 1789 1434 1845 praesens
1474 1775 1735 1842 ἀμφι-έχων
1769 1781 1821 1828 et
1857 1774 2041 1829 eodem
2078 1776 2206 1829 vitio
2246 1792 2363 1830 sen·

379 1863 606 1917 tentiam
648 1861 917 1928 affeceriS,
963 1880 1068 1934 quo
1105 1879 1248 1916 nunc
1288 1863 1671 1928 περιιλλόμενος
1706 1862 1927 1916 laborat.

455 1950 697 2005 Alterum
739 1951 1041 2023 exemplum
1078 1957 1157 2005 est
1204 1950 1257 2002 in
1298 1950 1498 2004 Avibus
1535 1967 1610 2005 vs,
1652 1954 1756 2004 142

683 2042 772 2093 οὐκ
814 2038 1030 2102 ἔκυσας,
1075 2041 1129 2092 οὐ
1170 2049 1479 2106 προσεῖπας,
1519 2042 1574 2093 οὐ
1615 2038 1984 2106 προσηγάγου,

683 2129 771 2180 οὐκ
814 2128 1168 2194 ὧρχιπέδησας
1211 2127 1272 2179 ἰὸν
1314 2127 1423 2191 ἐμοὶ
1465 2130 1711 2195 πατρικὸς
1753 2129 1927 2196 φίλος.

379 2213 805 2269 emendationem
841 2215 942 2268 loci
986 2213 1286 2287 Hesychius
1324 2214 1436 2284 ipse
1472 2215 1622 2285 prius
1655 2214 1969 2268 emendatus
2009 2213 2173 2268 dabit.
2236 2214 2360 2269 Edi·

377 2309 496 2356 tur:
539 2302 978 2370 Ὀρχιπαιδίζεινε
1020 2305 1078 2357 τὸ
1131 2302 1604 2368 κακοσχολεύεσθαι
1657 2303 1802 2372 παρα
1854 2308 1960 2363 τοῖς
2009 2302 2177 2356 παισί.
2238 2304 2358 2356 Cor-

377 2392 494 2462 rige
536 2390 871 2458 ὄρχιπεδίζειν
913 2397 966 2444 et
1004 2390 1130 2444 hinc
1167 2389 1511 2460 Aristophani
1548 2407 1707 2444 suum
1749 2389 1910 2444 redde
1947 2390 2307 2458 ὠρχιπέδισας.

452 2478 640 2532 Finem
676 2477 900 2543 faciam,
942 2495 968 2532 a
1012 2495 1117 2549 quo
1159 2477 1285 2531 olim
1324 2477 1571 2542 initium,
1612 2479 1666 2531 in
1715 2477 1934 2532 Platone
1986 2478 2215 2532 Comic0.
2295 2479 2359 2533 In
2432 2467 2436 2472 ⁸

375 2565 554 2621 fabula
602 2565 841 2621 Adonide
893 2565 1129 2620 traditur
1184 2583 1314 2620 usus
1366 2564 1533 2620 fuisse
1585 2565 1771 2620 formis
1820 2566 2049 2627 Ἀδώνιος
2101 2566 2217 2621 ἀντὶ
2267 2571 2355 2621 τοῦ

372 2655 632 2716 Ἀδώνιδος
670 2662 722 2708 et
757 2655 1063 2709 accusativo
1101 2656 1185 2709 τὸν
1225 2654 1486 2715 Ἀδώνιον,
1532 2670 1668 2726 quae
1706 2661 1758 2708 et
1794 2653 1923 2708 salsa
1960 2661 2088 2708 sunt
2121 2662 2175 2709 et
2216 2656 2358 2709 inter

374 2759 431 2797 se
465 2749 723 2813 pugnant.
805 2742 906 2797 Sed
943 2750 1229 2814 corruptus
1270 2744 1423 2797 testis
1463 2749 1571 2807 est,
1612 2742 1904 2797 Grammat.
1941 2743 2103 2797 Bekk.
2142 2760 2191 2814 p.
2218 2745 2359 2806 546,

379 2837 403 2884 1
451 2830 541 2884 ubi
591 2829 903 2901 legendum:
946 2832 1215 2901 'ABcTavoq
1261 2830 1578 2898 Φερεκράτης
1631 2828 1772 2885 εἶπεν
1806 2831 1922 2885 άντὶ
1963 2836 2051 2886 τοῦ
2093 2832 2352 2892 Ἀδώνιδος

288 2966 293 2969 .
374 2919 522 2983 λέγει
564 2919 615 2971 δὲ
655 2919 740 2972 καὶ
784 2920 874 2981 τὴν
914 2921 1205 2982 αἱτιατικῗην
1243 2921 1329 2974 τὸν
1372 2921 1531 2998 'ABfi
1546 2940 1637 2974 να.
1717 2919 2040 2994 Hesychius:
2082 2923 2146 2974 'A
2164 2921 2353 3003 3211&

285 2997 290 3002 ⁵
374 3008 462 3061 τὸν
490 3007 736 3068 ”Λδωνιν,
781 3007 873 3060 ubi
915 3008 1034 3062 vide
1075 3006 1391 3061 Albertium.

453 3094 602 3148 Plato
641 3093 781 3164 apud
822 3095 1150 3168 Hesychium
1182 3113 1229 3149 v,
1253 3095 1581 3158 Ἀσποιλιέως
1605 3139 1615 3151 .
1641 3129 1699 3136 -
1731 3097 1865 3150 λίνον
1912 3097 1962 3150 δὲ
1999 3099 2027 3158 ἦ
2068 3094 2250 3163 ὄρμιά,
2289 3097 2352 3155 ὥς

379 3182 603 3238 Πλάτων
639 3184 690 3236 ἐν
723 3190 858 3244 Ταῖς
897 3185 997 3252 ἀφ’
1034 3186 1198 3250 ἱερῶνε

836 3270 984 3323 πόθεν
1027 3272 1178 3338 ὀρμια
1218 3272 1304 3325 καὶ
1346 3271 1619 3337 κάλαμος;

450 3357 672 3428 Requiri
724 3357 858 3411 λίνον
912 3374 1006 3427 pro
1058 3359 1209 3425 ορμιά
1259 3358 1509 3414 viderunt
1544 3376 1748 3415 omneS.
1831 3358 2111 3413 Senarium
2156 3361 2233 3414 sic
2273 3377 2351 3414 re-

376 3444 792 3517 dintegrandum
832 3444 1088 3499 arbitror:

754 3532 902 3587 πόθεν
942 3533 1075 3587 λίνον
1115 3555 1199 3598 μοι
1241 3535 1327 3588 καὶ
1367 3534 1607 3599 κάλαμος
1643 3536 1949 3599 γενήσεται;

452 3623 628 3678 Facile
681 3620 879 3693 expleri
937 3627 1106 3692 potest
1162 3623 1402 3676 senarius
1460 3621 1695 3677 eiusdem
1738 3623 1896 3695 >apud
1953 3621 2126 3680 Schol.
2186 3623 2343 3677 Arist.
