2436 4068
1307 217 1412 265 458

475 362 760 434 Perperam
803 359 1079 414 novissimi
1128 356 1373 411 Editores
1432 359 1485 410 iu
1527 357 1614 411 1V.
1657 375 1728 414 vi.
1774 365 1858 415 10.
1913 362 2261 417 eliminarunt
2305 366 2367 424 ὡς

403 452 457 504 in
498 450 673 504 verbis
714 447 844 508 ὅπως
889 446 992 520 (ὡς)
1035 444 1269 513 ἐλάχιςοο
1308 446 1403 510 μὲν
1454 447 1738 512 τροούμοιτοι
1786 448 2076 516 λάβωμεν,
2125 453 2189 511 ὡς
2246 450 2372 504 ε’λοέ-

402 559 536 606 χιςοο
591 536 642 592 δὲ
692 536 916 601 σώματα,
968 534 1150 600 ἀνδρῶν
1202 532 1595 599 ἀποβάλωμεν,
1635 535 1692 587 111
1733 536 1912 606 aprico
1952 544 2033 591 est
2074 555 2171 592 cur
2218 537 2374 609 plane

401 624 702 680 necessaria
744 622 929 676 vocula
976 639 1038 676 ex
1080 620 1231 674 libris
1289 620 1644 675 interciderit.
1724 623 1840 677 Alia
1896 625 2161 695 particula
2211 627 2373 696 periit

403 714 458 765 in
510 712 549 785 §
596 715 680 765 15.
741 711 935 776 μένοιεν
994 710 1098 777 γὰρ
1160 712 1318 763 αὐτοῦ
1370 712 1575 773 μᾶλλον
1626 709 1787 777 οὲθρόοι
1840 714 1882 765 οἱ
1942 713 2212 778 πολέμιοι,
2267 730 2371 767 11011

400 805 654 870 poterunt
709 799 850 852 enim
912 797 1044 851 11300
1089 796 1248 851 verba
1301 797 1527 867 intelligi
1577 796 1743 852 donec
1797 799 2125 870 suppleveris
2179 801 2374 866 μένοιεν

402 888 505 955 γὰρ
550 885 684 959 (ἄν);
725 886 1035 956 saepissime
1075 885 1179 952 γάρ
1221 901 1316 956 pro
1356 885 1461 952 γὰρ
1496 883 1559 938 ἄν
1600 884 1654 938 10
1698 885 1848 939 libris
1896 888 2168 952 occurrit,
2209 890 2371 942 etiam

400 976 454 1028 in
498 975 684 1046 poetiS.
767 973 823 1027 Si
871 974 991 1044 quis
1042 974 1096 1026 in
1138 972 1491 1044 Aristophane
1539 973 1981 1030 animadverterit
2038 992 2194 1048 saepe
2248 993 2372 1031 eum

400 1079 638 1117 errorem
680 1067 980 1115 correctum
1032 1077 1181 1124 esse,
1234 1060 1324 1114 ubi
1378 1067 1612 1114 metrum
1663 1063 1912 1116 omnibus
1969 1081 2183 1118 omnem
2224 1064 2376 1118 dubi-

398 1151 657 1205 tationem
699 1149 917 1213 eximit,
972 1150 1025 1202 in
1076 1149 1423 1220 Xenophonte
1475 1150 1638 1202 etiam
1676 1149 1829 1204 libris
1881 1151 2066 1205 invitis
2117 1151 2257 1222 quod
2297 1152 2372 1205 di-

401 1238 556 1293 cendi
605 1254 736 1292 usus
787 1235 1019 1308 postulat
1070 1238 1357 1291 restituere
1416 1236 1649 1290 audebit.
1739 1238 1990 1292 Recurrit
2046 1237 2185 1292 idem
2229 1256 2375 1294 men-

401 1327 531 1381 dum
572 1326 634 1380 V.
677 1344 731 1380 11.
786 1329 874 1379 51.
935 1325 1239 1380 οὶλίσκεσθοοι
1294 1325 1398 1391 γὰρ
1455 1323 1663 1393 ἔφασαν
1718 1327 1787 1394 τῷ
1844 1325 2037 1395 δρόμῳ,
2092 1326 2200 1380 11110
2249 1343 2374 1381 vero

398 1415 503 1483 γὰρ
544 1415 607 1469 ἂν
646 1413 872 1483 ἔφοισοιν.

492 1502 737 1557 Otiosum
804 1499 1232 1554 additamentum
1287 1506 1473 1553 onerat
1526 1499 1612 1553 IV.
1665 1517 1731 1553 vi.
1790 1503 1874 1554 18.
1938 1502 2147 1556 ἐπειδὰν
2206 1505 2374 1570 ὁρῶσιν

399 1594 540 1657 ἡμᾶς
595 1592 646 1643 ἐν
699 1591 768 1657 τῷ
811 1589 959 1656 ὁμοίῳ
1006 1587 1110 1660 [ἐπὶ
1170 1589 1268 1641 τῶν
1318 1586 1540 1660 ἄκρων],
1599 1586 1730 1642 illud
1783 1588 1960 1659 ipsum
2015 1591 2285 1661 significat
2325 1592 2375 1644 ἐν

396 1681 465 1747 τῷ
506 1679 688 1746 ὁμοίῳ,
729 1676 890 1747 idque
929 1683 1038 1730 tam
1077 1681 1319 1746 apertum
1362 1683 1441 1729 est
1483 1682 1542 1728 ut
1580 1675 1951 1746 interpretatio
1990 1679 2165 1732 omnis
2198 1680 2378 1750 inepta

400 1769 471 1821 sit
507 1773 559 1820 et
601 1764 747 1818 nullo
786 1764 942 1818 modo
983 1762 1216 1818 ferenda.

487 1852 793 1908 Dindorfius
847 1853 983 1906 male
1035 1853 1239 1923 recepit
1293 1851 1382 1905 IV.
1423 1868 1491 1904 vl.
1538 1854 1626 1904 22.
1687 1853 1984 1918 ἀπήρχοντο
2050 1870 2113 1907 ex
2162 1855 2379 1925 optimis

399 1943 552 1996 libris
589 1958 684 2012 pro
721 1940 949 2009 ᾤχοντο,
1005 1939 1096 1994 sed
1139 1955 1295 1993 nemo
1337 1955 1592 2010 umquam
1636 1937 1890 1992 Veterum
1930 1957 1989 1994 ea
2034 1939 2200 1994 forma
2247 1959 2378 1996 usus

397 2037 479 2086 est
512 2047 607 2101 pro
643 2032 822 2098 οέπῇοι,
853 2035 907 2083 01
951 2027 1314 2098 Xenophontis
1358 2035 1531 2081 aetate
1571 2026 1802 2094 ἠρχόμην
1845 2027 2025 2100 (ibam)
2067 2045 2190 2082 eum
2237 2046 2378 2084 eom-

398 2119 588 2190 positis
629 2117 878 2171 omnibus
913 2117 1198 2170 barbarum
1237 2122 1333 2168 est.
1414 2113 1667 2168 Eiusdem
1717 2112 1922 2168 farinae
1959 2123 2040 2169 est
2094 2118 2150 2169 in
2192 2118 2376 2172 eadem

400 2207 440 2280 S
484 2205 834 2273 ἐγρηγόρησοιν
874 2220 968 2275 pro
1012 2203 1384 2270 ἐγρηγόρεσαν,
1428 2202 1566 2272 quod
1606 2204 1873 2257 Porsonus
1913 2205 2169 2258 restituit.
2251 2205 2380 2261 Sero

400 2295 514 2349 nati
554 2292 800 2348 Graeculi
854 2299 906 2345 et
956 2291 1185 2358 ἠρχόμην
1224 2297 1276 2344 01
1324 2296 1554 2357 γρηγορῶ
1597 2289 1879 2356 dicebant,
1935 2292 2155 2346 Veteres
2194 2310 2378 2348 omnes

401 2398 611 2437 summa
653 2381 955 2435 constantia
994 2378 1061 2446 ᾖοι
1101 2384 1154 2432 01
1194 2379 1468 2444 ε’γρηγοροι.

478 2468 664 2524 Nescio
719 2466 979 2538 quomodo
1031 2467 1153 2536 quis
1195 2466 1362 2518 risum
1417 2473 1596 2519 tenere
1647 2466 1814 2536 possit
1854 2466 1908 2520 in
1949 2467 2038 2521 IV.
2080 2484 2147 2522 vi.
2191 2473 2279 2524 25.
2337 2474 2379 2525 οἱ

403 2559 498 2625 μὲν
539 2556 805 2613 vemas-oc}
859 2560 955 2609 τῶν
997 2556 1254 2617 Ἑλλήνων
1308 2552 1469 2620 δρόμῳ
1515 2552 1644 2606 ἔθεον
1678 2584 1788 2617 --,
1829 2555 2126 2624 Χειρίσοφος
2173 2558 2225 2611 δὲ
2264 2559 2378 2624 βοέ-

405 2650 515 2710 δην
566 2646 749 2713 τοιχὺ
791 2645 1034 2712 ἐφείπετο
1076 2644 1165 2697 σὺν
1206 2647 1310 2701 τοῖς
1352 2642 1610 2701 ὁπλίταις.
1693 2641 1845 2695 Haud
1887 2642 1993 2695 vidi
2034 2645 2222 2714 magis.
2278 2644 2380 2699 Ad-

403 2737 575 2791 versis
615 2735 756 2789 enim
792 2731 1057 2786 frontibus
1095 2730 1262 2796 βοὶδην
1303 2735 1355 2782 01
1394 2729 1540 2796 τοιχύ
1579 2730 1721 2782 inter
1761 2747 1816 2783 se
1857 2740 2202 2786 concurrunt.
2284 2733 2381 2787 Re-

404 2822 648 2896 ponenda
686 2827 766 2875 est
817 2820 1015 2874 locutio
1062 2819 1314 2872 militaris
1370 2818 1664 2886 Χειρίσοφος
1717 2818 1770 2871 δὲ
1816 2819 2060 2871 θᾶττον
2103 2820 2131 2881 ἢ
2177 2820 2380 2885 βοέδην
2421 2886 2423 2889 ⁴

407 2912 653 2981 ἐφείπετο
677 2952 689 2973 ,
731 2909 881 2962 citato
920 2906 1103 2979 yradu.
1183 2905 1317 2958 Nota
1352 2911 1433 2958 est
1473 2905 1660 2960 multis
1702 2906 1957 2976 exemplis
1996 2913 2142 2960 certa
2193 2909 2248 2961 in
2297 2908 2382 2961 his
2419 2967 2421 2970 .

400 2997 709 3071 -progressio
769 2996 972 3061 βάδην,
1029 2997 1212 3049 θᾶττον
1265 2996 1293 3058 ἢ
1346 2992 1551 3059 βοίδην,
1611 2993 1790 3062 δρόμῳ.
1888 2994 2176 3048 Menander
2239 2995 2380 3067 apud
2418 3018 2430 3034 ‘-

404 3084 638 3160 Etymol.
684 3085 749 3138 M.
795 3101 844 3136 v,
889 3084 1071 3144 Βοίδην.
2410 3074 2412 3076 ’

708 3173 764 3224 τὸ
806 3172 863 3232 δὴ
904 3169 1183 3235 λεγόμενον
1221 3173 1367 3222 τοῦτο
1410 3171 1634 3222 θᾶττον
1676 3170 1702 3231 ἢ
1738 3167 1913 3234 βοέδη
1932 3190 1972 3221 ν.

402 3270 455 3317 01
510 3261 723 3332 saepius
763 3257 860 3310 1100
916 3257 1181 3318 occurrit,
1241 3257 1508 3326 imprimis
1563 3258 1618 3309 in
1668 3254 1803 3310 hello
1844 3263 1897 3308 et
1953 3257 2152 3326 proelio
2201 3258 2266 3314 110
2314 3261 2379 3313 iis

400 3351 493 3421 qui
545 3347 768 3420 yradum
820 3345 1122 3398 accelerant.
1206 3343 1383 3409 Quum
1439 3361 1623 3397 omnes
1662 3354 1875 3397 summa
1930 3360 2026 3414 ope
2074 3346 2128 3398 10
2184 3348 2372 3418 iugum

398 3438 597 3490 montis
653 3434 986 3489 eniterentur
1020 3433 1062 3485 οἱ
1104 3432 1368 3486 wem-occec}
1425 3431 1564 3485 leves
1615 3438 1667 3485 et
1708 3431 1938 3501 expediti
1991 3433 2151 3501 δρόμῳ
2208 3435 2373 3500 ἔθεον,

397 3540 670 3579 armorum
710 3520 942 3593 pondere
979 3536 1166 3591 graves
1201 3518 1411 3571 όπλῖτοιι
1451 3536 1609 3590 quam
1649 3526 1871 3589 possunt
1908 3519 2185 3575 celerrime
2221 3524 2375 3576 citato

395 3613 563 3684 yradu
614 3617 930 3682 sequuntur.
1011 3606 1177 3661 Multa
1229 3607 1466 3679 exempla
1516 3606 1677 3661 huius
1724 3607 2008 3663 locutionis
2056 3609 2121 3662 311
2170 3610 2371 3667 Aeliani
