2436 4068
1054 252 1123 302 65

85 401 518 460 manvei-terant,
565 405 624 452 ut
664 397 807 470 apud
845 398 1056 451 Isaeum
1096 394 1184 449 VI.
1232 392 1271 468 S
1296 397 1383 448 54.
1425 396 1568 446 καλῶ
1610 392 1727 450 τοὺς
1770 389 2065 458 μάρτυρας,

86 490 396 562 Lycurgum
435 487 490 539 in
528 485 710 540 Leocr.
766 485 805 559 S
842 489 911 539 25
936 526 949 547 ‚
992 482 1398 538 Demosthenem
1443 498 1492 552 p.
1534 483 1672 542 555,
1716 482 1779 531 21
1831 484 1884 531 et
1924 481 2066 542 568,

90 579 153 629 21
201 582 254 628 et
288 573 432 627 alibi.
523 574 742 628 Καλέσω
784 572 923 626 male
967 570 1155 642 pedem
1207 569 1385 624 intulit
1436 570 1491 622 in
1537 565 1818 622 Aeschinis
1862 566 2067 620 Timar·

88 663 273 718 cheam
316 660 355 734 S
379 665 483 726 67,
521 661 611 716 ubi
634 661 818 715 statim
854 660 1091 729 genuina
1125 658 1295 711 forma
1327 663 1470 711 καλῶ
1503 657 1556 710 ἰη
1589 671 1645 710 re
1675 653 1858 708 eadem
1896 654 2069 725 posita

89 750 266 822 elapsa
304 756 411 810 est,
453 755 508 803 et
557 748 770 819 saepius
810 747 863 800 in
905 745 1215 817 compositis
1258 751 1542 816 peccatur:
1584 748 1870 807 συγκαλῶ,
1911 743 2070 806 ἐγκα-
2148 760 2149 763 ’

87 843 196 902 λῶ,
245 837 536 904 παρακαλῶ
577 834 804 890 subinde
837 841 1048 888 servata
1085 839 1241 896 sunt,
1282 833 1444 886 etiam
1486 830 1627 903 apud
1666 829 1932 885 OratoreS.
2011 829 2070 883 In

88 924 463 980 Demosthenis
494 924 735 977 oratione
768 922 880 989 περὶ
915 923 1106 989 εἰρήνης
1144 937 1262 992 pag.
1287 923 1384 982 59,
1421 923 1470 972 2.
1509 920 1661 974 δεινὸν
1696 918 1744 972 εἴ
1778 939 1855 980 τις
1886 919 2072 983 ἐγκα-

88 1020 192 1068 λεῖ
213 1019 319 1074 τοῖς
351 1013 537 1066 ἐκεῖθεν
567 1010 742 1065 ἐνθάδε
768 1011 867 1071 τοὶς
897 1010 1134 1076 εὐπορίας
1163 1007 1378 1073 ἄγουσιν
1407 1007 1606 1077 optime
1637 1006 1795 1060 latuit
1825 1005 2072 1060 futurum

90 1103 317 1168 ἐγκαλεῖ
341 1108 394 1155 et
419 1101 536 1153 sine
566 1098 707 1153 malo
728 1098 922 1162 evasit,
952 1098 1205 1169 quoniam
1235 1111 1488 1168 praesens
1506 1110 1622 1148 esse
1652 1093 1900 1148 Graeculi
1923 1100 2075 1165 puta-

88 1188 236 1245 bant.
291 1187 490 1242 Eadem
522 1185 693 1241 forma
722 1187 837 1241 sine
866 1185 983 1240 labe
1012 1185 1213 1257 legitur
1241 1185 1294 1237 in
1327 1183 1579 1237 Isocratis
1609 1182 1874 1252 Trapezit.
1911 1179 1950 1253 S
1984 1184 2074 1235 56.

91 1274 238 1339 ἦλθον
257 1277 662 1345 συκοφαντήσων
684 1273 772 1328 καὶ
794 1275 1033 1340 ἐγκαλῶν
1074 1279 1128 1327 et
1148 1271 1290 1344 apud
1311 1269 1643 1326 Dinarchum
1667 1286 1714 1323 c.
1730 1267 1931 1342 Dem.S
1957 1273 2078 1323 115.

91 1365 312 1432 τρέψετε
332 1364 418 1418 καὶ
438 1365 723 1429 ἐγκαλεῖτε
739 1405 753 1428 ,
778 1363 906 1418 etin
931 1360 1248 1417 Timarchea
1282 1359 1321 1434 S
1348 1364 1470 1414 107.
1500 1356 1563 1413 ὧν
1584 1357 1759 1413 οὐδένα
1781 1356 1954 1422 ἔγωγε
1977 1378 2079 1411 πα-

91 1458 302 1522 ρακαλῶ
322 1453 461 1519 δεῦρο
483 1459 536 1507 et
557 1450 709 1516 alibi,
740 1468 845 1523 quo
866 1451 1039 1522 magis
1060 1456 1188 1504 sunt
1209 1449 1325 1503 vitii
1347 1445 1632 1502 manifesta
1654 1445 1807 1500 haec:
1839 1465 2081 1512 παρακα-

97 1542 266 1596 λέσειν
294 1539 435 1612 apud
456 1539 732 1595 Demosth.
756 1556 806 1611 p.
830 1543 928 1604 95,
955 1541 1023 1593 16
1049 1538 1175 1612 (non
1196 1553 1378 1591 moror
1397 1534 1768 1607 Psephismata
1792 1551 1822 1588 a
1853 1534 2082 1589 Graecu-

94 1628 162 1683 lis
182 1629 361 1701 inepte
382 1627 614 1683 conflata
635 1627 727 1682 ubi
770 1645 820 1700 p.
845 1630 984 1692 282,
1030 1631 1096 1681 17
1121 1632 1173 1681 et
1197 1629 1330 1690 285,
1355 1628 1387 1678 2
1421 1623 1871 1692 παρακαλέσουσιν
1899 1638 2086 1678 occur-

97 1715 191 1789 rit)
233 1724 287 1771 et
325 1718 604 1782 ἐγκαλέσει
651 1715 926 1771 Demosth.
967 1732 1017 1787 p.
1043 1718 1188 1780 217,
1231 1717 1262 1768 4
1305 1720 1359 1769 et
1396 1715 1535 1777 582,
1579 1717 1637 1775 7;
1681 1718 1734 1766 et
1770 1711 2084 1776 ε’γκαλέσου-

98 1825 207 1869 σιν,
245 1804 371 1859 ibid.
409 1822 459 1876 p.
482 1807 622 1869 661,
655 1809 724 1867 9;
763 1811 817 1859 et
856 1804 1229 1858 ἐπικαλέσεται
1271 1801 1414 1874 apud
1454 1801 1763 1874 Lycurgum
1807 1801 1860 1853 in
1902 1800 2084 1854 Leocr.

96 1891 138 1967 S
164 1897 231 1947 17
273 1899 328 1947 et
372 1896 509 1954 143;
548 1899 600 1947 et
642 1892 1016 1947 ἐκκαλέσεσθαι
1063 1890 1204 1962 apud
1245 1889 1562 1945 Aeschinem
1605 1890 1658 1942 in
1703 1888 1839 1941 Tim.
1883 1886 1922 1961 S
1963 1891 2090 1943 174.

98 1978 288 2035 Eidem
322 1979 485 2035 redde
518 1980 571 2034 in
613 1979 987 2051 Ctesiphontea
1037 1978 1076 2052 S
1114 1982 1203 2033 64.
1245 1975 1379 2039 ὅπως
1414 1978 1489 2042 μὴ
1524 1981 1930 2044 περιμενεῖτε
1969 1977 2088 2038 τοὺς

100 2068 381 2135 πρέσβεις,
428 2066 511 2130 οὓς
564 2064 654 2130 ἦτε
703 2067 1106 2137 ἐκπεπομφότες
1162 2069 1707 2134 παρακαλοῦντας
1768 2064 1852 2118 ἐπὶ
1905 2064 2089 2119 Φίλιπ-

98 2176 230 2219 πον,
285 2172 381 2228 pro
417 2157 741 2222 περιμείνητε
779 2162 834 2210 et
872 2159 1323 2222 παρακαλοῦντες.
1400 2151 1587 2207 Fidem
1640 2150 1802 2205 faciat
1843 2151 1956 2223 ipse
1995 2151 2097 2213 Ae·,

101 2243 316 2300 schines
354 2242 420 2297 de
466 2243 525 2297 F.
563 2243 620 2297 L.
679 2243 719 2318 S
752 2247 841 2299 60.
883 2244 1127 2311 πρέσβεις
1168 2241 1439 2309 ἐξέπεμψε
1480 2244 1957 2307 παρακαλοῦντας,
2002 2240 2091 2294 uhi

100 2331 223 2387 vide
261 2330 391 2404 quid
426 2330 636 2386 scribae
678 2331 899 2386 turbent
939 2331 992 2384 in
1036 2330 1305 2402 plerisque
1354 2328 1544 2392 libris,
1584 2334 1637 2383 et
1677 2329 1754 2382 sic
1796 2328 2091 2400 Xenophon

104 2422 159 2475 in
213 2418 414 2474 Hellen.
454 2419 540 2473 vl.
584 2423 634 2473 5.
680 2422 729 2473 2.
785 2425 932 2474 recte
986 2418 1184 2473 dixisse
1246 2416 1518 2472 videbitur
1575 2417 1819 2485 πρέσβεις
1879 2415 2091 2485 ἔπεμψε

102 2513 543 2576 παρακαλοῦντας
586 2508 619 2561 i.
665 2524 712 2562 e.
751 2506 930 2569 οἵτινες
990 2511 1356 2575 παρακαλοῦσι
1412 2521 1518 2560 non
1566 2510 1903 2571 παρακαλῶν.
1992 2505 2096 2560 Ita·

103 2613 207 2670 que
247 2596 347 2652 hoc
386 2595 720 2651 tenebimus:
777 2594 967 2649 Graeci
1003 2602 1211 2650 veteres
1249 2595 1303 2648 in
1347 2593 1434 2648 his
1479 2610 1672 2661 omnes*
1716 2609 1931 2648 summa
1975 2611 2098 2649 con-

104 2685 301 2740 stantia
357 2684 649 2739 utebantur
694 2681 882 2738 formis
936 2684 1265 2748 contractiS,
1325 2688 1385 2737 ut
1425 2682 1658 2745 τελέσω,
1714 2682 1920 2736 καλέσω
1973 2683 2099 2739 sim.

105 2773 436 2830 coniunctivi
475 2775 620 2836 sint,
662 2777 723 2826 ut
760 2771 990 2838 κομίσω,
1031 2770 1216 2826 sutura
1255 2787 1372 2826 esse
1411 2787 1515 2824 non
1557 2772 1800 2842 possint,
1842 2768 2099 2841 quemad·-

20 2903 22 2909 .
105 2861 325 2917 modum
363 2876 533 2932 neque
559 2860 770 2926 κομΙσω.
851 2860 920 2914 At
949 2860 995 2914 si
1030 2858 1304 2932 praecedit
1336 2857 1568 2932 syllaba,
1609 2875 1746 2930 quae
1779 2864 1875 2912 aut
1905 2864 2100 2914 natura

105 2956 203 3005 aut
242 2950 504 3022 positione
543 2947 804 3020 producta
843 2954 951 3012 est,
990 2968 1022 3001 σ
1064 2964 1167 3001 non
1203 2946 1449 3012 eliditur,
1494 2953 1551 3001 ut
1593 2947 1647 3000 in
1679 2946 1876 3015 ἀρκέσω
1900 2988 1915 3011 ,
1955 2946 2100 3015 έξαρ·

107 3038 281 3102 ιιέσει,
320 3037 626 3103 αἰδέσομαι,
680 3037 950 3104 αἰνέσομαι
974 3078 987 3101 ,
1043 3036 1341 3104 ἀχθέσομαι
1364 3076 1379 3100 ,
1432 3033 1524 3090 sed
1578 3039 1865 3103 μαχοῦμαι
1925 3036 2100 3106 prima

105 3132 367 3197 correpta.
447 3125 602 3197 Apud
639 3126 912 3198 sequiores
962 3123 1165 3179 formae
1218 3130 1527 3179 contractae
1582 3124 1637 3177 in
1692 3122 2100 3178 desuetudinem

108 3213 380 3278 abierant,
413 3220 466 3267 et
502 3214 674 3285 siqua
704 3214 757 3268 in
790 3220 1032 3269 veterum
1066 3212 1284 3284 scriptis
1305 3211 1590 3284 apparebat
1627 3211 1883 3266 notabant
1916 3210 2100 3266 sedulo

106 3307 160 3356 et
200 3300 474 3373 vulgarem
516 3301 880 3374 apponebant,
940 3300 1080 3356 unde
1121 3306 1245 3354 nota
1294 3301 1425 3355 vitia
1466 3306 1519 3355 et
1569 3316 1778 3355 errores
1826 3301 1957 3354 nati.
2038 3299 2100 3352 In

108 3389 329 3461 antiqua
369 3389 546 3445 ionica
580 3390 817 3446 Dialecto
852 3389 1035 3446 sutura
1075 3395 1230 3444 erant
1281 3388 1486 3453 καλέω,
1526 3388 1718 3452 τελέω,
1756 3388 1979 3454 γαμέω,
2021 3406 2099 3441 κο·

16 3519 18 3521 ,
110 3477 237 3543 ρέω,
277 3478 515 3540 απολέω,
561 3479 715 3542 sim.‚
765 3496 901 3551 quae
942 3477 1082 3550 apud
1131 3477 1421 3532 Homerum
1474 3476 1589 3531 sine
1644 3474 1830 3529 fraude
1886 3474 1953 3529 ad
2002 3491 2098 3531 nos

113 3572 534 3635 permanerunt,
581 3574 640 3621 ut
678 3569 888 3631 Ἑλένην
930 3567 1168 3622 καλέουσ’
1210 3563 1281 3619 ἵεν
1324 3563 1472 3619 Iliad.
1512 3572 1567 3617 Γ.
1613 3567 1736 3619 585.
1781 3568 1833 3616 et
1874 3561 1990 3631 ὄφρ’
2031 3562 2096 3618 ἂν

109 3654 210 3718 ἐγὼ
265 3652 387 3705 ἔλθω
445 3654 692 3723 Σπάρτην
733 3690 805 3699 -
844 3656 1172 3722 Τηλέμαχον
1227 3653 1486 3707 καλέουσα
1531 3651 1717 3724 Odyss.
1763 3648 1820 3704 N.
1867 3653 1992 3707 412.
2047 3658 2099 3710 et
