2436 4068
1067 181 1172 230 525

101 332 451 402 πρεσβύτατοι
503 325 713 378 πάντων
778 322 1025 391 μακοὶρων
1084 325 1287 388 ἡμεῖς.
1348 324 1420 382 ὡς
1488 323 1530 376 δ’
1597 323 1792 387 ἐσμὲν
1849 327 2070 389 ’Ἑρωτος

99 427 307 480 πολλοῖς
345 418 512 479 δῆλον.
593 410 696 466 Sed
734 410 1034 466 cavendum
1073 416 1156 464 est
1204 409 1338 463 mihi
1385 425 1452 463 ne
1491 410 1693 464 sensim
1732 426 1760 463 a
1803 410 2074 481 proposito

97 505 410 580 imprudens
445 499 732 571 digrediar.
813 499 999 570 Itaque
1036 496 1169 551 duos
1225 497 1366 552 locos
1423 496 1796 569 Aristophanis
1848 495 2069 551 afferam

97 597 274 670 potius
314 591 405 647 ubi
445 588 640 644 Dorica
682 587 853 642 erasis
893 587 948 639 in
986 606 1063 638 -ω
1105 602 1171 639 ex
1208 604 1315 638 -οα
1342 626 1355 649 ,
1398 600 1559 655 quam
1599 584 1726 639 olim
1781 583 2068 639 Athenien-

97 683 246 738 sibus
286 679 470 734 invitis
528 673 919 736 obtrudebant‚
978 672 1169 726 Dorice
1224 672 1568 743 loquentibus
1623 673 1741 727 iure
1800 671 2068 728 reddenda

98 778 195 826 est.
275 767 424 824 Alter
463 764 662 834 legitur
702 763 759 816 in
798 761 1097 834 Lysistrata
1140 763 1260 814 174.

395 855 496 920 οὐχ
533 847 600 911 ἇς
638 851 802 910 πόδας
840 853 888 903 κ’
928 848 1114 916 ἔχωντι
1155 846 1244 901 ταὶ
1283 847 1503 914 τριήρεες

396 941 483 995 καὶ
525 939 795 1005 τάργύριον
832 937 1096 1002 τῶβυσσον
1138 933 1167 1002 ᾖ
1208 935 1352 1001 παρα
1390 939 1462 1004 τᾷ
1503 936 1629 1002 σιῷ,

94 1033 183 1088 ubi
225 1032 303 1086 sic
341 1036 422 1084 est
460 1025 882 1082 emendandum:

392 1116 479 1171 καὶ
519 1114 863 1182 τώργύριον
903 1112 1166 1178 τῶβυσσον
1206 1109 1235 1178 ᾖ
1276 1109 1397 1176 παρ
1436 1115 1507 1179 τᾷ
1548 1109 1655 1177 σιῷ.

93 1204 408 1261 vocabulum
463 1202 656 1258 scribis
710 1201 1014 1256 inauditum
1069 1205 1475 1253 ΤΩΒΤΣΣΟΝ
1535 1195 1802 1251 incolume
1859 1200 2073 1263 evasit,

94 1294 185 1350 sed
229 1293 574 1347 tritissimum
605 1291 876 1358 τάργύριον
918 1287 1136 1359 irrepsit
1170 1287 1224 1340 in
1261 1285 1493 1340 alienam
1522 1283 1844 1349 dialectum,
1886 1303 2070 1357 quem·

95 1381 380 1436 admodum
434 1386 486 1435 et
539 1380 685 1446 παρα
739 1395 835 1450 pro
886 1375 1058 1429 forma
1111 1375 1318 1428 Dorica.
1413 1371 1670 1427 Eiusdem
1722 1375 1935 1443 generis
1987 1382 2070 1429 est

93 1470 234 1543 apud
276 1467 604 1542 Hesychium
636 1465 957 1531 Τώνόλβιονε
997 1465 1055 1518 τὸ
1090 1462 1400 1527 κακόδαιμον
1437 1478 1465 1515 e
1505 1461 1695 1515 Dorico
1731 1468 1884 1533 poeta
1923 1480 2070 1517 sum·
2151 1532 2153 1534 v

92 1566 229 1614 tum.
289 1557 483 1612 Paucis
516 1562 640 1610 ante
676 1553 917 1608 versibus
951 1551 1214 1622 Bergkius
1245 1550 1381 1604 male
1416 1551 1619 1621 sprevit
1651 1559 1855 1604 certam
1890 1568 2068 1607 emen·

94 1646 362 1702 dationem
408 1661 440 1699 a
479 1644 667 1699 multis
707 1649 1010 1714 repertam:

393 1737 473 1787 πᾶ
512 1732 582 1787 κά
619 1753 697 1792 τις
737 1730 1040 1797 ἀμπείσειεν
1082 1725 1148 1781 αὖ
1188 1728 1262 1792 μὴ
1303 1728 1593 1791 πλαδδιῆν;

93 1838 191 1894 pro
230 1821 420 1875 vitiosa
471 1820 742 1891 scriptura
781 1817 1033 1872 Codicum
1088 1818 1168 1869 ποῖ
1226 1815 1318 1869 καί
1368 1837 1447 1877 τις
1500 1815 1564 1871 ἂν
1605 1815 1844 1870 πείσειεν.
1926 1814 2070 1871 Solet

92 1910 237 1965 enim
278 1909 531 1963 Doricum
582 1929 653 1962 κα
694 1908 749 1961 in
800 1907 892 1961 καί
939 1904 1219 1977 depravari
1258 1909 1312 1958 et
1362 1905 1661 1974 requiritur
1713 1904 2069 1975 compositum

91 1998 383 2053 ἀναπείθειν
440 1996 726 2068 impellere.
822 1994 970 2049 Alter
1025 1993 1173 2048 locus
1237 2007 1397 2062 quem
1458 1991 1697 2047 volebam
1755 1991 1955 2062 legitur
2014 1993 2069 2047 in

92 2087 228 2142 Pace
270 2103 344 2140 vs.
384 2090 526 2140 214:

847 2173 923 2226 κεί
963 2171 1058 2236 μὲν
1098 2170 1141 2224 οἱ
1180 2168 1465 2222 Λακωνικοὶ

391 2261 764 2329 ὑπερβάλοιντο
802 2259 1010 2326 μικρόν,
1050 2257 1233 2322 ἔλεγον
1273 2257 1337 2312 ἂν
1376 2257 1500 2311 ταδί
1514 2276 1527 2287 ·

390 2350 496 2404 Na)
538 2350 609 2404 τὼ
647 2349 766 2412 σιώ,
807 2352 891 2402 νῦν
927 2347 1198 2402 Ἀττικίων
1238 2346 1383 2400 δώσει
1420 2345 1597 2409 δίκην,

89 2439 182 2496 sed
221 2439 349 2511 quia
384 2439 613 2505 δωρίσδεν
652 2443 758 2498 τοῖς
801 2434 1101 2503 Δωριὲεσσιν
1142 2433 1280 2497 ἔξεςί
1316 2454 1375 2486 τε
1415 2433 1501 2487 καὶ
1560 2433 1665 2500 χρή
1719 2439 1771 2487 et
1825 2450 2066 2490 necessa-

90 2530 205 2584 rius
243 2533 324 2583 est
358 2526 623 2581 articulus
658 2523 1003 2580 scribendum
1044 2529 1126 2578 est
1166 2523 1219 2576 in
1255 2520 1400 2575 hunc
1439 2518 1696 2577 modum:

389 2614 496 2669 Ναὶ
535 2617 606 2669 τὼ
646 2614 734 2669 σιώ
757 2656 772 2676 ,
814 2617 899 2667 νῦν
939 2611 1222 2667 Ὠττικίων
1258 2610 1412 2664 δωσεῖ
1446 2607 1608 2663 δίκαν.

90 2703 286 2760 Eadem
327 2692 486 2775 opera
527 2701 689 2757 redde
741 2698 1044 2773 Thucydidi
1080 2699 1143 2752 V.
1186 2701 1274 2753 44.
1316 2695 1543 2766 ἀργυρέᾳ
1582 2695 1786 2767 εὐλάκᾳ
1823 2697 2064 2764 εὐλαξεῖν

90 2809 185 2865 pro
238 2790 509 2855 εὐλάξειν,
562 2797 615 2845 et
667 2790 767 2862 ipsi
804 2786 1140 2860 Xenophonti
1190 2786 1245 2839 in
1300 2783 1501 2839 Hellen.
1542 2783 1628 2838 IV.
1671 2801 1739 2838 ιν.
1786 2790 1872 2841 10.
1951 2789 2058 2843 Ναὶ

86 2882 157 2936 τὼ
207 2880 333 2944 σιώ,
384 2885 574 2947 ψευσεῖ
608 2880 703 2944 ὑμὲ
755 2877 826 2931 τὰ
867 2876 1040 2941 σίγμα
1093 2877 1303 2937 ταῦτα,
1364 2889 1459 2944 pro
1511 2873 1713 2941 ψεύσει.
1792 2874 1862 2929 Et
1915 2876 2062 2931 δίκαν

87 2966 303 3041 quidem
343 2984 440 3039 pro
484 2966 623 3029 δίκην
676 2964 817 3038 apud
858 2961 1268 3035 Aristophanem
1321 2961 1590 3015 revocavit
1629 2961 1927 3032 Bergkius‚
1969 2966 2063 3036 qui

89 3057 266 3112 nescio
329 3054 591 3127 quomodo
649 3055 703 3108 in
755 3070 864 3124 seq.
926 3052 1136 3107 senario
1195 3049 1423 3105 retinuit
1477 3047 1875 3104 barbarismum
1948 3058 2059 3106 tam

88 3141 335 3209 foedum,
391 3150 448 3198 ut
488 3159 554 3198 ne
592 3142 870 3212 ἐξῃρήσατο
911 3138 1127 3212 quidem
1172 3137 1333 3212 (quod
1387 3136 1649 3207 Bergkius
1698 3154 1909 3209 quoque
1950 3155 2060 3195 ser-

87 3232 233 3286 vavit
270 3232 324 3285 in
366 3230 687 3303 Thesmoph.
729 3249 804 3286 vs.
843 3227 992 3301 761.)
1046 3235 1098 3283 et
1142 3225 1316 3296 ἐντέξῃ
1359 3227 1412 3280 in
1455 3224 1750 3298 Lysistrata
1785 3230 1909 3281 553.
1951 3228 2062 3282 sint

89 3318 398 3390 spurciora,
440 3335 658 3391 nempe:

391 3408 432 3460 εἰ
471 3406 514 3460 δ’
555 3405 622 3463 αὖ
661 3428 710 3461 τι
752 3405 927 3474 προὶξ
941 3407 1115 3459 αιντ’
1155 3404 1352 3469 ἀγαθὸν
1392 3402 1730 3456 ἁττικωνικοί.

172 3493 268 3547 Est
300 3494 444 3548 enim
482 3495 801 3561 πράττεσθαι
832 3494 1031 3559 ἀγαθόν
1069 3514 1117 3547 τι
1156 3498 1209 3547 et
1249 3491 1567 3559 πράττεσθαι
1609 3486 1663 3544 εὖ
1697 3505 1790 3561 pro
1819 3487 1875 3545 εὖ
1905 3492 2066 3560 πράτ·

95 3603 200 3636 τειν
235 3597 336 3636 non
379 3581 558 3638 minus
598 3589 963 3654 portentosum
998 3598 1157 3654 quam
1196 3581 1484 3650 χαίρομαι,
1522 3575 1886 3644 ymmo-noem,
1929 3600 2072 3648 προς-
