2436 4068
1385 259 1486 308 156

440 402 683 470 τριβώνια
722 405 894 470 φορεῖν
930 400 1158 464 solebat,
1200 415 1370 471 neque
1403 400 1608 470 pallia:
1651 400 1828 470 itaque
1869 400 2077 456 Oratori
2121 403 2279 458 redde
2317 407 2420 472 τρί-

435 493 582 557 βωνα
616 495 779 558 φορεῖ.
871 488 950 542 Ad
993 487 1306 558 Eupolidem
1351 494 1622 541 revertens
1672 488 1822 541 dabis
1867 489 2125 544 Meiuekio
2164 493 2215 544 in
2263 494 2415 547 πέντε

434 585 664 644 ςατῆρας
698 573 815 643 εἶχε
846 593 950 628 non
988 575 1155 629 videri
1191 591 1380 628 sanum
1413 572 1558 642 εῖχε;
1602 577 1829 629 coniecit
1859 573 1980 640 ἦγε,
2021 579 2110 632 sed
2143 580 2415 650 aliquanto

437 664 762 735 probabilius
807 661 1020 716 videtur
1058 660 1198 716 εἷλκε
1239 662 1599 733 reponendum
1644 679 1786 726 esse,
1839 664 1978 733 quod
2012 665 2205 720 Atticis
2249 667 2418 721 multo

434 759 516 806 est
560 753 613 805 in
655 751 748 805 tali
790 767 848 804 re
896 750 1148 804 usitatius
1183 757 1235 804 et
1282 751 1500 822 propius
1541 749 1606 804 ad
1656 750 1914 804 librorum
1960 752 2282 822 scripturam
2331 771 2414 809 ac-

432 839 589 893 cedit.

508 928 569 981 In
610 924 885 997 Eupolidis
926 925 1096 986 Φίλοις
1139 924 1326 996 fragm.
1368 926 1432 979 ΙΙ.
1469 943 1533 980 ex
1569 926 1848 980 Ammonio
1888 926 1951 980 de
1986 927 2045 981 D.
2086 927 2146 983 V.
2176 947 2237 1000 p.
2281 934 2410 985 155:

734 1015 788 1067 οὐ
830 1013 967 1067 δεινοὶ
1003 1018 1178 1067 ταῦτα
1218 1016 1270 1068 δὲ
1309 1015 1552 1080 Ἀργείας
1591 1014 1761 1082 φέρειν
1808 1014 1816 1087 Ι
1864 1014 2093 1082 σχιςάς.
2178 1069 2186 1076 ,

435 1101 862 1173 compendiolum
922 1100 1225 1170 neglectum
1289 1101 1552 1172 absorpsit
1609 1102 1689 1175 (ut
1744 1104 2038 1156 sexcenties
2091 1103 2236 1176 alibi)
2304 1106 2410 1167 ἐςί,

433 1197 707 1261 praeterea
763 1193 934 1258 φορεῖν
993 1190 1332 1254 ὑποδήματα,
1393 1188 1585 1255 ἱμάτια
1639 1196 1692 1242 et
1745 1189 2005 1260 quidquid
2061 1190 2125 1244 ad
2174 1193 2410 1263 corporis

433 1277 640 1332 cultum
686 1283 739 1331 et
772 1283 1019 1330 ornatum
1064 1277 1320 1347 pertinet,
1361 1293 1464 1331 non
1497 1277 1695 1346 φέρειν,
1738 1277 2000 1331 dicebant.
2079 1279 2264 1350 Itaque
2299 1297 2411 1333 cor-

430 1364 739 1437 rigendum:

804 1455 858 1506 οὐ
899 1452 1038 1506 δεινοὶ
1073 1457 1248 1506 ταῦτα
1284 1452 1327 1506 δ’
1363 1453 1494 1517 ἕςίνς
1537 1454 1780 1519 Ἀργείας
1822 1458 1992 1521 φορεῖν

804 1539 1017 1608 σχιςοές.
1293 1528 1297 1533 “

426 1626 710 1698 exprobrat
763 1626 924 1681 alicui
978 1626 1157 1681 nescio
1214 1628 1335 1698 quis
1386 1626 1591 1682 cultum
1644 1628 1806 1682 nimis
1849 1628 2174 1701 elegantem:
2216 1646 2405 1702 nempe

426 1716 611 1784 σχιςαὶ
665 1716 946 1776 πολυτελὲς
1000 1715 1241 1782 ὑπόδημα
1282 1715 1368 1769 καὶ
1409 1716 1703 1782 θρυπτικόν.
1743 1716 1947 1777 ταύτας
1986 1717 2045 1771 δὲ,
2078 1717 2164 1772 καὶ
2215 1730 2403 1772 λεπτο-

425 1803 625 1870 σχιδεῖς
668 1802 943 1871 ὠνόμαζον,
983 1809 1120 1858 teste
1161 1803 1371 1858 Polluce
1411 1804 1524 1858 VII.
1559 1809 1660 1867 85,
1718 1821 1877 1876 quem
1917 1804 2088 1859 obiter
2126 1807 2334 1876 corrige
2376 1811 2405 1879 §

427 1894 516 1945 89.
567 1891 622 1944 in
675 1890 851 1946 verbis
901 1892 1006 1946 άπὸ
1052 1891 1104 1945 δὲ
1156 1897 1251 1946 τῶν
1304 1894 1643 1959 χρησαμένων
1688 1893 2059 1961 Ἰφικρατίδες,
2113 1893 2402 1958 Δεινιάδες,

425 1979 792 2045 Ἀλκιβιάδες,
836 1981 1194 2048 Σμινδυρίδια,
1234 1980 1526 2035 Μυννάκια.
1594 1981 1865 2043 Emenda,
1909 1980 2090 2046 sodeS‚
2128 1981 2401 2047 Ἀλκιβιά-

422 2067 582 2131 alass,
620 2068 1000 2136 Σμινδυρίδεια,
1039 2068 1358 2124 Μυννάκεια.

497 2155 752 2210 Eiusdem
799 2155 1007 2210 fabulae
1055 2156 1415 2227 fragmentum
1469 2155 1610 2228 apud
1662 2157 1849 2212 Athen.
1906 2173 1955 2227 p.
1999 2159 2122 2210 266.
2167 2157 2223 2211 F.
2279 2165 2395 2217 Χῖος

422 2243 674 2305 δεσπότην
718 2245 942 2307 ὠνήσατο
996 2261 1100 2297 non
1153 2250 1326 2314 potest
1375 2243 1458 2297 his
1513 2243 1686 2298 verbis
1727 2245 1791 2298 ab
1832 2247 1944 2315 ipso
1983 2244 2239 2315 Eupolide
2280 2263 2400 2299 con-

422 2338 635 2402 ceptum
723 2348 837 2385 esse
864 2373 878 2394 ,
957 2333 1083 2402 quia
1174 2349 1327 2386 nemo
1416 2338 1656 2386 veterum
1736 2334 1988 2397 ἐωνήσατο
2063 2331 2196 2386 dixit
2281 2349 2394 2386 um-

422 2435 614 2489 quam,
657 2419 824 2472 multo
860 2421 1040 2473 minus
1074 2421 1323 2484 ὠνήσατο,
1354 2419 1443 2473 sed
1483 2427 1791 2473 constanter
1820 2437 2031 2483 omneS,
2073 2419 2395 2491 ubicumque

422 2506 569 2561 verbi
623 2509 851 2561 ὠνεῖσθαι
899 2509 1096 2561 aoristo
1144 2515 1283 2562 esset
1323 2525 1485 2579 opuS,
1542 2508 1831 2562 utebantur
1887 2508 2055 2560 forma
2110 2508 2395 2574 ἐπριάμην,

401 2586 576 2662 πρίω,
618 2596 893 2662 πριαίμην,
935 2596 1190 2663 πρίωμαι,
1234 2595 1538 2662 πριάμενος,
1581 2597 1823 2663 πρίασθαι
1865 2595 2023 2669 (quod
2062 2595 2114 2648 in
2153 2597 2392 2663 πριάσθαι

417 2683 832 2754 corrumpebant
873 2683 1072 2737 indocti
1113 2683 1385 2745 Graeculi,
1424 2691 1484 2738 ut
1524 2701 1686 2756 supra
1720 2683 2090 2756 ostendimus).
2166 2685 2394 2738 Coniun-

420 2771 594 2825 ctivus
633 2775 688 2824 in
729 2774 801 2838 μὴ
845 2773 961 2842 πρίη
1000 2773 1140 2843 apud
1182 2772 1450 2843 Aristoph.
1496 2773 1548 2825 in
1589 2771 1829 2826 Nubibus
1863 2789 1938 2825 VS.
1982 2774 2118 2826 604:

645 2862 718 2925 μη
760 2861 901 2931 πρίη,
941 2868 1070 2922 παῖ,
1113 2861 1241 2930 δᾷδ’,
1281 2861 1453 2922 ἐπειδὴ
1492 2865 1604 2929 φῶς
1642 2861 1922 2922 σεληναίας
1960 2859 2143 2914 καλόν.

419 2953 793 3019 praeterquam
835 2950 887 3001 in
933 2949 1239 3003 Ravennate
1291 2955 1344 3002 et
1390 2948 1591 3002 Veneto
1638 2948 1898 3020 flagitiose
1947 2947 2267 3020 depravatus
2313 2955 2394 3003 est
2432 2967 2433 2971 ¹

420 3035 477 3088 in
532 3035 606 3100 μη
648 3036 786 3103 πριέ,
838 3039 911 3102 μη
953 3036 1120 3104 πρίου,
1171 3038 1244 3102 μη
1293 3037 1446 3102 πρίω,
1501 3039 1573 3102 μη
1615 3038 1741 3105 πρι”,
1794 3035 1828 3091 ὦ
1870 3042 1983 3091 παῖ.
2065 3036 2235 3089 Tanta
2273 3043 2388 3090 erat
2428 3027 2430 3032 ’

418 3122 836 3177 describentium
896 3125 1124 3179 inscitia.
1224 3124 1478 3178 Dicebant
1548 3126 1716 3196 igitur
1786 3127 2033 3190 ὠνοῦμαι,
2105 3125 2386 3190 ὠνήσομαι,

419 3209 672 3278 ἐπριάμην
706 3217 758 3264 et
797 3212 1047 3278 ἐώνημαι,
1089 3220 1142 3267 et
1182 3213 1390 3284 passivo
1436 3229 1596 3267 sensu
1646 3215 1891 3278 ἐώνημαι,
1934 3213 2169 3275 ἐωνήθην,
2212 3214 2386 3275 ὠνηθή-

419 3318 594 3363 σομαι.
654 3298 898 3353 Graeculi
938 3318 1031 3371 pro
1070 3302 1322 3369 ἐπριάμην
1358 3308 1647 3371 coeperunt
1682 3299 1980 3365 ἐωνησάμην
2019 3299 2224 3365 dicere,
2262 3316 2385 3353 ana-

416 3385 612 3456 logiam
653 3388 824 3458 magis
861 3405 1020 3458 quam
1056 3407 1212 3443 usum
1249 3390 1444 3453 secuti,
1483 3388 1672 3442 deinde
1705 3394 1756 3441 et
1797 3386 2092 3452 ὠνηο-άμην,
2133 3386 2384 3458 quemad-

418 3473 635 3528 modum
677 3475 729 3528 in
762 3476 1025 3531 similibus
1059 3479 1309 3548 antiquae
1348 3477 1664 3531 Graecitatis
1705 3474 2143 3528 consuetudinem
2178 3474 2391 3540 desere<

416 3561 545 3616 hant
590 3570 643 3617 et
694 3564 914 3629 ὠνούμην
963 3564 1206 3619 dicebant
1262 3583 1356 3636 pro
1399 3565 1675 3629 ε’ωνούμην,
1717 3569 1769 3616 et
1818 3561 2008 3630 οὔρουν,
2056 3563 2273 3630 ἐνούρουν
2325 3568 2377 3616 et

415 3651 712 3716 ἠντιβόλουν
758 3659 810 3707 et
852 3654 1123 3714 ἦντιδίκουν
1166 3660 1217 3708 et
1258 3654 1621 3724 ἠμφισβήτουν
1661 3659 1713 3705 et
1754 3651 2065 3719 ἧμφιγνόουν
2115 3658 2165 3705 et
2212 3651 2377 3718 διητά·
