2436 4068
1314 231 1418 278 524

604 372 904 394 ‚‚‚‚‚‚

375 464 502 516 ἀλλ’
539 462 640 516 οὐδ’
677 460 741 515 ἂν
781 460 943 529 ἔζην.
1024 460 1258 531 Antiqua
1301 467 1380 515 est
1419 461 1471 513 in
1518 476 1580 513 eo
1627 458 1740 513 loco
1797 462 2098 532 scripturae
2138 463 2359 518 diversi-

379 557 461 603 tas
500 567 666 621 quum
710 549 799 602 alii
839 550 1169 616 οέπεςερῆμην
1194 591 1208 612 ,
1266 548 1357 602 alii
1408 548 1722 614 οΞπ-εςερῆθην
1770 548 2041 619 legerent,
2084 551 2177 606 sed
2215 551 2362 605 nulla

382 639 485 692 nisi
522 636 660 708 apud
704 635 990 691 Graeculos
1030 644 1150 690 utra
1193 637 1262 690 sit
1315 637 1491 690 verior
1540 634 1699 688 lectio
1741 643 1947 706 poterat
1999 656 2112 693 esse
2153 647 2363 693 contro-

387 726 575 779 versia.
655 724 821 778 Iidem
877 741 939 778 ex
980 723 1162 778 eodem
1219 725 1485 796 opinionis
1542 739 1722 776 errore
1771 724 2048 780 barbaram
2101 725 2365 792 sormam,

383 813 703 879 barbaram,
745 813 963 883 inquam
994 855 1007 876 ,
1062 820 1114 867 et
1167 812 1383 868 Graecis
1423 811 1578 882 plane
1620 811 1948 881 incognitam
1995 813 2109 881 ἔζην
2148 815 2363 869 invexe-

384 908 512 955 runt
554 900 617 955 de
668 918 798 965 sue,
849 917 1019 971 quum
1075 901 1206 954 satis
1256 901 1326 954 sit
1370 899 1713 970 perspicuum
1770 907 2089 972 certumque
2132 902 2253 970 ἔζων
2300 903 2366 956 ab

387 988 610 1045 Oratore
650 1007 766 1044 esse
819 989 1099 1058 scriptum.
1183 989 1497 1059 Requiritur
1541 988 1682 1040 enim
1737 987 2148 1059 imperfectum,
2190 997 2243 1044 et
2277 1008 2367 1045 ao-

383 1079 543 1132 ristus
582 1077 695 1147 ἔζην
734 1077 856 1131 ficta
891 1083 971 1131 est
1009 1094 1038 1130 a
1081 1076 1418 1155 sequioribus
1453 1074 1626 1128 forma
1678 1075 1860 1128 eadem
1913 1075 2144 1131 stultitia
2193 1086 2245 1132 et
2291 1078 2364 1132 le-

387 1168 585 1230 vitate,
629 1182 734 1238 qua
774 1165 1106 1230 καθέςαμαι,
1161 1166 1508 1230 κατέαγμαι,
1564 1163 1908 1229 οἷπέσβεσμαι
1970 1164 2219 1220 dicebant
2273 1183 2368 1238 pro

386 1255 679 1318 καθέςηκα,
720 1254 996 1319 κατέαγα,
1036 1254 1325 1321 οΞπέο-βηκα
1363 1253 1608 1324 aliaque,
1651 1251 1741 1305 ubi
1782 1250 2024 1307 fallacem
2066 1254 2367 1325 analogiam

387 1349 575 1397 contra
618 1349 825 1398 certum
881 1359 1041 1396 usum
1095 1341 1305 1396 dicendi
1357 1340 1736 1412 sequebantur.
1817 1341 1897 1395 Ex
1944 1340 2130 1395 formis
2182 1344 2370 1420 genui-

389 1432 473 1485 nis
511 1429 668 1499 ζῆτε,
702 1431 885 1498 ἐζῆτε,
925 1430 1053 1499 ζῆς,
1097 1430 1193 1499 ζῆ,
1247 1437 1299 1485 et
1339 1429 1453 1497 ἔζης
1477 1471 1491 1491 ,
1554 1429 1638 1497 ἔζη
1690 1428 2021 1499 collegerunt
2061 1429 2371 1497 ἔζην-’ὓνειθ-

389 1537 510 1573 curn
554 1535 702 1582 esse,
749 1525 806 1571 ut
849 1518 1003 1584 ἔβην,
1044 1517 1186 1581 ἕςην,
1222 1518 1497 1583 ἀπέσβην,
1537 1517 1849 1579 κατέσκλην.
1931 1517 2118 1588 Itaque
2158 1525 2218 1572 ut
2260 1519 2373 1587 ἔζην

390 1625 485 1680 pro
518 1607 669 1673 ἐβίων
717 1606 794 1660 sic
829 1607 936 1675 ζῆθι
975 1605 1223 1660 dicebant
1260 1622 1355 1676 pro
1395 1604 1487 1672 ζῆ,
1526 1605 1671 1673 ζῆνοιι
1706 1621 1800 1675 pro
1834 1605 1922 1672 ζῆν
1964 1605 2030 1659 ad
2065 1607 2370 1679 exemplum

388 1697 689 1750 formarum
727 1696 839 1758 ςῆθι
881 1701 934 1750 et
972 1702 1121 1757 ςῆνοιι
1169 1692 1554 1763 similiumque.
1637 1692 1809 1747 Semel
1857 1700 1910 1747 et
1961 1694 2161 1749 iterum
2198 1704 2372 1751 osten-

392 1784 571 1838 dimus
620 1799 780 1853 quam
844 1782 1034 1837 stolide
1090 1781 1215 1850 ζῴην
1272 1788 1322 1835 et
1381 1780 1508 1849 ζῴης
1557 1786 1610 1835 et
1664 1780 1761 1849 ζῴη
1815 1780 2106 1852 depravare
2147 1783 2369 1840 soleant.

389 1872 503 1926 Non
546 1872 726 1924 minus
765 1870 1054 1924 ridiculum
1105 1877 1186 1924 est
1225 1869 1338 1937 ἔζην
1392 1868 1532 1940 apud
1582 1868 1991 1923 Demosthenem
2031 1887 2189 1941 quam
2235 1873 2372 1940 ζώοις

391 1967 444 2014 et
490 1960 599 2028 ζώοι
636 1958 777 2031 apud
814 1958 1129 2030 Euripidem
1163 1957 1418 2028 aliosque.
1501 1957 1784 2021 Graeculi,
1826 1959 1918 2029 qui
1965 1958 2074 2026 ζῆθι
2133 1959 2373 2016 solebant

385 2048 566 2102 dicere
590 2090 602 2111 ‚
647 2047 824 2120 (cuius
859 2047 935 2101 rei
974 2063 1075 2100 non
1121 2053 1202 2101 est
1237 2047 1414 2117 aptius
1449 2044 1749 2115 exemplum
1794 2062 1954 2116 quam
1999 2047 2050 2099 in
2091 2047 2371 2119 Epigram-

388 2143 534 2190 mate
571 2136 717 2190 XVII
775 2136 830 2188 in
888 2135 1208 2198 Lucianeis,
1268 2134 1356 2187 uhi
1408 2141 1678 2205 poetaster
1719 2134 1772 2186 in
1830 2150 2179 2191 numerorum
2233 2139 2374 2193 notis

385 2224 578 2280 ludens
616 2226 690 2277 ita
731 2223 891 2278 dicit:

618 2310 676 2376 ἕξ
715 2309 832 2379 ὧραι
873 2310 1087 2378 μόχθοις
1129 2312 1446 2365 fumea-mm
1470 2352 1483 2372 ,
1524 2312 1580 2364 αἱ
1622 2310 1672 2363 δὲ
1711 2314 1831 2375 μετ’
1871 2309 2041 2371 αὐτὰς

691 2399 976 2468 γράμμασι
1017 2398 1510 2465 δεικνύμεναιζῆθι
1552 2398 1761 2462 λέγουσι
1800 2399 2036 2464 βροτοῖς,

386 2490 441 2543 id
484 2494 567 2543 est
607 2494 724 2559 post
766 2504 859 2542 sex
920 2488 1121 2559 primas
1172 2503 1522 2541 numerorum
1586 2492 1738 2539 notas
1785 2485 1820 2538 02
1857 2518 1932 2527 --
1967 2491 2015 2543 ς’
2069 2495 2372 2558 sequuntur

384 2579 487 2633 hae
541 2586 614 2642 Z,
655 2584 732 2638 H,
778 2585 860 2640 Θ,
900 2585 959 2640 Ι,
1014 2575 1067 2629 id
1109 2584 1188 2630 est
1248 2575 1354 2643 ζῆθι
1414 2592 1463 2646 q.
1505 2573 1554 2626 (l.
1611 2575 1920 2642 εὐφραίνου,
1974 2577 2229 2646 quoniam
2283 2577 2371 2644 ζῆν

384 2684 481 2739 pro
521 2664 672 2730 ἡδέως
714 2664 804 2732 ζῆν
853 2663 1175 2718 dictitabant
1234 2665 1362 2725 isti.
1425 2662 1620 2733 quibus
1671 2663 1782 2716 vita
1839 2664 1954 2717 sine
2010 2664 2373 2736 voluptatibus
2414 2704 2416 2706 -

387 2771 492 2808 non
534 2770 650 2808 esse
703 2754 812 2806 vita
857 2751 1157 2825 videbatur)
1213 2751 1460 2807 Graeculi
1502 2751 1670 2819 igitur
1723 2750 1981 2804 notabant
2029 2751 2169 2806 locos
2219 2753 2371 2809 Vete-
2422 2795 2423 2798 ,

387 2859 546 2905 rum,
599 2840 694 2894 uhi
745 2841 1096 2911 imperativus
1152 2841 1212 2908 ζῆ
1265 2839 1578 2910 legebatur:
1634 2838 1754 2892 vide
1806 2838 2039 2911 Etymol.
2101 2841 2275 2912 Magn.
2321 2860 2368 2895 v.
2413 2836 2422 2915 J]

387 2931 506 2990 Ζῆθι
548 2946 598 3000 p.
638 2932 774 2992 410,
818 2933 887 2982 45
929 2935 982 2982 et
1023 2928 1219 2982 Anecd.
1262 2929 1425 2983 Bekk.
1470 2927 1644 2998 p.'97‚
1686 2930 1776 2981 29.
1856 2927 1915 2980 In
1954 2927 2228 3000 Sophoclis
2268 2931 2372 2984 An·
2414 2986 2418 2988 ,

387 3018 568 3088 tigone
609 3034 685 3070 vs.
731 3019 893 3070 1169.

612 3105 824 3159 πλούτει
864 3125 923 3157 τε
961 3103 1065 3170 γὰρ
1107 3106 1226 3157 κατ’
1266 3100 1425 3166 οἷκον,
1465 3104 1508 3157 εἷ
1548 3103 1755 3168 βούλει,
1797 3103 1944 3169 μέγα

609 3193 695 3246 καὶ
738 3192 810 3259 ζῆ
845 3191 1081 3257 τύραννον
1121 3197 1291 3258 σχῆμ’
1332 3191 1497 3257 ἔχων.

378 3280 583 3335 videbis
626 3280 977 3335 Scholiastam
1018 3285 1302 3332 annotare:
1343 3279 1377 3345 ζ
1387 3279 1459 3351 ῆ]ν
1494 3280 1609 3332 οΞντὶ
1652 3283 1740 3332 τοῦ
1790 3279 1957 3346 ζῆθι,
1997 3287 2364 3346 προςακτικῶς.
2400 3307 2402 3310 ·

377 3371 555 3425 Etiam
594 3369 648 3422 in
690 3366 1002 3438 Euripidem
1046 3366 1429 3419 homunciones
1470 3367 1714 3419 vitiosam
1752 3365 1980 3420 sormam
2018 3367 2131 3434 ἔζην
2167 3375 2364 3424 temere
2434 3370 2436 3409 ἕ

378 3458 721 3511 invexerunt:
766 3472 955 3526 nempe
996 3454 1047 3507 in
1098 3452 1417 3507 Alcestidem
1462 3470 1534 3507 vs.
1573 3456 1679 3507 295
1715 3460 1767 3507 et
1801 3456 1940 3508 651:
1985 3455 2074 3509 illo
2109 3457 2222 3511 loco
2258 3457 2363 3529 ple·
2432 3487 2433 3498 π

378 3546 532 3617 rique
572 3544 694 3598 libri
736 3543 1014 3598 exhibent:

682 3633 827 3696 κάγώ
870 3635 917 3684 τ’
966 3630 1027 3684 ἂν
1071 3630 1183 3697 {⁴va
1223 3629 1308 3683 καὶ
1353 3629 1414 3682 σὺ
1457 3630 1542 3683 τὸν
1583 3630 1756 3682 λοιπὸν
1794 3629 1995 3696 χρόνον,
