2436 4068
1328 206 1435 259 '594

387 358 507 412 alia.
586 356 645 409 In
688 352 916 408 caeteris
974 358 1307 421 compertum
1352 359 1431 405 est
1474 353 1679 406 Atticos
1717 372 1752 405 α
1795 350 2054 424 producto
2101 369 2222 406 usos
2258 370 2373 406 csse

384 447 437 498 in
491 445 754 510 κερδὰναι,
811 441 1077 501 κοιλοῖναι,
1130 441 1364 492 πεπᾶναι
1420 446 1473 492 et
1538 442 1807 494 λευκᾶναι.
1901 442 2157 506 Ὀργοῖναι
2215 439 2372 493 habet

386 531 548 586 semel
586 526 901 600 Sophocles,
955 528 1201 593 Ξσχνὰναι
1242 526 1407 580 semel
1454 526 1853 598 Aristophanes.
1935 527 2218 581 Praeterea
2252 527 2371 594 αἴρω

384 618 579 673 habere
613 612 732 682 ἁραι
775 621 825 668 et
863 611 1096 679 ἅλλομαι
1135 611 1366 667 ἁλασθαι
1404 615 1574 668 nescit
1613 632 1795 679 nemo,
1838 615 1943 669 nisi
1985 615 2124 685 quod
2167 614 2374 668 scribae

384 705 555 760 solent
588 702 827 772 antiquis
865 699 1053 754 formis
1095 698 1324 754 ἅλασθαι
1369 709 1420 755 6ῑ
1470 701 1734 768 ἁλὰμενος
1791 702 1855 757 de
1905 719 2001 756 suo
2047 702 2375 756 substituere

380 793 601 846 vitiosas
639 789 854 845 ἁλέσθαι
897 794 949 842 et
989 787 1260 853 ἁλόμενος.
1342 788 1399 841 In
1445 789 1666 859 reliquis
1707 789 1955 843 omnibus
2010 797 2216 844 veteres
2261 807 2371 843 om·
2431 803 2436 846 ἴ

384 897 477 935 nes
517 901 545 941 ή
588 894 785 949 ponere
822 875 1022 938 solent,
1066 883 1126 929 ut
1170 876 1219 928 in
1272 877 1540 941 ε’σήμήνα,
1593 877 1868 944 ἐθέρμήνα,
1920 877 2201 944 ἐρρύπήνα,
2253 878 2372 931 ἐκὰ-
2432 902 2436 923 :

382 971 506 1035 θήρα
528 971 686 1028 cett.‚
726 964 782 1016 in
816 962 1012 1033 quibus
1035 962 1280 1018 Graeculi
1328 962 1516 1015 vitiose
1554 984 1589 1016 α
1625 963 1869 1018 solebant
1903 981 2100 1035 ponere
2133 966 2372 1030 ἐσήμανα
2428 966 2436 1006 ³-

383 1055 624 1108 dicentcs
674 1059 725 1106 et
778 1053 1059 1117 θερμὰναι,
1115 1053 1365 1119 §vn-avus,
1420 1051 1656 1116 καθᾶραι.
1739 1052 1874 1106 Hinc
1930 1051 2133 1105 sactum
2184 1061 2262 1107 cst
2314 1061 2372 1107 ut

381 1142 578 1215 passim
623 1140 824 1210 scripta
860 1145 1106 1192 veterum
1143 1137 1227 1190 his
1266 1136 1474 1190 mendis
1513 1136 1894 1204 inficerentur,
1937 1139 2076 1210 quod
2113 1139 2203 1193 ubi
2240 1141 2372 1194 satis

381 1230 485 1284 erit
518 1233 853 1298 compertum
889 1224 1150 1296 quidquid
1185 1224 1382 1295 ubique
1418 1223 1715 1279 formarum
1754 1226 2062 1280 istiusmodi
2096 1228 2236 1299 apud
2273 1228 2369 1283 Ve-

379 1324 525 1372 teres
566 1313 988 1386 deprehenditur
1029 1314 1134 1367 erit
1177 1311 1327 1365 nobis
1369 1311 1435 1364 ad
1476 1312 1753 1382 antiquam
1791 1313 2045 1384 loquendi
2089 1323 2373 1370 consuetu-

382 1405 562 1459 dinem
600 1400 979 1456 revocandum.
1044 1399 1381 1468 Ubicumque
1418 1401 1637 1467 καθὰραι
1674 1400 1873 1471 legitur
1909 1407 2004 1455 aut
2041 1405 2237 1472 ὑφὰναι
2279 1410 2373 1457 aut

380 1491 580 1548 similia
609 1490 803 1543 vitium
838 1494 1084 1541 tenemus
1122 1485 1467 1541 manifestum
1501 1495 1648 1542 certa
1684 1490 2015 1544 correctione
2049 1490 2368 1544 sanandum.
2427 1505 2436 1575 j

378 1579 598 1635 Videbis
641 1584 700 1631 ut
740 1591 983 1647 quaeque
1025 1573 1196 1628 forma
1238 1574 1428 1629 vitiosa
1469 1574 1611 1646 apud
1651 1576 1926 1647 sequiores
1964 1585 2104 1632 esset
2148 1578 2368 1632 tritissi-
2424 1582 2436 1628 s-

377 1684 497 1733 ma,
538 1668 614 1720 ita
653 1681 771 1720 eam
807 1665 861 1716 in
897 1662 1050 1716 libris
1083 1662 1394 1732 saepissime
1427 1663 1683 1734 antiquae
1715 1661 1918 1718 formae
1950 1665 2224 1720 substitui.
2281 1664 2369 1719 Sic
2423 1639 2436 1703 ἕ

378 1756 618 1821 ἐσήμανα
673 1769 769 1823 pro
814 1752 1048 1817 ἐσήμηνα
1103 1752 1302 1822 passim
1358 1751 1605 1822 irrepsit,
1648 1750 1739 1805 sed
1794 1751 1965 1806 solent
2004 1754 2059 1806 in
2102 1769 2164 1807 ea
2204 1770 2263 1807 re
2301 1752 2367 1806 li·-
2421 1701 2436 1819 i

373 1842 543 1897 brarii
578 1839 644 1894 ab
678 1839 989 1894 Editoribus
1025 1839 1297 1909 castigari.
1366 1839 1425 1892 In
1461 1838 1718 1907 ε’κὰθαρα,
1759 1840 2012 1907 καθᾶραι,
2054 1841 2281 1908 καθὰρας
2315 1850 2367 1896 et
2420 1825 2436 1926 Ξ

373 1932 493 1985 sim.
551 1945 707 1999 saepe
761 1925 909 1981 fraus
974 1927 1261 1981 commissa
1318 1928 1538 1999 impune
1589 1934 1669 1982 est
1725 1935 1779 1981 et
1834 1928 2056 1982 vitiosae
2113 1927 2368 1982 lectiones
2419 1926 2436 2046 ἰ

2415 2046 2436 2086 :29

2427 1218 2436 1296 ‘nm
2427 1098 2436 1207 ..ἡκ-..-
2427 1014 2436 1069 Λι-
2430 946 2436 964 q

367 2025 582 2090 propter
635 2015 877 2070 Codicum
925 2015 1087 2086 sidem
1141 2013 1345 2069 scilicet
1405 2016 1710 2069 retinentur
1759 2022 1813 2070 et
1854 2013 2094 2070 haerent.
2175 2015 2368 2070 Multos

372 2104 670 2160 multorum
721 2102 863 2156 locos
914 2100 1004 2156 ubi
1052 2103 1272 2169 καθᾶραι
1331 2102 1542 2172 legatur
1579 2102 1794 2173 collegit
1834 2102 2092 2168 Lobeck.,
2134 2120 2364 2174 quorum
2416 2088 2426 2103 ⁴

373 2191 621 2264 equidem
664 2190 955 2245 Diodorum
1001 2189 1243 2244 Siculum
1286 2197 1338 2245 et
1380 2191 1699 2263 Dionysium
1736 2190 1904 2244 Halic.
1945 2190 2186 2262 aliosque
2227 2193 2366 2246 eius·

372 2280 494 2336 dem
518 2279 721 2334 farinae
759 2279 1080 2350 scriptoreS,
1116 2294 1346 2348 quorum
1389 2277 1559 2331 oratio
1600 2277 1788 2332 multis
1822 2279 2130 2333 nominibus
2173 2280 2363 2334 vitiosa
2411 2319 2414 2356 5

371 2376 482 2434 est,
522 2366 655 2421 nihil
691 2382 822 2420 curo
857 2382 956 2420 nec
988 2382 1186 2419 moror.
1232 2364 1432 2419 Eorum
1472 2372 1683 2430 autem,
1719 2367 1812 2437 qui
1835 2374 1960 2421 ante
1995 2375 2236 2438 tempora
2259 2368 2362 2422 Ma-

371 2456 626 2512 cedonica
682 2454 793 2507 nati
836 2460 991 2517 sunt,
1050 2453 1318 2506 neminem
1357 2453 1478 2507 istis
1522 2451 1711 2507 formis
1746 2471 1902 2508 usum
1947 2471 2066 2509 esse
2104 2472 2363 2527 umquam
2434 2504 2436 2507 .

370 2545 502 2599 satis
535 2541 678 2614 apud
714 2558 798 2594 me
831 2547 1066 2595 constat:
1111 2541 1292 2610 itaque
1333 2541 1507 2594 sicubi
1544 2541 1684 2612 apud
1722 2542 1840 2597 illos
1877 2544 1981 2597 ista
2017 2549 2362 2615 compareant
2418 2611 2422 2614 .

369 2631 564 2687 scribis
606 2627 922 2701 imputanda
963 2645 1075 2682 esse
1124 2636 1178 2682 et
1234 2628 1567 2683 emendanda
1621 2646 1829 2687 censeo.
1911 2630 2110 2686 Attulit
2150 2648 2178 2686 6
2220 2638 2360 2686 vete·
2403 2613 2436 2684 i

370 2719 522 2774 ribus
558 2723 611 2772 et
644 2716 880 2789 probatis
927 2715 1283 2788 scriptoribus
1333 2716 1587 2771 nonnulla
1642 2717 1966 2782 Lobeckius,
2009 2718 2100 2773 sed
2149 2725 2210 2773 ut
2246 2719 2360 2774 fieri
2402 2699 2421 2770 ³.

370 2806 541 2870 solet,
580 2807 624 2859 si
648 2806 770 2876 quis
812 2805 1083 2875 corruptis
1126 2804 1354 2858 testibus
1387 2806 1441 2858 in
1473 2805 1614 2859 mala
1645 2822 1807 2860 causa
1844 2807 2050 2871 utitur,
2091 2824 2195 2861 non
2234 2814 2362 2862 sunt
2403 2788 2436 2878 ξ

369 2894 501 2950 satis
543 2892 685 2947 firmi
722 2899 774 2947 et
815 2891 970 2946 facile
1021 2891 1396 2946 destruuntur.
1481 2893 1708 2948 Frustra
1753 2894 1819 2948 ad
1869 2894 2237 2949 testimonium
2277 2894 2360 2949 di·
2403 2878 2416 2933 2}

370 2981 602 3037 cendum
655 2979 971 3051 producitur
1022 2979 1342 3051 Xenophon,
1391 2981 1478 3034 cui
1534 2982 1587 3033 in
1644 2981 1876 3035 Anabasi
1927 2981 1986 3034 V.
2043 2986 2091 3035 7.
2147 2986 2240 3039 50.
2296 2999 2359 3037 ex

368 3069 546 3124 tribus
586 3068 804 3138 optimis
854 3066 1008 3121 libris
1048 3069 1262 3135 καθῆραι
1320 3068 1533 3123 tandem
1586 3075 1666 3122 est
1715 3069 2050 3123 restitutum.
2132 3070 2359 3124 Frustra

371 3156 550 3220 Plato,
592 3156 646 3208 in
684 3155 881 3223 Legum
925 3154 1062 3208 libro
1106 3157 1168 3209 V.
1210 3173 1258 3227 p.
1286 3161 1390 3211 755
1429 3157 1517 3220 B.,
1559 3158 1646 3210 cui
1698 3156 1882 3210 Astius
1928 3162 2073 3210 certa
2111 3157 2356 3212 emenda-

370 3245 516 3300 tione
552 3241 786 3297 reddidit
826 3244 913 3295 οὐκ
948 3240 1121 3303 ἄλλως
1157 3245 1362 3308 μήποτε
1399 3244 1714 3311 ἐπιχειρήσει
1755 3244 2048 3310 θεραπεύειν
2090 3246 2118 3309 ἢ
2163 3251 2354 3313 πρῶτον

369 3333 464 3399 μὲν
502 3333 587 3386 τὸν
629 3328 795 3397 {noim
835 3331 1153 3395 προσήκοντα
1193 3334 1451 3398 καθαρμὸν
1488 3333 1770 3397 καθαρεῖ
1801 3347 1897 3401 pro
1932 3332 2159 3387 lectione
2198 3333 2355 3386 libro·
2388 3375 2398 3383 ,

370 3436 493 3475 rum
532 3417 725 3486 καθὰρή
764 3423 817 3471 et
856 3415 1085 3484 καθαίρή.
1167 3419 1450 3472 Praeterea
1490 3417 1745 3473 Dinarchi
1785 3417 1962 3472 locum
2013 3420 2224 3483 attulit,
2266 3421 2351 3476 cui
2392 3402 2404 3435 ⁷

369 3506 703 3564 reddendum
760 3506 812 3557 in
869 3503 1012 3559 Orat.
1057 3504 1124 3560 Il.
1168 3511 1215 3560 5.
1265 3507 1690 3572 ἐκκαθήρατε
1732 3538 1806 3547 -
1837 3509 1928 3570 τὴν
1970 3509 2258 3575 δωροδοκίαν
2295 3510 2353 3562 ἐκ

371 3604 462 3659 τῆς
513 3595 707 3654 πόλεως
761 3610 856 3664 pro
909 3591 1246 3659 ἐκκαθὰρατε.
1345 3593 1491 3658 Quod
1548 3593 2021 3664 denique—scribit
2073 3596 2136 3650 de
2192 3596 2353 3650 Theo-

2429 3519 2436 3592 „Qz
2426 3321 2436 3508 4⁴³-—=-›2:—
2429 3231 2436 3304 mc.
2434 3218 2435 3223 Α
2434 3207 2436 3209 .
2433 3180 2436 3199 ,-
2433 3100 2436 3173 -...-.„
2433 3051 2436 3093 -Α,
