2436 4068
1003 190 1109 240 687

74 337 150 392 lat
189 334 508 391 Graecitatis
561 334 700 389 ratio
738 338 791 388 et
830 330 1081 404 loquendi
1122 347 1286 395 usuS,
1337 348 1369 386 a
1412 348 1518 404 quo
1569 349 1866 406 numquam
1908 338 2047 394 Atti-

75 442 165 480 cos
205 423 527 486 deflectere,
569 423 616 476 si
654 422 753 476 hoc
793 437 954 492 ageS,
995 419 1150 475 facile
1191 419 1602 476 animadvertes·

150 511 299 579 Quod
352 511 488 564 dixit
539 508 828 580 Xenophon
876 509 930 562 in
987 511 1144 579 §54.
1198 510 1378 574 μισθὸν
1430 510 1581 565 τίνειν
1636 510 1881 566 Ionicum
1934 520 2048 568 est:

75 599 430 657 Athenienses
491 603 805 652 constanter
863 597 918 650 in
960 613 1208 651 sermone
1267 596 1510 668 populari
1567 601 1878 671 compositis
1928 607 2048 655 tan·

68 695 185 745 tum
248 687 539 742 utebantur
592 684 800 739 duobus
846 685 1107 739 ἀποτίνειν
1148 691 1202 738 et
1241 685 1489 751 ἐκτίνειν,
1531 693 1584 741 et
1625 704 1718 759 pro
1753 690 1931 754 μισθὸν
1970 690 2044 746 τί-

69 797 168 832 νειν
206 775 443 830 solebant
483 774 660 839 μισθὸν
699 779 934 827 τελεῖν
984 772 1180 827 dicere.
1261 773 1551 846 Xenophon
1602 776 1656 829 in
1692 776 2046 831 Memorabili-

25 904 30 937 2
67 864 171 920 lms
210 879 421 935 quoque
474 861 582 916 ἔνια
633 860 814 929 ξενίζει
856 867 910 915 et
953 861 1126 915 utitur
1173 859 1350 914 verbis
1389 861 1749 932 quibusdam,
1798 881 1936 935 quae
1988 867 2045 920 in

68 953 217 1009 lonia
256 958 310 1006 et
349 950 474 1005 Asia
515 950 644 1003 trita
684 956 837 1004 erant
862 990 876 1012 ,
917 949 972 1002 in
1015 948 1192 1003 Attica
1234 965 1337 1001 non
1376 949 1524 1003 item.
1604 950 1924 1006 Huiusmodi
1964 960 2048 1009 est

26 1061 30 1068 ·
66 1041 110 1097 Ι.
150 1058 226 1095 ιιι.
268 1044 319 1094 7.
374 1038 725 1102 ὑποθημοσύνη
770 1054 864 1109 pro
902 1037 1205 1102 συμβουλήε
1246 1034 1494 1090 lubenter
1533 1036 1686 1093 Iones
1726 1057 1822 1110 pro
1860 1061 2046 1109 παραι-

65 1134 168 1184 νεῖν
205 1134 259 1182 ct
297 1125 675 1193 συμβουλεύειν
713 1125 963 1180 dicebant
1000 1124 1360 1188 ὑποτίθεσθαι,
1401 1130 1456 1178 et
1498 1123 1623 1179 hinc
1664 1127 1910 1190 ὑποθῆκαι
1946 1147 2045 1201 pro

22 1196 390 1285 {aeaepoeiies'oexq
431 1222 485 1269 et
541 1214 620 1268 sic
673 1213 1023 1279 ὑποθημοσύνη
1065 1218 1148 1267 est
1202 1212 1514 1275 consilium,
1577 1213 1718 1285 quod
1772 1216 1895 1286 quis
1955 1218 2046 1271 cui

21 1300 352 1377 }suggessit.
432 1301 632 1357 Eodem
674 1301 848 1356 resero
883 1300 1240 1369 λεωργότατον
1271 1300 1310 1355 1.
1334 1318 1410 1355 111.
1435 1304 1488 1356 9.
1532 1308 1584 1356 et
1624 1301 1819 1374 plaudo
1858 1303 2047 1360 Ruhn-

22 1381 251 1457 ‘kenio,
291 1392 385 1465 qui
426 1391 520 1447 111.
565 1408 632 1445 ix.
675 1393 728 1445 6.
767 1389 1130 1455 ἀδαημοσύνην
1171 1389 1228 1442 in
1266 1387 1441 1443 lucem
1481 1390 1750 1444 revocavit
1791 1407 1886 1462 pro
1924 1394 2043 1448 ἀνε-

18 1442 428 1548 ξπιςημοσύνην.
508 1479 662 1533 Iones
703 1477 951 1533 dicebant
1000 1478 1119 1545 ἴδρις
1142 1519 1157 1542 ,
1211 1474 1375 1544 ἄϊδρις
1397 1519 1411 1540 ,
1465 1478 1661 1542 ἀδαής,
1704 1479 1952 1546 ἀδαήμων
1991 1487 2046 1536 et

59 1571 426 1635 ἀδαημοσύνη,
466 1586 529 1623 ex
565 1565 761 1639 quibus
790 1567 956 1629 ἀδαής
996 1565 1196 1636 iegitur
1234 1566 1290 1619 in
1326 1564 1516 1639 Cyrop.
1548 1566 1589 1620 I.
1623 1583 1691 1619 v1.
1728 1570 1812 1622 19.
1853 1570 2042 1632 Ἀδαη-

58 1659 252 1727 μοσύνη
293 1657 419 1711 οΙίιιι
462 1657 692 1711 Homero
732 1654 884 1710 reddi
926 1653 1184 1708 debuerat
1225 1651 1419 1727 odyss.
1463 1662 1540 1708 Ω.
1586 1657 1716 1712 245.
1773 1672 1837 1710 ex
1883 1657 2041 1728 Apol-

23 1790 27 1795 .
60 1745 191 1801 lonii
231 1748 358 1802 Lex.
400 1745 551 1800 Hom.
595 1760 644 1798 v.
685 1743 1033 1808 Ἀδαήμονες,
1072 1741 1164 1796 sed
1197 1741 1445 1797 Editores
1479 1744 1765 1807 ἀδαημονίη
1806 1745 2045 1801 retinere

16 1859 26 1898 .·,
60 1834 408 1898 maluerunt,
468 1848 630 1905 quam
687 1830 914 1885 sormam
967 1829 1208 1901 analogia
1244 1829 1487 1903 ssrespuit.
1571 1829 1842 1903 Quidquid
1895 1834 2042 1890 enim

28 1918 450 1977 'adiectivorum
499 1927 580 1976 est
632 1920 687 1973 in
726 1951 802 1961 -
838 1939 947 1984 μων
997 1917 1348 1982 exeuntium,
1403 1924 1462 1972 ut
1509 1919 1753 1985 μνήμων,
1807 1919 2046 1977 formant

61 2027 126 2066 cx
165 2027 281 2065 sese
320 2011 535 2064 nomina
576 2009 632 2062 in
665 2040 741 2048 —
772 2007 963 2072 μοσύνη
999 2006 1280 2070 exeuntia,
1320 2012 1381 2060 ut
1421 2007 1737 2072 μνημοσύνη.
1816 2009 2042 2066 Diversa

59 2099 199 2153 ratio
238 2105 318 2153 est
354 2099 407 2152 in
445 2098 728 2163 εὐδαίμων,
772 2096 1069 2162 εὐδαιμονία
1101 2100 1156 2149 et
1194 2103 1297 2149 cet.
1320 2136 1334 2159 ‚
1376 2095 1431 2149 in
1473 2094 1762 2166 quibus—
1782 2117 1891 2163 μων
1932 2115 2040 2153 non

30 2173 138 2241 'est
177 2187 580 2259 paragogicum.

148 2275 208 2329 In
260 2275 476 2330 Memor.
515 2274 554 2328 Ι.
596 2291 651 2327 ιι.
694 2277 783 2327 57.
840 2270 1200 2343 nequidquam
1264 2288 1295 2326 a
1354 2271 1542 2326 multis
1596 2271 1858 2327 admoniti
1908 2282 2037 2331 sunt

54 2362 301 2419 Editores
354 2363 584 2428 ἀγαθούς
642 2379 758 2417 esse
804 2359 1222 2433 expungendum
1271 2377 1302 2415 e
1349 2360 1554 2415 verbis:
1610 2361 1924 2430 ἐργάζεσθαί
1958 2385 2033 2420 ντε

54 2451 156 2521 ἔφη
197 2452 284 2506 καὶ
319 2450 549 2518 ἐργάτας
591 2450 873 2520 [ἀγαθούς]
912 2445 1078 2512 εἶναι,
1118 2448 1259 2520 quod
1302 2465 1405 2502 non
1452 2456 1534 2503 est
1573 2451 1754 2503 minus
1800 2451 2030 2508 stultum

55 2554 119 2595 ac
158 2541 204 2594 si
244 2541 295 2593 in
340 2540 536 2593 vicinia
577 2538 848 2609 legeretur
896 2538 1087 2603 ἀργοὺς
1126 2538 1214 2591 καὶ
1253 2538 1441 2598 κακοὺς
1481 2537 1761 2591 ἀπεκάλει.
1843 2537 2031 2595 Socra-

52 2634 135 2684 tes
175 2629 317 2682 inter
355 2645 411 2682 se
447 2633 766 2699 opposuerat
805 2627 863 2680 τὸ
903 2625 1128 2693 ἐργάτην
1167 2621 1295 2680 εἶναι
1331 2632 1384 2680 et
1424 2626 1481 2679 τὸ
1528 2626 1688 2692 ἀργὸν
1728 2622 1888 2681 sivae:
1930 2628 2031 2683 ita-

52 2731 158 2789 que
207 2717 283 2771 sic
323 2715 703 2770 ratiocinatur:
759 2715 877 2775 τοὺς
917 2714 1011 2779 μὲν
1050 2713 1251 2778 ἀγαθόν
1289 2734 1339 2767 τι
1393 2717 1664 2775 ποιοῦντας
1716 2714 2028 2782 ἐργάτας

49 2800 220 2870 εἶναι,
268 2805 387 2865 τοὺς
426 2805 478 2859 δὲ
518 2803 836 2868 κυβεύοντας
895 2802 1184 2869 ἀργούςς
1243 2802 1424 2873 itaque
1477 2801 1559 2857 vel
1611 2818 1804 2858 caecus
1850 2803 2031 2861 videat

22 2871 235 2964 ⁸inepte
267 2891 390 2947 addi
430 2889 662 2959 ἐργάτας
703 2890 1028 2955 ἀγαθούς.

149 2980 602 3052 Praepositionem
661 2977 959 3033 addiderim
1021 2978 1078 3031 in
1118 2976 1159 3032 1.
1199 2993 1274 3032 ιιι.
1317 2980 1373 3037 6.
1426 2978 1499 3033 τα
1556 2979 1886 3036 πείθοντα
1953 2985 2029 3048 μὴ

53 3075 333 3130 πεινῶντας
385 3068 600 3133 ἐσθίειν,
642 3083 767 3122 nam
822 3082 1008 3120 verum
1059 3073 1140 3121 est
1194 3064 1336 3138 quod
1381 3065 1641 3123 Stobaeus
1681 3071 1916 3125 servavit
1957 3071 2031 3126 τα

50 3157 536 3213 ἀναπείθοντα.

132 3243 380 3299 Mendum
422 3243 796 3317 pervulgatum
840 3242 1012 3299 haesit
1048 3243 1088 3299 1.
1125 3259 1200 3298 111.
1241 3246 1294 3298 9.
1335 3241 1479 3307 οὗτος
1513 3243 1610 3299 κᾶν
1645 3246 1715 3305 εἷς
1752 3246 2029 3314 μαχαίρας

55 3333 351 3398 κυβιςήσειε
390 3332 488 3387 κᾶν
526 3334 597 3395 εἷς
647 3338 747 3401 πῦρ
786 3330 1105 3396 ἅλλοιτο,
1146 3331 1482 3387 concinnitas
1534 3332 1765 3404 postulat
1800 3331 2027 3400 ἅλαιτο,

57 3420 199 3493 quod
241 3421 292 3474 in
330 3418 504 3475 ἅλοιτο
539 3422 772 3493 primum
798 3464 812 3486 ‚
848 3420 1040 3476 deinde
1079 3421 1131 3474 in
1168 3417 1381 3475 ἅλλοιτο
1423 3420 1487 3476 de
1522 3436 1670 3475 more
1706 3420 1855 3478 abiit.
1895 3422 2026 3479 Con·

58 3510 227 3565 trario
265 3525 444 3564 errore
484 3508 744 3566 scribitur
781 3510 835 3565 in
872 3509 1061 3582 Vespis
1104 3525 1182 3565 vs.
1223 3512 1396 3563 1505:
