2436 4068
1305 236 1370 285 74

353 378 495 438 Stob.
547 377 727 440 Floril.
766 376 974 431 XXXV.
1018 381 1067 431 5.
1122 376 1184 428 ύέν
1227 396 1302 435 τις
1354 378 1439 429 τὸν
1489 380 1654 442 καιρὸν
1700 375 1755 433 εὖ
1796 376 1974 447 λάβῃ,
2015 377 2246 449 (lenique
2287 380 2340 432 in

353 484 467 538 sqq.
514 483 616 523 non
662 464 884 521 obscure
938 463 1066 517 latet
1108 462 1406 526 sententia:
1466 463 1687 517 audaces
1739 467 1949 535 fortuna
1988 467 2132 520 iuvat
2175 483 2345 538 neque

356 553 642 615 admodum
683 550 899 607 difficile
937 558 1018 609 est
1057 550 1344 605 Fortunam
1385 551 1438 604 in
1473 551 1662 619 τέχνην
1697 551 2063 610 absconditam
2107 570 2343 608 evocare.

347 641 622 701 Solemnis
662 646 742 694 est
784 637 1024 698 confusio
1061 637 1364 702 litterarum
1405 659 1438 692 τ
1474 645 1526 693 et
1564 645 1640 707 ψ,
1682 656 1818 710 quae
1864 639 1988 694 olim
2034 647 2140 694 tam
2183 640 2347 695 simili

361 728 531 782 forma
570 726 978 790 scribebantur,
1020 733 1082 785 ut
1123 726 1332 785 scribae
1369 727 1539 795 τύχην
1592 733 1645 783 et
1684 729 1863 796 ψυχήν
1905 729 2067 782 etiam
2111 729 2177 784 iis
2217 728 2348 782 locis

361 815 732 878 confuderint,
775 814 865 868 ubi
900 813 981 873 vel
1016 823 1208 875 caecus
1238 814 1414 875 videat
1456 821 1580 871 utra
1621 817 1894 887 scriptura
1933 817 2005 871 sit
2041 817 2239 887 potior,
2280 817 2347 869 si-

359 903 666 972 militerque,
693 894 921 970 εὐτυχία
954 908 1007 957 et
1033 903 1304 970 εὐψυχία,
1344 904 1592 971 εὐψύχως
1635 909 1688 957 et.
1726 907 1959 972 εὐτυχῶς
1994 903 2170 964 locum
2206 904 2349 959 inter

359 1007 414 1044 se
454 995 708 1050 mutant,
765 988 906 1044 conf
951 990 1168 1044 Porson.
1211 990 1277 1044 ad
1330 991 1517 1061 Eurip.
1571 990 1808 1045 Medeam
1867 1009 1942 1047 vs.
1979 996 2086 1054 553
2129 998 2182 1057 et
2219 994 2344 1046 722.

357 1078 417 1132 In
451 1075 726 1132 Menandri
766 1076 958 1148 fragm.
1001 1076 1142 1148 apud
1184 1076 1327 1131 Stob.
1370 1077 1551 1132 Floril.
1585 1078 1675 1136 IV
1718 1081 1769 1132 6.

531 1197 533 1199 ·
660 1165 714 1220 τί
748 1168 936 1223 σαυτὸν
975 1168 1158 1224 ἀδικῶν
1194 1167 1287 1228 τὴν
1326 1167 1505 1234 ψυχην
1545 1172 1832 1236 καταιτιᾷ;

358 1260 505 1310 recte
544 1252 833 1313 emendant
872 1256 963 1317 την
1003 1255 1190 1322 τύχην.
1271 1252 1552 1325 Neophron
1597 1252 1968 1309 Stoh.F101il.
2007 1253 2119 1309 XX.
2163 1257 2252 1313 54.

661 1342 747 1396 καὶ
789 1343 910 1408 πρὸς
943 1342 998 1396 τί
1037 1344 1192 1402 ταῦτ’
1230 1341 1468 1409 ὀδύρομαι
1509 1343 1690 1411 ψυχὴν
1728 1343 1855 1407 ἐμήν
1892 1402 1897 1405 ,

661 1430 801 1496 ὂρῶσ’
841 1429 1019 1497 ἔρημον
1054 1429 1141 1484 καὶ
1183 1432 1618 1497 παρημελημένην

665 1518 755 1586 ὑφ’
797 1515 863 1576 ὧν
903 1519 1062 1585 ἐχρῆν
1102 1517 1285 1582 ἤκιςαζ

365 1604 617 1674 scripsit,
659 1605 874 1676 opinor,
911 1606 1079 1673 τύχην
1120 1606 1265 1670 ἐμήν.
1346 1605 1543 1660 Contra
1577 1606 1832 1679 Dionysio
1875 1605 2041 1660 Halic.
2085 1606 2144 1659 A.
2180 1603 2350 1659 ltlv,

362 1695 450 1745 28.
491 1690 678 1750 redde:
716 1691 877 1761 ἔτυχε
908 1694 959 1747 δὲ
994 1699 1091 1748 τῶν
1123 1696 1378 1761 γαμβρῶν
1421 1693 1657 1761 ἑκάτερος
1684 1694 1894 1764 ἐναντία
1931 1693 2208 1763 συναφθεὶς
2248 1699 2350 1760 φυ-

357 1788 433 1848 χῇ
475 1796 569 1850 pro
608 1781 766 1848 τύχη.
847 1779 1050 1835 Deinde
1083 1782 1244 1849 τέχνη
1280 1788 1332 1836 6ι
1371 1782 1513 1850 τύχη
1551 1781 1706 1837 facile
1746 1783 2169 1853 permiscentur,
2211 1779 2352 1835 unde

362 1867 420 1920 fit
460 1874 521 1926 ut
558 1867 760 1939 duplici
802 1885 983 1924 errore
1034 1869 1196 1937 τέχνη
1240 1876 1294 1924 6ι
1333 1871 1486 1937 ψυχή
1530 1869 1946 1926 confundantur.
2025 1869 2086 1924 In
2126 1868 2353 1922 Andoci-

359 1955 442 2012 dis
490 1957 729 2013 oratione
783 1961 905 2016 κατ’
958 1957 1297 2023 Ἀλκιβιάδου
1353 1956 1392 2031 S
1445 1961 1533 2013 26.
1589 1959 1919 2026 λογιζόμενος
1975 1959 2092 2019 τοὺς
2143 1958 2351 2022 ἀγῶνας

270 2071 274 2073 “
358 2045 473 2103 τοὺς
512 2045 752 2103 ἱππικοὺς
788 2045 929 2113 τύχη
969 2045 1086 2106 τοὺς
1134 2046 1375 2106 mels-ove
1419 2047 1730 2113 κρινομένους
1780 2047 2146 2102 assentientur
2186 2043 2350 2107 mihi,

358 2148 537 2203 spero,
577 2133 619 2184 οἱ
642 2132 844 2186 ἱππικοί
870 2133 1148 2203 reponenti
1177 2133 1356 2202 τέχνη.
1399 2134 1674 2189 Philemon
1718 2133 1862 2194 Stob.
1903 2132 2086 2190 Floril.
2108 2133 2272 2188 XXX.
2298 2136 2350 2186 4.

587 2217 684 2272 κᾶν
724 2219 818 2283 μὲν
853 2221 1060 2290 ὁρμισθῇ
1094 2243 1172 2283 τις
1208 2224 1348 2286 ἡμῶν
1383 2223 1455 2282 εἷς
1492 2223 1693 2287 λιμένα
1716 2223 1801 2277 τὸν
1841 2229 1934 2286 τῆς
1973 2222 2144 2289 τύχης

592 2306 810 2371 &fidam-⁹
847 2306 1082 2375 ἄγκυραν
1123 2309 1372 2377 καθαψας
1414 2311 1722 2379 ἀσφαλείας
1754 2308 1964 2373 οὕνεκα,

364 2391 455 2445 ubi
494 2392 764 2448 Bentleius
804 2412 927 2449 cum
970 2396 1211 2454 omnium
1250 2397 1443 2468 plausu
1481 2397 1672 2466 τέχνης
1713 2397 2016 2454 emendavit
2040 2402 2076 2451 ¹.
2160 2395 2352 2450 Contra

362 2479 416 2532 in
458 2480 729 2553 Posiclippi
769 2482 885 2541 loco
924 2500 1007 2555 ap.
1051 2482 1195 2538 Stob.
1231 2483 1411 2544 Floril.
1447 2485 1708 2546 XXXVII.
1757 2490 1843 2543 14.

590 2569 675 2623 δια
705 2571 796 2632 την
825 2571 1014 2639 τέχνην
1053 2573 1147 2637 μὲν
1183 2573 1463 2640 γνωρίμους
1497 2574 1797 2640 ἐκτησάμην
1834 2576 1841 2647 Ι
1877 2574 2126 2638 πολλούς,

364 2655 504 2717 male
543 2657 839 2717 Meinekius
879 2660 964 2714 δια
1003 2661 1094 2722 την
1134 2662 1302 2728 τύχην
1339 2661 1669 2732 corrigebat:
1711 2663 1796 2717 διὰ
1843 2663 2012 2730 τύχην
2054 2662 2241 2732 utique
2278 2659 2353 2715 di·

369 2743 598 2797 cendum
640 2753 780 2811 erat,
815 2746 908 2805 sed
945 2749 1291 2804 sanissimum
1328 2756 1408 2804 est
1448 2750 1657 2818 τέχνην.
1738 2751 1954 2807 Poterat
1975 2750 2134 2804 homo
2156 2750 2354 2815 κουρεὺς

365 2827 494 2884 εἶναι
547 2833 636 2893 την
676 2834 893 2902 τέχνην,
946 2842 999 2890 et
1039 2836 1164 2891 hinc
1216 2838 1495 2904 γνωρίμους
1548 2837 1843 2908 permultos
1896 2838 2109 2893 habere.
2187 2838 2255 2892 At
2300 2837 2355 2890 in

366 2917 655 2976 Nicostrati
711 2921 903 2993 fragm.
960 2924 1102 2996 apud
1155 2924 1404 2983 Euslath.
1447 2941 1497 2996 p.
1537 2928 1678 2988 667,
1724 2930 1790 2988 4,
1850 2926 1942 2981 ubi
1993 2943 2055 2981 ex
2116 2924 2354 2996 antiquis

372 3005 598 3060 Scholiis
631 3007 783 3063 docet
820 3012 1069 3079 βλοσυρόν
1105 3029 1221 3067 esse
1254 3012 1436 3077 σεμνόν
1469 3019 1522 3068 et
1556 3013 1686 3068 haec
1724 3013 1907 3075 affert:
1948 3016 2004 3078 νὴ
2044 3014 2137 3077 τὴν
2170 3017 2357 3081 Ἀφρο-

371 3093 510 3155 δίτην
533 3135 546 3157 ‚
587 3092 621 3147 c}
662 3094 806 3159 ξένη,
843 3098 851 3167 Ι
884 3100 1145 3171 βλοσυράν
1177 3121 1242 3164 γε
1279 3101 1370 3162 τὴν
1405 3103 1584 3169 ψυχὴν
1620 3101 1788 3169 ἔχεις,
1822 3119 1924 3157 non
1955 3101 2160 3157 errabis
2188 3102 2232 3154 si
2265 3102 2355 3162 την

366 3182 862 3256 τέχνηνῑοοιτίςοε.
943 3187 1300 3254 Lena,erat,-
1339 3195 1399 3243 ut
1439 3191 1698 3261 suspicor.
1781 3191 1973 3249 Contra
2036 3188 2354 3243 Anaximeni

434 3396 470 3460 1)
507 3406 555 3444 In
592 3405 779 3462 eiusdem
818 3407 963 3459 fragm.
1000 3423 1060 3449 vs,
1097 3410 1136 3448 1.
1177 3410 1333 3463 legitur
1362 3403 1434 3449 ’ἄν
1468 3399 1614 3460 ὀκνῇς
1648 3402 1702 3447 td
1736 3400 2038 3460 perfinire-av,
2072 3409 2144 3447 Ubi
2181 3403 2239 3449 τό
2273 3422 2356 3449 ¹1¹³·

367 3483 525 3523 nifesto·
551 3475 757 3525 soloecam
792 3487 1022 3526 orationem
1056 3489 1167 3529 facit.
1204 3490 1313 3541 Lege
1349 3482 1450 3544 γάρ.
1512 3486 1606 3526 Vidi
1641 3498 1778 3539 nuper
1813 3485 1887 3538 qui
1922 3477 2067 3538 μέλλε
2102 3479 2157 3524 τὸ
2189 3487 2357 3542 γαμθῖν

365 3562 567 3602 Graecum
609 3577 697 3604 esse
724 3564 910 3618 *putaret
943 3570 985 3605 et
1022 3568 1350 3612 stomacharetur
1385 3567 1497 3621 quod
1544 3570 1718 3615 essent,
1765 3566 1838 3617 qui
1875 3552 1918 3605 se
1954 3564 2053 3605 talia
2086 3566 2194 3604 serre
2228 3576 2352 3618 posse

365 3647 581 3693 negarent.
