2436 4068
1312 241 1381 292 46

346 386 557 460 lingua,
599 403 704 459 qua
745 387 962 457 utrique
1003 388 1265 444 utuntur,
1309 381 1593 436 verborum
1646 381 1910 450 delectus,
1951 385 2150 452 forma,
2193 404 2334 443 com·

344 478 567 549 positio,
608 474 798 529 deinde
832 488 1182 527 numerorum
1218 470 1383 534 rati0‚
1425 470 1586 523 metri
1621 484 1792 540 genus
1825 480 1874 526 et
1912 475 2082 528 multa
2117 476 2221 530 alia
2258 483 2330 530 te-

346 566 612 619 nuissima
664 562 753 615 illa
798 561 1014 632 quidem
1068 558 1159 613 sed
1200 565 1347 611 certa
1387 557 1587 611 indicia
1634 557 1868 623 faciunt,
1911 567 1971 614 ut
2011 562 2110 616 hoc
2150 565 2333 633 agenti

346 661 400 709 et
430 653 562 706 hene
595 651 792 706 Graece
830 648 1022 702 scienti
1051 646 1366 717 ambiguum
1405 661 1520 699 esse
1550 661 1654 698 non
1689 647 1857 716 possit
1895 655 2079 702 utrum
2117 651 2333 721 Tragici
2384 698 2388 701 .

343 740 505 796 verba
545 756 612 794 an
646 737 847 792 Comici
879 742 1080 789 teneaS.
1159 732 1353 787 Multos
1389 750 1542 804 saepe
1575 732 1684 786 vidi
1726 735 1780 787 in
1814 734 1914 789 hoc
1947 753 2142 806 genere
2175 737 2330 792 levis-

344 829 479 883 sime
530 826 734 881 versari
789 830 840 877 et
889 823 1122 877 Deorum
1176 821 1506 892 heroumque
1564 820 1835 892 eloquium
1886 839 1917 876 a
1964 824 2192 879 Demeae
2237 833 2332 880 aut

344 915 587 969 Micionis
626 912 866 967 oratione
905 909 1238 980 distinguere
1274 925 1379 962 non
1421 908 1684 979 potuisse:
1727 909 2076 965 nihilominus
2111 918 2171 966 ut
2204 912 2329 967 boni

344 1008 531 1074 poetae
573 1006 656 1055 est
687 998 910 1053 reddere
949 1013 1206 1068 personae
1247 996 1618 1050 convenientia
1666 997 1890 1068 cuique,
1931 999 2009 1052 sic
2048 1006 2330 1070 poetarum

345 1089 657 1160 interpretis
705 1093 758 1141 et
809 1085 986 1140 critici
1031 1101 1146 1139 esse
1192 1084 1426 1138 arbitror
1478 1082 1794 1138 discrimina
1845 1085 1976 1140 haec
2019 1094 2176 1142 acute
2217 1089 2329 1142 ani·

344 1177 680 1232 madvertere
718 1180 771 1228 et
802 1175 1030 1237 sentire,
1073 1188 1244 1242 neque
1299 1176 1512 1224 tantum
1551 1171 1607 1225 in
1641 1172 1874 1228 vitaeet
1905 1173 2185 1230 hominum
2225 1191 2329 1230 usu

342 1265 520 1320 valere
555 1263 714 1318 illud:

645 1350 820 1418 ἀνδρὸς
854 1350 1128 1416 χαρακτὴρ
1165 1349 1224 1402 ἐκ
1260 1344 1420 1412 λόγου
1461 1346 1802 1415 γνωρίζεται,

344 1441 437 1497 sed
476 1440 617 1495 idem
670 1440 726 1492 in
772 1436 1096 1507 scriptorum
1147 1434 1534 1490 consuetudine
1581 1443 1635 1489 et
1689 1452 1793 1490 usu
1841 1435 2019 1491 valere
2064 1444 2326 1509 oportere.

344 1530 516 1598 Quam
552 1527 898 1583 vehementer
931 1530 984 1578 et
1025 1523 1119 1578 diu
1157 1522 1468 1577 ludificatus
1509 1529 1590 1577 est
1620 1522 1864 1578 homines
1898 1523 2081 1579 doctos
2121 1525 2328 1580 scribae

343 1633 495 1672 error
535 1617 591 1669 in
634 1614 846 1669 Stobaei
885 1611 1170 1682 Florilegio
1210 1611 1529 1665 commissus
1565 1610 1795 1666 LXXIV.
1836 1615 1936 1675 27,
1986 1613 2079 1683 qui
2113 1614 2327 1668 omissis

344 1704 679 1775 negligenter
710 1700 981 1756 nonnullis
1020 1698 1297 1754 Menandri
1332 1697 1492 1753 verba
1526 1715 1651 1752 cum
1684 1699 1992 1771 Euripideis
2028 1708 2326 1756 monstrose

341 1790 748 1863 conglutinavit.
829 1788 1077 1843 Creditus
1132 1793 1213 1841 est
1265 1786 1512 1841 Comicus
1570 1793 1871 1842 matronam
1923 1787 2199 1843 induxisse
2250 1789 2325 1843 ita

337 1879 640 1935 dicentem:

644 1966 702 2020 τὸ
734 1965 829 2030 μὲν
869 1964 1084 2030 μέγιςον
1125 1962 1301 2017 οὔποτ’
1337 1960 1496 2031 ἄνδρα
1535 1964 1637 2030 χρὴ
1673 1962 1832 2032 σοφόν

642 2053 763 2108 λίαν
802 2051 1097 2122 φυλάσσειν
1129 2051 1326 2119 ἄλοχον
1366 2052 1417 2104 ἕν
1445 2057 1638 2118 μυχοῖς
1674 2051 1838 2117 δόμων
1862 2091 1874 2103 .

339 2143 532 2199 addam
560 2148 613 2197 et
651 2157 822 2213 pauca
857 2139 922 2194 de
955 2156 1120 2211 seqq„
1161 2146 1222 2194 ut
1256 2138 1512 2193 mendum
1557 2138 1766 2193 eluam:

641 2230 729 2299 ε’ρᾷ
770 2227 876 2295 γὰρ
911 2227 1027 2295 ὄψις
1068 2235 1161 2291 τῆς
1198 2228 1402 2294 θύραθεν
1438 2227 1610 2290 ἡδονῆς
1632 2267 1648 2289 ,

642 2318 694 2370 ἐν
727 2317 773 2370 δ’
809 2315 1072 2385 οέφθόνοισι
1112 2315 1271 2369 τοῖσδ’
1308 2312 1728 2383 οὲναςρωφωμένη

638 2403 916 2470 βλέπουσα
951 2406 1000 2458 τ’
1036 2404 1107 2464 εἰς
1148 2406 1256 2456 πῶν
1297 2402 1383 2456 καὶ
1423 2405 1661 2469 παροῦσα
1697 2407 1978 2470 πανταχοῦ

640 2494 732 2555 τὴν
767 2491 883 2560 ὄψιν
915 2492 1210 2554 ἐκπλήσασ’
1249 2491 1598 2554 ἀπήλλακται
1633 2491 1836 2544 κακῶν.
2042 2484 2048 2491 ’

640 2581 701 2636 τό
738 2583 786 2635 τ’
823 2578 976 2648 ἄρσεν
1011 2580 1093 2633 οὲεὶ
1138 2582 1227 2632 τοῦ
1268 2577 1617 2646 κεκρυμμένου
1654 2579 1866 2645 λίχνον.

336 2669 414 2723 ita
447 2668 664 2723 demum
698 2667 829 2723 haec
864 2667 1092 2737 intelligi
1135 2671 1422 2737 poterunt,
1467 2666 1514 2719 si
1549 2666 1877 2720 correxeris:
1919 2666 2007 2736 ἐρᾷ
2042 2666 2148 2734 γὰρ
2184 2666 2320 2731 ἥτις

334 2764 428 2819 τῆς
486 2757 690 2824 θύραθεν
735 2756 908 2819 ἡδονῆς
957 2757 1009 2808 ἐν
1055 2754 1319 2823 ἀφθόνοισι
1361 2754 1520 2808 τοῖσδ’
1573 2754 1993 2824 οέναςρωφωμένη
2052 2755 2145 2816 τὴν
2201 2753 2318 2821 ὄψιν

334 2846 628 2907 ἐκπλήσασ’
661 2845 1010 2908 ἀπήλλακται
1040 2848 1226 2898 κακῶν.
1285 2840 1637 2896 Subridemus
1666 2859 1835 2907 nunc,
1875 2859 2043 2914 quum
2075 2841 2320 2919 videmus

335 2931 500 2987 fuisse
538 2932 631 3002 qui
666 2930 792 2985 olim
830 2933 968 2986 serio
1007 2930 1289 2986 crederent
1322 2930 1378 2982 in
1413 2929 1683 2984 comoedia
1724 2930 1958 3002 aliquam
1993 2930 2223 2985 dixisse:

636 3016 741 3080 ὅςις
781 3020 832 3073 δὲ
872 3019 1095 3087 μόχλοις
1132 3017 1220 3072 καὶ
1253 3017 1339 3072 δια
1371 3017 1796 3086 σφραγισμοὲτων

638 3106 784 3173 σώζει
823 3106 1071 3175 δάμαρτα
1110 3107 1231 3174 δρῶν
1268 3125 1319 3159 τι
1359 3105 1417 3167 δὴ
1453 3106 1605 3160 δοκῶν
1643 3106 1804 3175 σοφόν

637 3193 865 3260 μάταιός
898 3195 974 3252 ἐςι
1013 3193 1100 3248 καὶ
1141 3198 1332 3262 φρονῶν
1369 3193 1506 3247 οὐδὲν
1539 3198 1750 3262 φρονεῖ.

634 3283 744 3347 ἥτις
778 3282 883 3350 γαρ
925 3285 1064 3348 ἡμῶν
1098 3281 1308 3350 καρδίαν
1348 3280 1519 3349 θύραζ’
1552 3281 1667 3348 ἔχει

636 3371 823 3425 θᾶσσον
855 3369 950 3435 μὲν
984 3371 1118 3427 οἶς-οῦ
1155 3370 1240 3423 καὶ
1276 3373 1462 3436 πτεροῦ
1496 3369 1809 3437 χωρίζεται,

634 3457 780 3512 λάθοι
819 3457 862 3511 δ’
902 3455 1187 3525 ἄν”Αργου
1223 3457 1321 3518 τας
1356 3455 1793 3525 πυκνοφθαλμους
1835 3456 2013 3525 κόρας.

333 3545 464 3599 satis
497 3545 641 3600 enim
676 3562 820 3601 nunc
859 3550 1068 3599 constat
1105 3545 1247 3599 inter
1286 3562 1470 3600 omnes
1505 3544 1795 3616 Euripidea
1828 3544 1959 3599 haec
1988 3560 2131 3607 esse,
2171 3543 2311 3614 quod

333 3632 541 3703 primus
571 3635 814 3693 omnium
846 3633 1132 3689 Piersonus
1162 3632 1439 3690 admonuit
1467 3632 1532 3688 ad
1564 3632 1780 3690 Moerid.
1810 3634 1863 3686 in
1896 3650 1942 3687 v.
1970 3632 2099 3694 οἰςός
2131 3649 2180 3703 p.
2206 3634 2310 3685 275
