2436 4068
996 189 1100 238 709

71 343 153 392 est.
202 334 342 405 apud
398 333 726 388 Dinarchum
790 336 819 403 §
856 337 943 386 45.
997 332 1183 386 sin-xre}
1222 352 1339 397 μοι,
1393 332 1512 398 πρὸς
1556 329 1710 392 Διός,
1751 326 1785 382 ὦ
1827 326 1998 394 ἄνδρες
2024 367 2037 390 ,

70 430 257 492 προῖκα.
310 428 487 477 τοῦτον
543 422 700 476 οἴεσθε
751 420 959 488 γράψκι
1018 422 1224 487 Διφίλῳ
1262 422 1354 481 τὴν
1394 420 1468 472 ἐν·
1504 416 1793 484 Πρυτανείῳ
1841 416 2039 476 σίτησιν

69 513 155 567 καὶ
195 513 288 573 ’τὴν
340 513 409 570 εἷς
448 511 538 570 τὴν
581 510 778 575 ἀγορὰν
830 508 1211 574 ἀναθησομένην
1262 507 1465 567 εἷκόνκ;
1523 504 1680 558 Vides
1723 503 1911 574 quanti
1967 500 2039 554 sa-

68 602 175 655 ciat
214 599 502 670 Dionysius
554 598 812 651 Demetrii
863 598 1124 651 iudicium
1182 597 1356 667 paullo
1397 603 1519 648 ante
1559 611 1587 648 a
1626 611 1681 647 se
1721 607 2040 646 commemo·

68 695 267 743 ratum.
348 686 732 756 Harpocration
769 702 979 756 qnoque
1021 686 1136 738 sine
1180 683 1285 736 ulla
1322 684 1623 754 suspicione
1663 680 1884 735 eandem
1929 694 2044 731 ora-

69 776 268 830 tionem
311 773 579 829 Dinarcho
621 773 811 826 tribuit
853 790 900 827 v.
941 773 1402 827 Μετοιωνίσοεσθκι.

145 862 240 916 His
281 862 450 933 igitur
499 861 596 915 hoc
647 869 793 914 certe
830 861 1040 914 vincam
1083 860 1246 913 licere
1298 859 1450 912 nobis
1488 861 1579 921 τὴν
1619 863 1708 912 τοῦ
1750 856 2043 924 Δημητρίου

69 952 228 1018 κρίσιν
267 951 552 1016 ἐπικρίνειν.
632 949 700 1002 Et
756 947 888 1001 mihi
932 947 1146 1019 quidem
1201 947 1292 1001 diu
1333 955 1380 999 et
1435 946 1665 999 multum
1716 955 1942 1015 utroque
1985 944 2045 997 li-

71 1037 208 1093 bello
246 1037 519 1110 explorato
558 1047 611 1091 et
647 1054 899 1099 excusso,
942 1037 1206 1106 rebusque
1250 1034 1499 1089 omnihus
1534 1034 1820 1103 diligenter
1857 1049 2046 1102 expen-

73 1126 150 1180 sis
203 1142 375 1196 neque
430 1127 484 1178 in
538 1125 697 1178 rebus
751 1123 1043 1195 quidquam
1090 1126 1260 1178 inesse
1314 1122 1560 1182 videtur,
1614 1121 1756 1192 quod
1799 1137 1828 1173 a
1879 1121 2046 1174 Xeno·

69 1214 268 1288 phonte
310 1213 605 1284 profectum
650 1229 765 1266 esse
807 1229 908 1265 non
954 1213 1119 1283 possit
1160 1228 1222 1265 ex
1274 1210 1504 1281 Agesilai
1558 1209 1894 1278 aliorumque
1949 1209 2046 1261 La-

68 1319 262 1357 conum
305 1301 644 1356 sermonibus
684 1299 843 1354 fando
878 1308 1188 1371 acceptum,
1232 1315 1405 1370 neque
1448 1299 1621 1352 oratio
1658 1297 2049 1367 verborumque

63 1390 303 1445 delectus
342 1398 391 1444 et
433 1389 749 1460 compositio
788 1387 1077 1442 abhorrere
1118 1388 1183 1441 ab
1226 1387 1316 1440 illa
1361 1394 1536 1440 aetate
1577 1394 1629 1439 et
1671 1403 1700 1439 a
1737 1385 2051 1456 Xenophon-

71 1480 146 1533 tis
185 1479 358 1533 nitore
396 1485 449 1532 et
490 1484 807 1541 venustate,
849 1477 1164 1548 praesertim
1209 1478 1260 1529 in
1316 1474 1453 1528 libro
1487 1483 1595 1529 tam
1647 1474 1783 1527 male
1837 1473 2054 1536 habito,

73 1568 127 1621 in
183 1566 398 1621 brevius
447 1573 725 1620 contracto
778 1572 831 1618 et
887 1565 1073 1618 inultis
1120 1564 1328 1619 mendis
1381 1563 1568 1617 obsito.
1651 1562 1831 1633 Spirat
1886 1565 2052 1626 ἡτῶν

69 1656 325 1711 Λακώνων
363 1653 604 1708 πολιτεία
642 1653 787 1707 illam
824 1653 1059 1726 Lycurgi
1100 1661 1151 1706 et
1186 1652 1572 1723 Spartanorum
1609 1650 2052 1715 admirationem,

74 1760 237 1816 quam
279 1742 456 1815 paullo
497 1741 726 1795 calidius
779 1741 854 1794 illi
893 1739 1264 1812 concipiebant
1307 1757 1439 1811 quos
1493 1739 1697 1810 patriae
1752 1739 1959 1793 Atticae
2000 1748 2054 1794 et

73 1832 312 1886 civitatis
352 1847 481 1885 suae
533 1846 744 1884 morum
798 1847 860 1884 ac
898 1831 1152 1883 vitiorum
1196 1828 1442 1884 taedebat
1481 1826 1819 1899 pigebatque.
1898 1827 2055 1882 Nulla

73 1926 201 1974 sunt
235 1920 288 1972 in
321 1918 419 1973 boe
460 1918 638 1973 libello
669 1918 946 1973 doctrinae
989 1918 1165 1990 paullo
1201 1917 1575 1972 reconditioris
1612 1916 1866 1985 vestigia,
1907 1915 2055 1970 nulla

74 2008 331 2063 historiae
367 2008 692 2079 antiquioris
731 2008 951 2071 notitia,
995 2007 1136 2060 nulla
1177 2014 1476 2077 temporum
1519 2005 1872 2059 vetustiorum
1909 2004 2058 2077 paul-

71 2096 124 2150 lo
159 2097 398 2150 exactior
453 2097 704 2166 cognitio.
785 2097 1020 2167 Apparet
1072 2095 1267 2166 ubique
1309 2093 1398 2147 illa
1456 2094 1725 2148 inerudita
1783 2100 1835 2147 et
1891 2109 2056 2164 paene

70 2183 299 2238 dixerim
340 2182 593 2237 militaris
634 2191 686 2238 et
727 2183 992 2255 Spartana
1047 2183 1401 2254 simplicitas,
1454 2199 1559 2254 qua
1599 2180 1863 2253 quidquid
1913 2189 2055 2236 esset

74 2273 300 2345 Spartae
339 2271 674 2344 praeclarum
729 2280 782 2326 et
829 2272 1106 2343 egregium
1152 2273 1206 2325 in
1265 2271 1428 2325 rebus
1469 2271 1756 2333 oinnibuS,
1802 2271 1854 2324 in
1894 2270 2058 2334 bello,

75 2363 130 2416 in
176 2378 325 2433 rep.‚
368 2361 421 2413 in
462 2361 603 2415 vitae
639 2378 701 2415 ac
753 2377 962 2414 morum
1012 2361 1398 2415 constitutione
1450 2359 1746 2415 referretur
1787 2359 1851 2413 ad
1895 2361 2055 2414 unius

75 2450 312 2523 Lycurgi
346 2447 693 2520 singularem·
717 2466 779 2503 ac
818 2466 986 2521 paene
1026 2449 1263 2503 divinam
1300 2450 1656 2520 sapientiam,
1696 2465 1858 2519 quam
1900 2447 2058 2520 Spar·

77 2539 192 2594 tani
230 2553 417 2591 omnes
456 2538 510 2590 in
557 2538 703 2590 omni
744 2553 989 2591 sermone
1031 2554 1452 2591 commemorare
1504 2545 1555 2591 et
1606 2535 1875 2591 celebrare
1928 2536 2060 2592 sole-

77 2625 225 2682 bant.
305 2624 524 2682 lmhibit
563 2624 785 2679 eandem
829 2624 1239 2679 admirationem
1285 2625 1573 2696 Xenophon
1616 2641 1679 2678 ex
1725 2624 1956 2695 Agesilai
2007 2634 2062 2681 et

77 2713 407 2786 reliquorum
442 2712 830 2784 Spartanorum
867 2712 1233 2767 familiaritate
1267 2721 1320 2767 et
1355 2712 1718 2778 sermonibus,
1761 2713 1902 2769 unde
1930 2714 2059 2770 haec

79 2802 240 2857 verba
282 2803 467 2856 statim
511 2802 564 2854 in
609 2801 763 2855 initio
804 2800 926 2855 libri
984 2802 1194 2873 posuit:
1250 2806 1544 2869 Λυκοῦργον
1597 2803 1681 2856 τὸν
1733 2802 1884 2857 θέντα
1941 2805 2060 2865 τοὺς

81 2890 261 2956 νόμους
301 2891 480 2944 τούσδε
522 2890 610 2944 καὶ
651 2889 898 2956 θαυμάζω
939 2890 1026 2943 καὶ
1081 2892 1177 2950 εἷς
1229 2890 1308 2944 τὰ
1354 2890 1612 2959 ἔσχατοι
1663 2891 1869 2959 σοφὸν
1910 2893 2061 2956 ἡγοῦ·

80 2998 199 3044 μαι.
280 2977 504 3032 Alebant
547 2977 684 3030 hanc
724 2977 1134 3032 admirationem
1181 2979 1483 3050 principum
1529 2978 1917 3050 Spartanorum
1959 2996 2060 3034 non

78 3081 353 3121 sermones
395 3066 568 3136 magis
610 3082 770 3136 quam
813 3066 1073 3138 exempla.
1154 3066 1293 3134 Quid
1332 3066 1604 3121 efficerent
1643 3066 1875 3139 Lycurgi
1919 3067 2061 3139 leges

78 3161 133 3209 et
174 3155 423 3208 instituta
467 3153 520 3206 in
572 3153 805 3224 Agesilai
843 3155 950 3208 vita
993 3162 1044 3208 et
1082 3155 1320 3210 moribus
1367 3156 1605 3226 conspici
1650 3154 1937 3226 Xenophon
1983 3157 2060 3211 iu-

78 3241 307 3297 dicabat.
388 3244 564 3310 Quum
608 3259 673 3297 ex
722 3243 819 3297 hoc
862 3243 1104 3315 exemplo
1142 3245 1396 3316 antiquae
1436 3243 1658 3296 virtutis
1695 3259 1861 3313 remp.
1905 3243 2062 3315 Spar-

83 3339 328 3386 tanorum
369 3338 665 3401 spectaret,
721 3332 842 3402 quis
884 3333 1169 3386 mirabitur
1227 3332 1369 3386 illam
1414 3331 1645 3405 Lycurgi
1686 3329 2059 3402 disciplinam,

86 3418 226 3473 unde
265 3418 396 3473 tales
451 3419 552 3472 viri
595 3419 901 3490 prodirent,
958 3421 1399 3492 exquisitissimis
1455 3417 1702 3472 laudibus
1747 3417 1812 3471 ab
1865 3418 1951 3472 illo
1990 3421 2063 3476 es·

86 3506 213 3561 ferri
254 3514 308 3561 et
345 3507 396 3559 in
442 3506 647 3562 coelum
690 3507 844 3563 tolli?
925 3510 1208 3564 Caeterum
1250 3508 1375 3562 olim
1419 3513 1652 3561 mutatos
1692 3522 1807 3560 csse
1849 3505 2062 3579 Sparta-

90 3611 277 3649 norum
324 3612 529 3654 mores‚
573 3594 923 3666 degenerasse
963 3597 1027 3651 ab
1069 3599 1290 3667 antiqua
1334 3597 1534 3650 virtute
1577 3593 1888 3665 plerosque,
1931 3597 2061 3654 alios
