<?xml version="1.0" encoding="UTF-8"?>
<!DOCTYPE html PUBLIC "-//W3C//DTD XHTML 1.0 Transitional//EN"
    "http://www.w3.org/TR/xhtml1/DTD/xhtml1-transitional.dtd">
<html xmlns="http://www.w3.org/1999/xhtml" xml:lang="en" lang="en">
 <head>
  <title>
</title>
<meta http-equiv="Content-Type" content="text/html;charset=utf-8" />
  <meta name='ocr-system' content='tesseract 3.04.00' />
  <meta name='ocr-capabilities' content='ocr_page ocr_carea ocr_par ocr_line ocrx_word'/>
</head>
<body>
  <div class='ocr_page' id='page_1' title='image "./novaelectionesqu00cobeuoft/novaelectionesqu00cobeuoft_0348.png"; bbox 0 0 2436 4068; ppageno 0'>
   <div class='ocr_carea' id='block_1_1' title="bbox 1249 236 1351 284">
    <p class='ocr_par' dir='ltr' id='par_1_1' title="bbox 1249 236 1351 284">
     <span class='ocr_line' id='line_1_1' title="bbox 1249 236 1351 284; baseline 0.01 -1"><span class='ocrx_word' id='word_1_1' title='bbox 1249 236 1351 284; x_wconf 79' lang='lat'>514</span> 
     </span>
    </p>
   </div>
   <div class='ocr_carea' id='block_1_2' title="bbox 324 377 2321 3700">
    <p class='ocr_par' dir='ltr' id='par_1_2' title="bbox 328 377 2311 1226">
     <span class='ocr_line' id='line_1_2' title="bbox 331 377 2306 452; baseline -0.003 -12"><span class='ocrx_word' id='word_1_2' title='bbox 331 385 489 440; x_wconf 86' lang='lat' dir='ltr'>lectio</span> <span class='ocrx_word' id='word_1_3' title='bbox 524 381 853 452; x_wconf 71' lang='lat' dir='ltr'>conspicitur</span> <span class='ocrx_word' id='word_1_4' title='bbox 890 378 1039 443; x_wconf 81' lang='grc' dir='ltr'><em>ἔμηνε</em></span> <span class='ocrx_word' id='word_1_5' title='bbox 1079 378 1163 430; x_wconf 81' lang='grc' dir='ltr'>τὸν</span> <span class='ocrx_word' id='word_1_6' title='bbox 1197 377 1515 440; x_wconf 70' lang='grc' dir='ltr'><em>Ἀγησίλαον</em></span> <span class='ocrx_word' id='word_1_7' title='bbox 1557 383 1763 443; x_wconf 76' lang='grc' dir='ltr'><em>ταῦτα,</em></span> <span class='ocrx_word' id='word_1_8' title='bbox 1804 397 1940 451; x_wconf 82' lang='lat' dir='ltr'>quae</span> <span class='ocrx_word' id='word_1_9' title='bbox 1983 381 2141 434; x_wconf 86' lang='lat' dir='ltr'>verba</span> <span class='ocrx_word' id='word_1_10' title='bbox 2180 388 2306 436; x_wconf 84' lang='lat' dir='ltr'>sunt</span> 
     </span>
     <span class='ocr_line' id='line_1_3' title="bbox 334 463 2308 543; baseline -0.002 -16"><span class='ocrx_word' id='word_1_11' title='bbox 334 471 580 543; x_wconf 82' lang='lat' dir='ltr'>Agesilao</span> <span class='ocrx_word' id='word_1_12' title='bbox 620 468 883 522; x_wconf 88' lang='lat' dir='ltr'>insaniam</span> <span class='ocrx_word' id='word_1_13' title='bbox 926 472 979 518; x_wconf 92' lang='lat' dir='ltr'>et</span> <span class='ocrx_word' id='word_1_14' title='bbox 1019 463 1211 517; x_wconf 87' lang='lat' dir='ltr'>malam</span> <span class='ocrx_word' id='word_1_15' title='bbox 1256 470 1489 518; x_wconf 82' lang='lat' dir='ltr'>mentem</span> <span class='ocrx_word' id='word_1_16' title='bbox 1541 465 1862 519; x_wconf 82' lang='lat' dir='ltr'>obiicientiS.</span> <span class='ocrx_word' id='word_1_17' title='bbox 1943 467 2087 522; x_wconf 92' lang='lat' dir='ltr'>Nihil</span> <span class='ocrx_word' id='word_1_18' title='bbox 2129 471 2308 524; x_wconf 87' lang='lat' dir='ltr'>minus</span> 
     </span>
     <span class='ocr_line' id='line_1_4' title="bbox 335 552 2308 630; baseline -0.003 -15"><span class='ocrx_word' id='word_1_19' title='bbox 335 559 624 630; x_wconf 82' lang='lat' dir='ltr'>Xenophon</span> <span class='ocrx_word' id='word_1_20' title='bbox 665 553 949 625; x_wconf 79' lang='lat' dir='ltr'>cogitabat.</span> <span class='ocrx_word' id='word_1_21' title='bbox 1028 552 1245 605; x_wconf 84' lang='grc' dir='ltr'><em>Μαίνειν</em></span> <span class='ocrx_word' id='word_1_22' title='bbox 1277 559 1329 605; x_wconf 88' lang='lat' dir='ltr'>et</span> <span class='ocrx_word' id='word_1_23' title='bbox 1368 552 1626 617; x_wconf 87' lang='grc' dir='ltr'><em>ε’κμαίνειν</em></span> <span class='ocrx_word' id='word_1_24' title='bbox 1664 570 1957 623; x_wconf 83' lang='lat' dir='ltr'>numquam</span> <span class='ocrx_word' id='word_1_25' title='bbox 2001 556 2308 626; x_wconf 86' lang='lat' dir='ltr'>significant</span> 
     </span>
     <span class='ocr_line' id='line_1_5' title="bbox 331 640 2305 712; baseline -0.001 -12"><span class='ocrx_word' id='word_1_26' title='bbox 331 648 470 700; x_wconf 79' lang='lat' dir='ltr'>iram</span> <span class='ocrx_word' id='word_1_27' title='bbox 503 661 738 706; x_wconf 82' lang='lat' dir='ltr'>movere,</span> <span class='ocrx_word' id='word_1_28' title='bbox 795 641 885 695; x_wconf 89' lang='lat' dir='ltr'>sed</span> <span class='ocrx_word' id='word_1_29' title='bbox 926 657 1107 693; x_wconf 78' lang='lat' dir='ltr'>sanam</span> <span class='ocrx_word' id='word_1_30' title='bbox 1157 647 1379 692; x_wconf 76' lang='lat' dir='ltr'>mentem</span> <span class='ocrx_word' id='word_1_31' title='bbox 1419 640 1712 710; x_wconf 77' lang='lat' dir='ltr'>expellere,</span> <span class='ocrx_word' id='word_1_32' title='bbox 1770 643 2003 712; x_wconf 83' lang='lat' dir='ltr'>furorem</span> <span class='ocrx_word' id='word_1_33' title='bbox 2043 645 2305 706; x_wconf 73' lang='lat' dir='ltr'>excitare,</span> 
     </span>
     <span class='ocr_line' id='line_1_6' title="bbox 337 726 2309 804; baseline -0.001 -18"><span class='ocrx_word' id='word_1_34' title='bbox 337 730 783 804; x_wconf 83' lang='lat' dir='ltr'>quemadmodum</span> <span class='ocrx_word' id='word_1_35' title='bbox 825 728 1099 795; x_wconf 83' lang='grc' dir='ltr'><em>μαίνεσθαι</em></span> <span class='ocrx_word' id='word_1_36' title='bbox 1151 726 1408 780; x_wconf 83' lang='lat' dir='ltr'>dicuntur</span> <span class='ocrx_word' id='word_1_37' title='bbox 1456 744 1561 780; x_wconf 91' lang='lat' dir='ltr'>non</span> <span class='ocrx_word' id='word_1_38' title='bbox 1615 729 1770 793; x_wconf 78' lang='lat' dir='ltr'>irati,</span> <span class='ocrx_word' id='word_1_39' title='bbox 1825 729 1917 783; x_wconf 91' lang='lat' dir='ltr'>sed</span> <span class='ocrx_word' id='word_1_40' title='bbox 1956 731 2309 794; x_wconf 76' lang='lat' dir='ltr'>insam’ente3‚</span> 
     </span>
     <span class='ocr_line' id='line_1_7' title="bbox 335 814 2307 893; baseline -0.001 -19"><span class='ocrx_word' id='word_1_41' title='bbox 335 820 524 893; x_wconf 70' lang='lat' dir='ltr'>furiosi</span> <span class='ocrx_word' id='word_1_42' title='bbox 557 826 609 872; x_wconf 90' lang='lat' dir='ltr'>et</span> <span class='ocrx_word' id='word_1_43' title='bbox 639 816 826 870; x_wconf 79' lang='lat' dir='ltr'>rabidi.</span> <span class='ocrx_word' id='word_1_44' title='bbox 870 815 925 869; x_wconf 91' lang='lat' dir='ltr'>Si</span> <span class='ocrx_word' id='word_1_45' title='bbox 962 815 1074 877; x_wconf 76' lang='grc' dir='ltr'><em>ἡνία</em></span> <span class='ocrx_word' id='word_1_46' title='bbox 1110 814 1378 867; x_wconf 82' lang='lat' dir='ltr'>scribetur</span> <span class='ocrx_word' id='word_1_47' title='bbox 1419 817 1721 869; x_wconf 84' lang='lat' dir='ltr'>rectissime</span> <span class='ocrx_word' id='word_1_48' title='bbox 1755 816 1960 870; x_wconf 89' lang='lat' dir='ltr'>dictum</span> <span class='ocrx_word' id='word_1_49' title='bbox 1996 819 2119 873; x_wconf 90' lang='lat' dir='ltr'>erit.</span> <span class='ocrx_word' id='word_1_50' title='bbox 2173 819 2307 872; x_wconf 87' lang='lat' dir='ltr'>Ibid.</span> 
     </span>
     <span class='ocr_line' id='line_1_8' title="bbox 332 902 2301 978; baseline -0.001 -16"><span class='ocrx_word' id='word_1_51' title='bbox 332 910 421 963; x_wconf 89' lang='lat'>111.</span> <span class='ocrx_word' id='word_1_52' title='bbox 465 926 532 961; x_wconf 78' lang='lat' dir='ltr'>w.</span> <span class='ocrx_word' id='word_1_53' title='bbox 581 910 665 960; x_wconf 75' lang='lat'>12.</span> <span class='ocrx_word' id='word_1_54' title='bbox 718 907 788 972; x_wconf 78' lang='grc' dir='ltr'>τῷ</span> <span class='ocrx_word' id='word_1_55' title='bbox 840 903 943 957; x_wconf 79' lang='grc' dir='ltr'><em>όντι</em></span> <span class='ocrx_word' id='word_1_56' title='bbox 996 903 1209 968; x_wconf 83' lang='grc' dir='ltr'><em>νομίσας</em></span> <span class='ocrx_word' id='word_1_57' title='bbox 1261 903 1346 956; x_wconf 78' lang='grc' dir='ltr'>ἐπὶ</span> <span class='ocrx_word' id='word_1_58' title='bbox 1397 903 1481 957; x_wconf 81' lang='grc' dir='ltr'>τὸν</span> <span class='ocrx_word' id='word_1_59' title='bbox 1539 906 1698 958; x_wconf 79' lang='grc' dir='ltr'><em>αὐτοῦ</em></span> <span class='ocrx_word' id='word_1_60' title='bbox 1749 902 1877 958; x_wconf 81' lang='grc' dir='ltr'><em>οἷκον</em></span> <span class='ocrx_word' id='word_1_61' title='bbox 1939 904 2032 976; x_wconf 82' lang='grc' dir='ltr'><em>[εἷς</em></span> <span class='ocrx_word' id='word_1_62' title='bbox 2084 905 2301 978; x_wconf 83' lang='grc' dir='ltr'><em>Καρίαν]</em></span> 
     </span>
     <span class='ocr_line' id='line_1_9' title="bbox 332 990 2310 1063; baseline -0.001 -11"><span class='ocrx_word' id='word_1_63' title='bbox 332 999 489 1051; x_wconf 79' lang='grc' dir='ltr'><em>αὐτὸν</em></span> <span class='ocrx_word' id='word_1_64' title='bbox 528 997 792 1063; x_wconf 76' lang='grc' dir='ltr'><em>ὁρμήσειν,</em></span> <span class='ocrx_word' id='word_1_65' title='bbox 853 990 988 1044; x_wconf 83' lang='lat' dir='ltr'>conf.</span> <span class='ocrx_word' id='word_1_66' title='bbox 1033 991 1122 1044; x_wconf 90' lang='lat' dir='ltr'>III.</span> <span class='ocrx_word' id='word_1_67' title='bbox 1165 1008 1217 1044; x_wconf 88' lang='lat'>11.</span> <span class='ocrx_word' id='word_1_68' title='bbox 1264 993 1353 1045; x_wconf 77' lang='lat'>12.</span> <span class='ocrx_word' id='word_1_69' title='bbox 1433 991 1568 1044; x_wconf 86' lang='lat' dir='ltr'>Ihid.</span> <span class='ocrx_word' id='word_1_70' title='bbox 1604 993 1704 1046; x_wconf 86' lang='lat' dir='ltr'>Ill.</span> <span class='ocrx_word' id='word_1_71' title='bbox 1746 1010 1794 1046; x_wconf 85' lang='lat' dir='ltr'>v.</span> <span class='ocrx_word' id='word_1_72' title='bbox 1838 998 1888 1047; x_wconf 78' lang='lat'>5.</span> <span class='ocrx_word' id='word_1_73' title='bbox 1945 993 2016 1046; x_wconf 75' lang='grc' dir='ltr'><em>τα</em></span> <span class='ocrx_word' id='word_1_74' title='bbox 2056 995 2310 1061; x_wconf 87' lang='grc' dir='ltr'><em>τεθυμένα</em></span> 
     </span>
     <span class='ocr_line' id='line_1_10' title="bbox 328 1078 2311 1157; baseline 0.001 -22"><span class='ocrx_word' id='word_1_75' title='bbox 328 1085 442 1153; x_wconf 70' lang='grc' dir='ltr'><em>ἱεροὶ</em></span> <span class='ocrx_word' id='word_1_76' title='bbox 489 1084 600 1157; x_wconf 80' lang='grc' dir='ltr'><strong><em>[ὡς]</em></strong></span> <span class='ocrx_word' id='word_1_77' title='bbox 645 1082 889 1149; x_wconf 78' lang='grc' dir='ltr'><em>ἔρριψαν,</em></span> <span class='ocrx_word' id='word_1_78' title='bbox 933 1084 1108 1150; x_wconf 89' lang='lat' dir='ltr'>potest</span> <span class='ocrx_word' id='word_1_79' title='bbox 1148 1086 1201 1132; x_wconf 92' lang='lat' dir='ltr'>et</span> <span class='ocrx_word' id='word_1_80' title='bbox 1234 1078 1488 1145; x_wconf 84' lang='grc' dir='ltr'><em>διέρριψαν</em></span> <span class='ocrx_word' id='word_1_81' title='bbox 1530 1079 1694 1133; x_wconf 87' lang='lat' dir='ltr'>scribi</span> <span class='ocrx_word' id='word_1_82' title='bbox 1737 1079 1828 1134; x_wconf 87' lang='lat' dir='ltr'>sed</span> <span class='ocrx_word' id='word_1_83' title='bbox 1869 1083 1932 1142; x_wconf 75' lang='grc' dir='ltr'>ὡς</span> <span class='ocrx_word' id='word_1_84' title='bbox 1971 1083 2188 1136; x_wconf 89' lang='lat' dir='ltr'>omnino</span> <span class='ocrx_word' id='word_1_85' title='bbox 2228 1090 2311 1137; x_wconf 91' lang='lat' dir='ltr'>est</span> 
     </span>
     <span class='ocr_line' id='line_1_11' title="bbox 330 1171 714 1226; baseline -0.005 0"><span class='ocrx_word' id='word_1_86' title='bbox 330 1171 714 1226; x_wconf 85' lang='lat' dir='ltr'>abiiciendum.</span> 
     </span>
    </p>

    <p class='ocr_par' dir='ltr' id='par_1_3' title="bbox 324 1253 2315 2555">
     <span class='ocr_line' id='line_1_12' title="bbox 409 1253 2310 1332; baseline 0 -19"><span class='ocrx_word' id='word_1_87' title='bbox 409 1261 469 1314; x_wconf 86' lang='lat' dir='ltr'>In</span> <span class='ocrx_word' id='word_1_88' title='bbox 511 1257 712 1311; x_wconf 83' lang='lat' dir='ltr'>Hellen.</span> <span class='ocrx_word' id='word_1_89' title='bbox 751 1254 838 1309; x_wconf 91' lang='lat' dir='ltr'>IV.</span> <span class='ocrx_word' id='word_1_90' title='bbox 881 1273 914 1308; x_wconf 89' lang='lat'>1.</span> <span class='ocrx_word' id='word_1_91' title='bbox 961 1259 1046 1308; x_wconf 80' lang='lat'>55.</span> <span class='ocrx_word' id='word_1_92' title='bbox 1089 1253 1226 1317; x_wconf 71' lang='grc' dir='ltr'><em>ἕξεςί</em></span> <span class='ocrx_word' id='word_1_93' title='bbox 1263 1275 1338 1308; x_wconf 94' lang='grc' dir='ltr'><em>σοι</em></span> <span class='ocrx_word' id='word_1_94' title='bbox 1379 1285 1453 1295; x_wconf 88' lang='lat'>——</span> <span class='ocrx_word' id='word_1_95' title='bbox 1491 1255 1688 1319; x_wconf 89' lang='grc' dir='ltr'><em>μηδένα</em></span> <span class='ocrx_word' id='word_1_96' title='bbox 1738 1262 2113 1324; x_wconf 75' lang='grc' dir='ltr'><em>προσκυνοῦνται</em></span> <span class='ocrx_word' id='word_1_97' title='bbox 2159 1260 2310 1332; x_wconf 79' lang='grc' dir='ltr'><em>[μηδὲ</em></span> 
     </span>
     <span class='ocr_line' id='line_1_13' title="bbox 324 1342 2310 1414; baseline -0.001 -12"><span class='ocrx_word' id='word_1_98' title='bbox 324 1346 581 1408; x_wconf 80' lang='grc' dir='ltr'><em>δεσπότην</em></span> <span class='ocrx_word' id='word_1_99' title='bbox 623 1343 838 1414; x_wconf 76' lang='grc' dir='ltr'><em>ἔχοντα]</em></span> <span class='ocrx_word' id='word_1_100' title='bbox 883 1342 1000 1409; x_wconf 78' lang='grc' dir='ltr'><em>ζῆν,</em></span> <span class='ocrx_word' id='word_1_101' title='bbox 1041 1342 1258 1396; x_wconf 83' lang='lat' dir='ltr'>Graecis</span> <span class='ocrx_word' id='word_1_102' title='bbox 1299 1343 1495 1395; x_wconf 85' lang='lat' dir='ltr'>merito</span> <span class='ocrx_word' id='word_1_103' title='bbox 1534 1343 1749 1398; x_wconf 85' lang='lat' dir='ltr'>videtur</span> <span class='ocrx_word' id='word_1_104' title='bbox 1781 1347 1838 1400; x_wconf 81' lang='grc' dir='ltr'>τὸ</span> <span class='ocrx_word' id='word_1_105' title='bbox 1873 1353 2165 1413; x_wconf 81' lang='grc' dir='ltr'><em>προσκυνεῖν</em></span> <span class='ocrx_word' id='word_1_106' title='bbox 2194 1368 2310 1401; x_wconf 92' lang='grc' dir='ltr'><em>τινα</em></span> 
     </span>
     <span class='ocr_line' id='line_1_14' title="bbox 325 1429 2309 1501; baseline -0.001 -12"><span class='ocrx_word' id='word_1_107' title='bbox 325 1435 699 1490; x_wconf 81' lang='lat' dir='ltr'>certissimum</span> <span class='ocrx_word' id='word_1_108' title='bbox 754 1431 1033 1484; x_wconf 87' lang='lat' dir='ltr'>servitutis</span> <span class='ocrx_word' id='word_1_109' title='bbox 1089 1429 1386 1483; x_wconf 90' lang='lat' dir='ltr'>indicium:</span> <span class='ocrx_word' id='word_1_110' title='bbox 1446 1431 1628 1501; x_wconf 89' lang='lat' dir='ltr'>itaque</span> <span class='ocrx_word' id='word_1_111' title='bbox 1684 1433 1879 1496; x_wconf 88' lang='grc' dir='ltr'><em>μηδένα</em></span> <span class='ocrx_word' id='word_1_112' title='bbox 1935 1439 2309 1501; x_wconf 77' lang='grc' dir='ltr'><em>προσκυνοῦντα</em></span> 
     </span>
     <span class='ocr_line' id='line_1_15' title="bbox 326 1517 2311 1593; baseline -0.001 -16"><span class='ocrx_word' id='word_1_113' title='bbox 326 1522 602 1593; x_wconf 78' lang='lat' dir='ltr'>significat</span> <span class='ocrx_word' id='word_1_114' title='bbox 643 1519 837 1585; x_wconf 85' lang='grc' dir='ltr'><em>μηδένα</em></span> <span class='ocrx_word' id='word_1_115' title='bbox 875 1517 1126 1578; x_wconf 79' lang='grc' dir='ltr'><em>δεσπότην</em></span> <span class='ocrx_word' id='word_1_116' title='bbox 1166 1517 1395 1585; x_wconf 81' lang='grc' dir='ltr'><em>ἔχοντα,</em></span> <span class='ocrx_word' id='word_1_117' title='bbox 1436 1519 1576 1588; x_wconf 88' lang='lat' dir='ltr'>quod</span> <span class='ocrx_word' id='word_1_118' title='bbox 1618 1520 1861 1574; x_wconf 85' lang='lat' dir='ltr'>additum</span> <span class='ocrx_word' id='word_1_119' title='bbox 1902 1523 2012 1574; x_wconf 88' lang='lat' dir='ltr'>vim</span> <span class='ocrx_word' id='word_1_120' title='bbox 2054 1521 2188 1575; x_wconf 85' lang='lat' dir='ltr'>dicti</span> <span class='ocrx_word' id='word_1_121' title='bbox 2223 1521 2311 1576; x_wconf 89' lang='lat' dir='ltr'>he·</span> 
     </span>
     <span class='ocr_line' id='line_1_16' title="bbox 327 1603 2308 1678; baseline -0.001 -13"><span class='ocrx_word' id='word_1_122' title='bbox 327 1612 476 1665; x_wconf 67' lang='lat' dir='ltr'>lietat</span> <span class='ocrx_word' id='word_1_123' title='bbox 525 1615 578 1662; x_wconf 89' lang='lat' dir='ltr'>et</span> <span class='ocrx_word' id='word_1_124' title='bbox 628 1611 900 1661; x_wconf 82' lang='lat' dir='ltr'>extenuat.</span> <span class='ocrx_word' id='word_1_125' title='bbox 981 1603 1113 1658; x_wconf 84' lang='lat' dir='ltr'>Ihid.</span> <span class='ocrx_word' id='word_1_126' title='bbox 1152 1605 1240 1657; x_wconf 91' lang='lat' dir='ltr'>IV.</span> <span class='ocrx_word' id='word_1_127' title='bbox 1283 1622 1358 1658; x_wconf 86' lang='lat'>111.</span> <span class='ocrx_word' id='word_1_128' title='bbox 1402 1610 1454 1659; x_wconf 85' lang='lat'>8.</span> <span class='ocrx_word' id='word_1_129' title='bbox 1507 1607 1696 1669; x_wconf 77' lang='grc' dir='ltr'><em>ἔςησαν</em></span> <span class='ocrx_word' id='word_1_130' title='bbox 1745 1609 1788 1661; x_wconf 90' lang='grc' dir='ltr'><em>δ’</em></span> <span class='ocrx_word' id='word_1_131' title='bbox 1828 1612 1882 1663; x_wconf 78' lang='grc' dir='ltr'>οὐ</span> <span class='ocrx_word' id='word_1_132' title='bbox 1937 1609 2146 1678; x_wconf 82' lang='grc' dir='ltr'><em>πρόσθεν</em></span> <span class='ocrx_word' id='word_1_133' title='bbox 2193 1611 2308 1677; x_wconf 78' lang='grc' dir='ltr'><em>πρὶν</em></span> 
     </span>
     <span class='ocr_line' id='line_1_17' title="bbox 333 1693 2308 1771; baseline -0.001 -20"><span class='ocrx_word' id='word_1_134' title='bbox 333 1700 405 1771; x_wconf 79' lang='grc' dir='ltr'>[ἐν</span> <span class='ocrx_word' id='word_1_135' title='bbox 441 1699 511 1766; x_wconf 75' lang='grc' dir='ltr'>τῷ</span> <span class='ocrx_word' id='word_1_136' title='bbox 548 1696 668 1765; x_wconf 75' lang='grc' dir='ltr'><em>ὄρει]</em></span> <span class='ocrx_word' id='word_1_137' title='bbox 717 1696 766 1747; x_wconf 84' lang='grc' dir='ltr'>ἐν</span> <span class='ocrx_word' id='word_1_138' title='bbox 807 1694 1079 1760; x_wconf 84' lang='grc' dir='ltr'><em>Ναρθακίῳ</em></span> <span class='ocrx_word' id='word_1_139' title='bbox 1121 1693 1350 1757; x_wconf 75' lang='grc' dir='ltr'><em>ἐγένοντο</em></span> <span class='ocrx_word' id='word_1_140' title='bbox 1375 1735 1388 1757; x_wconf 94' lang='grc'><em>,</em></span> <span class='ocrx_word' id='word_1_141' title='bbox 1429 1695 1562 1748; x_wconf 89' lang='lat' dir='ltr'>satis</span> <span class='ocrx_word' id='word_1_142' title='bbox 1617 1704 1804 1750; x_wconf 87' lang='lat' dir='ltr'>notum</span> <span class='ocrx_word' id='word_1_143' title='bbox 1846 1714 2040 1751; x_wconf 89' lang='lat' dir='ltr'>nomen</span> <span class='ocrx_word' id='word_1_144' title='bbox 2090 1698 2308 1752; x_wconf 88' lang='lat' dir='ltr'>Graecis</span> 
     </span>
     <span class='ocr_line' id='line_1_18' title="bbox 324 1781 2309 1851; baseline 0 -11"><span class='ocrx_word' id='word_1_145' title='bbox 324 1793 447 1840; x_wconf 83' lang='lat' dir='ltr'>erat</span> <span class='ocrx_word' id='word_1_146' title='bbox 502 1784 666 1846; x_wconf 88' lang='lat' dir='ltr'>olim,</span> <span class='ocrx_word' id='word_1_147' title='bbox 724 1789 783 1836; x_wconf 91' lang='lat' dir='ltr'>ut</span> <span class='ocrx_word' id='word_1_148' title='bbox 823 1781 1033 1834; x_wconf 81' lang='lat' dir='ltr'>fatuum</span> <span class='ocrx_word' id='word_1_149' title='bbox 1080 1781 1624 1851; x_wconf 84' lang='lat' dir='ltr'>interpretamentum</span> <span class='ocrx_word' id='word_1_150' title='bbox 1681 1801 1786 1837; x_wconf 90' lang='lat' dir='ltr'>non</span> <span class='ocrx_word' id='word_1_151' title='bbox 1840 1784 2108 1840; x_wconf 85' lang='lat' dir='ltr'>admittat.</span> <span class='ocrx_word' id='word_1_152' title='bbox 2188 1786 2309 1840; x_wconf 91' lang='lat' dir='ltr'>Plu·</span> 
     </span>
     <span class='ocr_line' id='line_1_19' title="bbox 331 1867 2307 1942; baseline 0 -14"><span class='ocrx_word' id='word_1_153' title='bbox 331 1874 552 1928; x_wconf 74' lang='lat' dir='ltr'>[archus</span> <span class='ocrx_word' id='word_1_154' title='bbox 595 1870 790 1942; x_wconf 83' lang='lat' dir='ltr'>Agesil.</span> <span class='ocrx_word' id='word_1_155' title='bbox 838 1874 925 1923; x_wconf 88' lang='grc'>16.</span> <span class='ocrx_word' id='word_1_156' title='bbox 983 1886 1048 1922; x_wconf 86' lang='lat' dir='ltr'>ex</span> <span class='ocrx_word' id='word_1_157' title='bbox 1086 1867 1186 1922; x_wconf 85' lang='lat' dir='ltr'>hoe</span> <span class='ocrx_word' id='word_1_158' title='bbox 1242 1870 1357 1939; x_wconf 91' lang='lat' dir='ltr'>ipso</span> <span class='ocrx_word' id='word_1_159' title='bbox 1397 1868 1511 1922; x_wconf 92' lang='lat' dir='ltr'>loco</span> <span class='ocrx_word' id='word_1_160' title='bbox 1551 1870 1707 1924; x_wconf 82' lang='lat' dir='ltr'>affert</span> <span class='ocrx_word' id='word_1_161' title='bbox 1748 1873 1845 1926; x_wconf 85' lang='grc' dir='ltr'>ὑπὸ</span> <span class='ocrx_word' id='word_1_162' title='bbox 1884 1874 1954 1940; x_wconf 79' lang='grc' dir='ltr'>τῷ</span> <span class='ocrx_word' id='word_1_163' title='bbox 2000 1875 2307 1942; x_wconf 75' lang='grc' dir='ltr'><em>Ναρθακίῳε</em></span> 
     </span>
     <span class='ocr_line' id='line_1_20' title="bbox 327 1957 2305 2031; baseline 0.001 -15"><span class='ocrx_word' id='word_1_164' title='bbox 327 1964 374 2017; x_wconf 87' lang='lat' dir='ltr'>si</span> <span class='ocrx_word' id='word_1_165' title='bbox 398 1961 684 2016; x_wconf 81' lang='lat' dir='ltr'>Plutarcho</span> <span class='ocrx_word' id='word_1_166' title='bbox 726 1960 820 2013; x_wconf 92' lang='lat' dir='ltr'>hoc</span> <span class='ocrx_word' id='word_1_167' title='bbox 856 1957 989 2011; x_wconf 87' lang='lat' dir='ltr'>satis</span> <span class='ocrx_word' id='word_1_168' title='bbox 1023 1962 1132 2018; x_wconf 89' lang='lat' dir='ltr'>est,</span> <span class='ocrx_word' id='word_1_169' title='bbox 1172 1957 1509 2027; x_wconf 87' lang='lat' dir='ltr'>Xenophonti</span> <span class='ocrx_word' id='word_1_170' title='bbox 1534 1975 1780 2030; x_wconf 85' lang='lat' dir='ltr'>quoque,</span> <span class='ocrx_word' id='word_1_171' title='bbox 1822 1966 1883 2014; x_wconf 91' lang='lat' dir='ltr'>ut</span> <span class='ocrx_word' id='word_1_172' title='bbox 1919 1961 2127 2031; x_wconf 89' lang='lat' dir='ltr'>opinor.</span> <span class='ocrx_word' id='word_1_173' title='bbox 2169 1961 2305 2017; x_wconf 88' lang='lat' dir='ltr'>lbid.</span> 
     </span>
     <span class='ocr_line' id='line_1_21' title="bbox 329 2046 2310 2119; baseline -0.001 -15"><span class='ocrx_word' id='word_1_174' title='bbox 329 2050 418 2104; x_wconf 85' lang='lat' dir='ltr'>lV.</span> <span class='ocrx_word' id='word_1_175' title='bbox 460 2067 527 2103; x_wconf 84' lang='lat' dir='ltr'>lv.</span> <span class='ocrx_word' id='word_1_176' title='bbox 571 2053 621 2103; x_wconf 83' lang='lat'>6.</span> <span class='ocrx_word' id='word_1_177' title='bbox 672 2050 713 2101; x_wconf 82' lang='grc' dir='ltr'><em>εἶ</em></span> <span class='ocrx_word' id='word_1_178' title='bbox 751 2049 844 2113; x_wconf 84' lang='grc' dir='ltr'>μὲν</span> <span class='ocrx_word' id='word_1_179' title='bbox 875 2046 1106 2099; x_wconf 80' lang='grc' dir='ltr'><em>δύναιντο</em></span> <span class='ocrx_word' id='word_1_180' title='bbox 1146 2075 1221 2086; x_wconf 90' lang='lat'>-—</span> <span class='ocrx_word' id='word_1_181' title='bbox 1260 2047 1302 2099; x_wconf 83' lang='grc' dir='ltr'><em>εἰ</em></span> <span class='ocrx_word' id='word_1_182' title='bbox 1342 2046 1393 2100; x_wconf 83' lang='grc' dir='ltr'><em>δὲ</em></span> <span class='ocrx_word' id='word_1_183' title='bbox 1436 2048 1510 2111; x_wconf 71' lang='grc' dir='ltr'>μὴ</span> <span class='ocrx_word' id='word_1_184' title='bbox 1558 2047 1832 2119; x_wconf 79' lang='grc' dir='ltr'><em>[δύναιντο]</em></span> <span class='ocrx_word' id='word_1_185' title='bbox 1880 2050 1978 2102; x_wconf 78' lang='grc' dir='ltr'>τῶν</span> <span class='ocrx_word' id='word_1_186' title='bbox 2017 2069 2083 2114; x_wconf 70' lang='grc' dir='ltr'><em>γε</em></span> <span class='ocrx_word' id='word_1_187' title='bbox 2123 2050 2310 2103; x_wconf 80' lang='grc' dir='ltr'><em>καλλί-</em></span> 
     </span>
     <span class='ocr_line' id='line_1_22' title="bbox 327 2133 2310 2205; baseline -0.001 -12"><span class='ocrx_word' id='word_1_188' title='bbox 327 2160 427 2196; x_wconf 83' lang='grc' dir='ltr'>ςων</span> <span class='ocrx_word' id='word_1_189' title='bbox 468 2139 576 2191; x_wconf 81' lang='grc' dir='ltr'><em>κτὲ.</em></span> <span class='ocrx_word' id='word_1_190' title='bbox 656 2135 969 2190; x_wconf 89' lang='lat' dir='ltr'>Necessaria</span> <span class='ocrx_word' id='word_1_191' title='bbox 1010 2139 1092 2186; x_wconf 90' lang='lat' dir='ltr'>est</span> <span class='ocrx_word' id='word_1_192' title='bbox 1131 2133 1187 2184; x_wconf 89' lang='lat' dir='ltr'>in</span> <span class='ocrx_word' id='word_1_193' title='bbox 1229 2133 1428 2186; x_wconf 87' lang='lat' dir='ltr'>talibus</span> <span class='ocrx_word' id='word_1_194' title='bbox 1469 2133 1690 2205; x_wconf 83' lang='lat' dir='ltr'>ellipsis,</span> <span class='ocrx_word' id='word_1_195' title='bbox 1770 2135 1903 2189; x_wconf 88' lang='lat' dir='ltr'>lbid.</span> <span class='ocrx_word' id='word_1_196' title='bbox 1935 2136 2024 2190; x_wconf 92' lang='lat' dir='ltr'>lV.</span> <span class='ocrx_word' id='word_1_197' title='bbox 2066 2154 2115 2191; x_wconf 87' lang='lat' dir='ltr'>v.</span> <span class='ocrx_word' id='word_1_198' title='bbox 2171 2141 2224 2193; x_wconf 77' lang='grc' dir='ltr'>ὅ.</span> <span class='ocrx_word' id='word_1_199' title='bbox 2266 2140 2310 2192; x_wconf 84' lang='grc' dir='ltr'>οἱ</span> 
     </span>
     <span class='ocr_line' id='line_1_23' title="bbox 331 2220 2315 2293; baseline 0 -14"><span class='ocrx_word' id='word_1_200' title='bbox 331 2228 375 2280; x_wconf 87' lang='grc' dir='ltr'><em>δ’</em></span> <span class='ocrx_word' id='word_1_201' title='bbox 413 2227 464 2278; x_wconf 83' lang='grc' dir='ltr'>ἐν</span> <span class='ocrx_word' id='word_1_202' title='bbox 502 2226 572 2292; x_wconf 79' lang='grc' dir='ltr'>τῷ</span> <span class='ocrx_word' id='word_1_203' title='bbox 613 2224 797 2291; x_wconf 83' lang='grc' dir='ltr'><em>Ἡραίῳ</em></span> <span class='ocrx_word' id='word_1_204' title='bbox 841 2221 1366 2292; x_wconf 70' lang='grc' dir='ltr'><em>[καταπεφευγότες]</em></span> <span class='ocrx_word' id='word_1_205' title='bbox 1406 2220 1630 2290; x_wconf 73' lang='grc' dir='ltr'><em>ἐξῇσαν,</em></span> <span class='ocrx_word' id='word_1_206' title='bbox 1683 2223 1958 2293; x_wconf 81' lang='lat' dir='ltr'>praeclara</span> <span class='ocrx_word' id='word_1_207' title='bbox 2007 2225 2178 2278; x_wconf 85' lang='lat' dir='ltr'>oratio</span> <span class='ocrx_word' id='word_1_208' title='bbox 2233 2233 2315 2280; x_wconf 87' lang='lat' dir='ltr'>est</span> 
     </span>
     <span class='ocr_line' id='line_1_24' title="bbox 333 2309 2311 2380; baseline 0 -13"><span class='ocrx_word' id='word_1_209' title='bbox 333 2315 383 2366; x_wconf 82' lang='grc' dir='ltr'>ἒν</span> <span class='ocrx_word' id='word_1_210' title='bbox 423 2314 532 2380; x_wconf 79' lang='grc' dir='ltr'><em>ἱερῷ</em></span> <span class='ocrx_word' id='word_1_211' title='bbox 587 2312 948 2379; x_wconf 68' lang='grc' dir='ltr'><em>καταφεύγειν</em></span> <span class='ocrx_word' id='word_1_212' title='bbox 989 2316 1042 2363; x_wconf 89' lang='lat' dir='ltr'>et</span> <span class='ocrx_word' id='word_1_213' title='bbox 1084 2309 1434 2379; x_wconf 85' lang='lat' dir='ltr'>Xenophonte</span> <span class='ocrx_word' id='word_1_214' title='bbox 1474 2309 1829 2379; x_wconf 83' lang='lat' dir='ltr'>dignissima,</span> <span class='ocrx_word' id='word_1_215' title='bbox 1891 2318 1950 2364; x_wconf 91' lang='lat' dir='ltr'>ut</span> <span class='ocrx_word' id='word_1_216' title='bbox 1989 2311 2153 2366; x_wconf 87' lang='lat' dir='ltr'>vides.</span> <span class='ocrx_word' id='word_1_217' title='bbox 2233 2313 2311 2367; x_wconf 83' lang='lat' dir='ltr'>lb.</span> 
     </span>
     <span class='ocr_line' id='line_1_25' title="bbox 331 2397 2310 2472; baseline -0.001 -17"><span class='ocrx_word' id='word_1_218' title='bbox 331 2400 420 2455; x_wconf 91' lang='lat' dir='ltr'>IV.</span> <span class='ocrx_word' id='word_1_219' title='bbox 463 2418 510 2454; x_wconf 90' lang='lat' dir='ltr'>v.</span> <span class='ocrx_word' id='word_1_220' title='bbox 556 2403 643 2454; x_wconf 87' lang='lat'>16.</span> <span class='ocrx_word' id='word_1_221' title='bbox 699 2402 1085 2465; x_wconf 71' lang='grc' dir='ltr'><em>ἀναχωροῦντες</em></span> <span class='ocrx_word' id='word_1_222' title='bbox 1127 2397 1178 2450; x_wconf 79' lang='grc' dir='ltr'><em>δὲ</em></span> <span class='ocrx_word' id='word_1_223' title='bbox 1214 2397 1288 2451; x_wconf 82' lang='grc' dir='ltr'><em>ἔτι</em></span> <span class='ocrx_word' id='word_1_224' title='bbox 1331 2398 1560 2458; x_wconf 77' lang='grc' dir='ltr'><em>πλείονες</em></span> <span class='ocrx_word' id='word_1_225' title='bbox 1614 2400 1782 2452; x_wconf 82' lang='grc' dir='ltr'><em>αὐτῶν</em></span> <span class='ocrx_word' id='word_1_226' title='bbox 1824 2398 2040 2463; x_wconf 84' lang='grc' dir='ltr'><em>ἔπεσον,</em></span> <span class='ocrx_word' id='word_1_227' title='bbox 2099 2402 2310 2472; x_wconf 79' lang='lat' dir='ltr'>corrige</span> 
     </span>
     <span class='ocr_line' id='line_1_26' title="bbox 333 2484 1480 2555; baseline -0.003 -13"><span class='ocrx_word' id='word_1_228' title='bbox 333 2487 488 2543; x_wconf 86' lang='lat' dir='ltr'>sodes</span> <span class='ocrx_word' id='word_1_229' title='bbox 529 2488 926 2555; x_wconf 68' lang='grc' dir='ltr'><em>ἀναχωρούντων</em></span> <span class='ocrx_word' id='word_1_230' title='bbox 965 2485 1017 2539; x_wconf 89' lang='grc' dir='ltr'><em>δέ</em></span> <span class='ocrx_word' id='word_1_231' title='bbox 1059 2491 1111 2539; x_wconf 82' lang='lat' dir='ltr'>et</span> <span class='ocrx_word' id='word_1_232' title='bbox 1147 2487 1316 2539; x_wconf 78' lang='grc' dir='ltr'><em>αὐτῶν</em></span> <span class='ocrx_word' id='word_1_233' title='bbox 1349 2484 1480 2539; x_wconf 88' lang='lat' dir='ltr'>dele.</span> 
     </span>
    </p>

    <p class='ocr_par' dir='ltr' id='par_1_4' title="bbox 332 2572 2321 3432">
     <span class='ocr_line' id='line_1_27' title="bbox 411 2572 2313 2647; baseline 0.001 -18"><span class='ocrx_word' id='word_1_234' title='bbox 411 2576 473 2630; x_wconf 92' lang='lat' dir='ltr'>In</span> <span class='ocrx_word' id='word_1_235' title='bbox 515 2574 717 2629; x_wconf 88' lang='lat' dir='ltr'>Hellen.</span> <span class='ocrx_word' id='word_1_236' title='bbox 761 2574 895 2627; x_wconf 87' lang='lat' dir='ltr'>libro</span> <span class='ocrx_word' id='word_1_237' title='bbox 926 2573 987 2625; x_wconf 92' lang='lat' dir='ltr'>V.</span> <span class='ocrx_word' id='word_1_238' title='bbox 1034 2591 1067 2627; x_wconf 90' lang='lat'>1.</span> <span class='ocrx_word' id='word_1_239' title='bbox 1114 2576 1166 2626; x_wconf 75' lang='lat'>2.</span> <span class='ocrx_word' id='word_1_240' title='bbox 1211 2572 1348 2626; x_wconf 92' lang='lat' dir='ltr'>male</span> <span class='ocrx_word' id='word_1_241' title='bbox 1388 2573 1607 2643; x_wconf 87' lang='lat' dir='ltr'>irrepsit</span> <span class='ocrx_word' id='word_1_242' title='bbox 1648 2574 1856 2628; x_wconf 89' lang='lat' dir='ltr'>inutilis</span> <span class='ocrx_word' id='word_1_243' title='bbox 1895 2577 2218 2647; x_wconf 84' lang='lat' dir='ltr'>praepositio</span> <span class='ocrx_word' id='word_1_244' title='bbox 2259 2577 2313 2630; x_wconf 92' lang='lat' dir='ltr'>in</span> 
     </span>
     <span class='ocr_line' id='line_1_28' title="bbox 338 2660 2315 2734; baseline 0.001 -16"><span class='ocrx_word' id='word_1_245' title='bbox 338 2663 499 2718; x_wconf 82' lang='lat' dir='ltr'>verba</span> <span class='ocrx_word' id='word_1_246' title='bbox 559 2662 690 2734; x_wconf 77' lang='grc' dir='ltr'>[ἐπὶ]</span> <span class='ocrx_word' id='word_1_247' title='bbox 748 2667 846 2716; x_wconf 83' lang='grc' dir='ltr'>τῶν</span> <span class='ocrx_word' id='word_1_248' title='bbox 897 2663 1055 2725; x_wconf 78' lang='grc' dir='ltr'><em>νήσων</em></span> <span class='ocrx_word' id='word_1_249' title='bbox 1109 2680 1191 2713; x_wconf 89' lang='grc' dir='ltr'><em>ποι</em></span> <span class='ocrx_word' id='word_1_250' title='bbox 1239 2660 1554 2728; x_wconf 70' lang='grc' dir='ltr'><em>ἀφιγμένος.</em></span> <span class='ocrx_word' id='word_1_251' title='bbox 1646 2661 1863 2732; x_wconf 85' lang='lat' dir='ltr'>Corrige</span> <span class='ocrx_word' id='word_1_252' title='bbox 1916 2663 2098 2718; x_wconf 89' lang='lat' dir='ltr'>eodem</span> <span class='ocrx_word' id='word_1_253' title='bbox 2159 2665 2315 2718; x_wconf 88' lang='lat' dir='ltr'>modo</span> 
     </span>
     <span class='ocr_line' id='line_1_29' title="bbox 338 2748 2313 2822; baseline -0.001 -16"><span class='ocrx_word' id='word_1_254' title='bbox 338 2753 517 2806; x_wconf 82' lang='lat' dir='ltr'>locum</span> <span class='ocrx_word' id='word_1_255' title='bbox 539 2749 705 2803; x_wconf 85' lang='lat' dir='ltr'>V1.11.</span> <span class='ocrx_word' id='word_1_256' title='bbox 733 2755 817 2803; x_wconf 86' lang='lat'>11.</span> <span class='ocrx_word' id='word_1_257' title='bbox 862 2748 1268 2814; x_wconf 85' lang='grc' dir='ltr'><em>διακομισθέντες</em></span> <span class='ocrx_word' id='word_1_258' title='bbox 1315 2768 1397 2802; x_wconf 89' lang='grc' dir='ltr'><em>ποι</em></span> <span class='ocrx_word' id='word_1_259' title='bbox 1439 2757 1530 2811; x_wconf 75' lang='grc' dir='ltr'>τῆς</span> <span class='ocrx_word' id='word_1_260' title='bbox 1565 2751 1739 2815; x_wconf 80' lang='grc' dir='ltr'><em>χώρας</em></span> <span class='ocrx_word' id='word_1_261' title='bbox 1775 2750 1865 2803; x_wconf 88' lang='lat' dir='ltr'>uhi</span> <span class='ocrx_word' id='word_1_262' title='bbox 1905 2751 2160 2822; x_wconf 85' lang='lat' dir='ltr'>vulgatur</span> <span class='ocrx_word' id='word_1_263' title='bbox 2199 2773 2313 2807; x_wconf 90' lang='grc' dir='ltr'><em>που.</em></span> 
     </span>
     <span class='ocr_line' id='line_1_30' title="bbox 342 2837 2317 2910; baseline -0.001 -15"><span class='ocrx_word' id='word_1_264' title='bbox 342 2839 478 2895; x_wconf 85' lang='lat' dir='ltr'>Ibid.</span> <span class='ocrx_word' id='word_1_265' title='bbox 521 2838 586 2893; x_wconf 91' lang='lat' dir='ltr'>V.</span> <span class='ocrx_word' id='word_1_266' title='bbox 629 2856 681 2891; x_wconf 84' lang='lat'>11.</span> <span class='ocrx_word' id='word_1_267' title='bbox 727 2843 776 2892; x_wconf 87' lang='lat'>4.</span> <span class='ocrx_word' id='word_1_268' title='bbox 826 2837 935 2910; x_wconf 78' lang='grc' dir='ltr'><strong><em>[ὡς]</em></strong></span> <span class='ocrx_word' id='word_1_269' title='bbox 982 2841 1149 2896; x_wconf 82' lang='grc' dir='ltr'><em>κακῶς</em></span> <span class='ocrx_word' id='word_1_270' title='bbox 1187 2838 1542 2903; x_wconf 78' lang='grc' dir='ltr'><em>συςρατεύοιεν</em></span> <span class='ocrx_word' id='word_1_271' title='bbox 1590 2837 1871 2891; x_wconf 83' lang='lat' dir='ltr'>considera</span> <span class='ocrx_word' id='word_1_272' title='bbox 1922 2839 2208 2910; x_wconf 84' lang='lat' dir='ltr'>diligenter</span> <span class='ocrx_word' id='word_1_273' title='bbox 2246 2840 2317 2893; x_wconf 90' lang='lat' dir='ltr'>lo-</span> 
     </span>
     <span class='ocr_line' id='line_1_31' title="bbox 338 2923 2315 2995; baseline 0.001 -14"><span class='ocrx_word' id='word_1_274' title='bbox 338 2944 498 2982; x_wconf 80' lang='lat' dir='ltr'>cum:</span> <span class='ocrx_word' id='word_1_275' title='bbox 539 2925 744 2979; x_wconf 87' lang='lat' dir='ltr'>videbis</span> <span class='ocrx_word' id='word_1_276' title='bbox 781 2928 845 2985; x_wconf 77' lang='grc' dir='ltr'>ὡς</span> <span class='ocrx_word' id='word_1_277' title='bbox 887 2925 1090 2978; x_wconf 84' lang='lat' dir='ltr'>servari</span> <span class='ocrx_word' id='word_1_278' title='bbox 1131 2923 1277 2977; x_wconf 90' lang='lat' dir='ltr'>nullo</span> <span class='ocrx_word' id='word_1_279' title='bbox 1318 2930 1472 2995; x_wconf 91' lang='lat' dir='ltr'>pacto</span> <span class='ocrx_word' id='word_1_280' title='bbox 1513 2941 1682 2995; x_wconf 90' lang='lat' dir='ltr'>posse.</span> <span class='ocrx_word' id='word_1_281' title='bbox 1763 2926 1896 2980; x_wconf 88' lang='lat' dir='ltr'>lbid.</span> <span class='ocrx_word' id='word_1_282' title='bbox 1942 2927 2000 2982; x_wconf 87' lang='lat' dir='ltr'>V.</span> <span class='ocrx_word' id='word_1_283' title='bbox 2043 2945 2096 2981; x_wconf 91' lang='lat'>11.</span> <span class='ocrx_word' id='word_1_284' title='bbox 2140 2932 2191 2981; x_wconf 86' lang='lat'>4.</span> <span class='ocrx_word' id='word_1_285' title='bbox 2234 2930 2315 2982; x_wconf 83' lang='grc' dir='ltr'><em>αἰ-</em></span> 
     </span>
     <span class='ocr_line' id='line_1_32' title="bbox 343 3010 2316 3085; baseline -0.001 -16"><span class='ocrx_word' id='word_1_286' title='bbox 343 3015 580 3080; x_wconf 84' lang='grc' dir='ltr'><em>σθόμενος</em></span> <span class='ocrx_word' id='word_1_287' title='bbox 621 3015 674 3067; x_wconf 80' lang='grc' dir='ltr'><em>δὲ</em></span> <span class='ocrx_word' id='word_1_288' title='bbox 726 3010 800 3067; x_wconf 73' lang='grc' dir='ltr'><em>ὅτι</em></span> <span class='ocrx_word' id='word_1_289' title='bbox 849 3013 920 3085; x_wconf 76' lang='grc' dir='ltr'>[ὃ]</span> <span class='ocrx_word' id='word_1_290' title='bbox 971 3019 1110 3073; x_wconf 87' lang='grc' dir='ltr'><em>σῖτος</em></span> <span class='ocrx_word' id='word_1_291' title='bbox 1153 3012 1203 3064; x_wconf 82' lang='grc' dir='ltr'>ἐν</span> <span class='ocrx_word' id='word_1_292' title='bbox 1239 3019 1304 3080; x_wconf 69' lang='grc' dir='ltr'>τῇ</span> <span class='ocrx_word' id='word_1_293' title='bbox 1340 3013 1487 3066; x_wconf 76' lang='grc' dir='ltr'><em>πόλει</em></span> <span class='ocrx_word' id='word_1_294' title='bbox 1528 3014 1689 3074; x_wconf 75' lang='grc' dir='ltr'><em>πολὺς</em></span> <span class='ocrx_word' id='word_1_295' title='bbox 1739 3015 1896 3078; x_wconf 87' lang='grc' dir='ltr'><em>ε’νείη,</em></span> <span class='ocrx_word' id='word_1_296' title='bbox 1951 3015 2079 3085; x_wconf 83' lang='lat' dir='ltr'>quid</span> <span class='ocrx_word' id='word_1_297' title='bbox 2119 3031 2316 3084; x_wconf 84' lang='lat' dir='ltr'>quaeso</span> 
     </span>
     <span class='ocr_line' id='line_1_33' title="bbox 332 3099 2316 3173; baseline -0.001 -16"><span class='ocrx_word' id='word_1_298' title='bbox 332 3103 446 3158; x_wconf 71' lang='lat' dir='ltr'>«sibi</span> <span class='ocrx_word' id='word_1_299' title='bbox 487 3101 602 3155; x_wconf 87' lang='lat' dir='ltr'>vult</span> <span class='ocrx_word' id='word_1_300' title='bbox 648 3100 950 3153; x_wconf 82' lang='lat' dir='ltr'>articulus?</span> <span class='ocrx_word' id='word_1_301' title='bbox 994 3099 1270 3152; x_wconf 78' lang='lat' dir='ltr'>Frumenti</span> <span class='ocrx_word' id='word_1_302' title='bbox 1306 3116 1497 3169; x_wconf 73' lang='lat' dir='ltr'>maqna</span> <span class='ocrx_word' id='word_1_303' title='bbox 1534 3102 1677 3173; x_wconf 84' lang='lat' dir='ltr'>eopia</span> <span class='ocrx_word' id='word_1_304' title='bbox 1710 3102 1912 3155; x_wconf 87' lang='lat' dir='ltr'>dicitur</span> <span class='ocrx_word' id='word_1_305' title='bbox 1945 3109 2083 3162; x_wconf 83' lang='grc' dir='ltr'><em>σῖτος</em></span> <span class='ocrx_word' id='word_1_306' title='bbox 2124 3103 2316 3167; x_wconf 75' lang='grc' dir='ltr'><em>πολύς,</em></span> 
     </span>
     <span class='ocr_line' id='line_1_34' title="bbox 347 3186 2314 3261; baseline -0.001 -16"><span class='ocrx_word' id='word_1_307' title='bbox 347 3189 523 3246; x_wconf 85' lang='lat' dir='ltr'>credo.</span> <span class='ocrx_word' id='word_1_308' title='bbox 603 3188 662 3240; x_wconf 91' lang='lat' dir='ltr'>ln</span> <span class='ocrx_word' id='word_1_309' title='bbox 714 3194 1033 3240; x_wconf 87' lang='lat' dir='ltr'>transcursu</span> <span class='ocrx_word' id='word_1_310' title='bbox 1090 3186 1299 3255; x_wconf 84' lang='lat' dir='ltr'>corrige</span> <span class='ocrx_word' id='word_1_311' title='bbox 1357 3187 1644 3243; x_wconf 89' lang='lat' dir='ltr'>Memorab.</span> <span class='ocrx_word' id='word_1_312' title='bbox 1685 3189 1725 3242; x_wconf 92' lang='lat' dir='ltr'>I.</span> <span class='ocrx_word' id='word_1_313' title='bbox 1766 3207 1834 3241; x_wconf 85' lang='lat' dir='ltr'>vl.</span> <span class='ocrx_word' id='word_1_314' title='bbox 1878 3194 1929 3243; x_wconf 89' lang='grc'>9.</span> <span class='ocrx_word' id='word_1_315' title='bbox 1990 3190 2179 3258; x_wconf 83' lang='grc' dir='ltr'><em>ποτέρῳ</em></span> <span class='ocrx_word' id='word_1_316' title='bbox 2232 3193 2314 3261; x_wconf 77' lang='grc' dir='ltr'>[ἦ]</span> 
     </span>
     <span class='ocr_line' id='line_1_35' title="bbox 345 3274 2321 3346; baseline -0.001 -13"><span class='ocrx_word' id='word_1_317' title='bbox 345 3278 535 3334; x_wconf 78' lang='grc' dir='ltr'><em>πλείων</em></span> <span class='ocrx_word' id='word_1_318' title='bbox 564 3275 737 3342; x_wconf 69' lang='grc' dir='ltr'><em>σχολὴ</em></span> <span class='ocrx_word' id='word_1_319' title='bbox 771 3275 960 3328; x_wconf 81' lang='grc' dir='ltr'><em>τούτων</em></span> <span class='ocrx_word' id='word_1_320' title='bbox 999 3274 1392 3338; x_wconf 76' lang='grc' dir='ltr'><em>ἐπιμελεῖσθαι,</em></span> <span class='ocrx_word' id='word_1_321' title='bbox 1433 3292 1677 3345; x_wconf 83' lang='lat' dir='ltr'>expunge</span> <span class='ocrx_word' id='word_1_322' title='bbox 1717 3276 2034 3330; x_wconf 89' lang='lat' dir='ltr'>articulum:</span> <span class='ocrx_word' id='word_1_323' title='bbox 2071 3278 2195 3346; x_wconf 80' lang='lat' dir='ltr'>plus</span> <span class='ocrx_word' id='word_1_324' title='bbox 2229 3280 2321 3332; x_wconf 77' lang='lat' dir='ltr'>otii</span> 
     </span>
     <span class='ocr_line' id='line_1_36' title="bbox 342 3360 2160 3432; baseline -0.001 -11"><span class='ocrx_word' id='word_1_325' title='bbox 342 3367 547 3421; x_wconf 83' lang='lat' dir='ltr'>dicitur</span> <span class='ocrx_word' id='word_1_326' title='bbox 584 3363 774 3418; x_wconf 78' lang='grc' dir='ltr'><em>πλείων</em></span> <span class='ocrx_word' id='word_1_327' title='bbox 815 3364 1020 3427; x_wconf 74' lang='grc' dir='ltr'><em>σχολή,</em></span> <span class='ocrx_word' id='word_1_328' title='bbox 1063 3367 1122 3414; x_wconf 92' lang='lat' dir='ltr'>ut</span> <span class='ocrx_word' id='word_1_329' title='bbox 1162 3362 1217 3413; x_wconf 92' lang='lat' dir='ltr'>in</span> <span class='ocrx_word' id='word_1_330' title='bbox 1259 3360 1507 3432; x_wconf 81' lang='lat' dir='ltr'>Aeschyli</span> <span class='ocrx_word' id='word_1_331' title='bbox 1551 3363 1864 3417; x_wconf 88' lang='lat' dir='ltr'>Prometheo</span> <span class='ocrx_word' id='word_1_332' title='bbox 1904 3382 1981 3418; x_wconf 91' lang='lat' dir='ltr'>vs.</span> <span class='ocrx_word' id='word_1_333' title='bbox 2019 3369 2160 3420; x_wconf 85' lang='lat'>818:</span> 
     </span>
    </p>

    <p class='ocr_par' dir='ltr' id='par_1_5' title="bbox 719 3448 1812 3517">
     <span class='ocr_line' id='line_1_37' title="bbox 719 3448 1812 3517; baseline 0.002 -13"><span class='ocrx_word' id='word_1_334' title='bbox 719 3451 890 3517; x_wconf 66' lang='grc' dir='ltr'><em>σχολὴ</em></span> <span class='ocrx_word' id='word_1_335' title='bbox 930 3449 980 3502; x_wconf 77' lang='grc' dir='ltr'><em>δὲ</em></span> <span class='ocrx_word' id='word_1_336' title='bbox 1021 3449 1207 3502; x_wconf 80' lang='grc' dir='ltr'><em>πλείων</em></span> <span class='ocrx_word' id='word_1_337' title='bbox 1249 3448 1277 3510; x_wconf 75' lang='grc' dir='ltr'>ἢ</span> <span class='ocrx_word' id='word_1_338' title='bbox 1318 3448 1442 3502; x_wconf 80' lang='grc' dir='ltr'><em>θέλω</em></span> <span class='ocrx_word' id='word_1_339' title='bbox 1485 3449 1672 3516; x_wconf 75' lang='grc' dir='ltr'><em>παρεςί</em></span> <span class='ocrx_word' id='word_1_340' title='bbox 1709 3471 1812 3515; x_wconf 86' lang='grc' dir='ltr'><em>μοι.</em></span> 
     </span>
    </p>

    <p class='ocr_par' dir='ltr' id='par_1_6' title="bbox 340 3536 2321 3700">
     <span class='ocr_line' id='line_1_38' title="bbox 419 3536 2318 3612; baseline -0.001 -16"><span class='ocrx_word' id='word_1_341' title='bbox 419 3540 571 3608; x_wconf 86' lang='lat' dir='ltr'>Quod</span> <span class='ocrx_word' id='word_1_342' title='bbox 623 3539 818 3593; x_wconf 88' lang='lat' dir='ltr'>vitium</span> <span class='ocrx_word' id='word_1_343' title='bbox 872 3552 1034 3606; x_wconf 89' lang='lat' dir='ltr'>supra</span> <span class='ocrx_word' id='word_1_344' title='bbox 1081 3536 1382 3588; x_wconf 88' lang='lat' dir='ltr'>notavimus</span> <span class='ocrx_word' id='word_1_345' title='bbox 1432 3536 1487 3589; x_wconf 92' lang='lat' dir='ltr'>in</span> <span class='ocrx_word' id='word_1_346' title='bbox 1537 3539 1716 3605; x_wconf 79' lang='grc' dir='ltr'><em>σφίσιν</em></span> <span class='ocrx_word' id='word_1_347' title='bbox 1768 3541 1944 3602; x_wconf 77' lang='grc' dir='ltr'><em>αὐτοῖς</em></span> <span class='ocrx_word' id='word_1_348' title='bbox 2001 3558 2095 3612; x_wconf 86' lang='lat' dir='ltr'>pro</span> <span class='ocrx_word' id='word_1_349' title='bbox 2142 3543 2318 3610; x_wconf 82' lang='grc' dir='ltr'><em>σφίσιν</em></span> 
     </span>
     <span class='ocr_line' id='line_1_39' title="bbox 340 3622 2321 3700; baseline -0.001 -17"><span class='ocrx_word' id='word_1_350' title='bbox 340 3630 482 3683; x_wconf 78' lang='lat' dir='ltr'>idem</span> <span class='ocrx_word' id='word_1_351' title='bbox 538 3627 694 3700; x_wconf 85' lang='lat' dir='ltr'>plane</span> <span class='ocrx_word' id='word_1_352' title='bbox 747 3625 1079 3696; x_wconf 87' lang='lat' dir='ltr'>conspicitur</span> <span class='ocrx_word' id='word_1_353' title='bbox 1120 3625 1174 3677; x_wconf 94' lang='lat' dir='ltr'>in</span> <span class='ocrx_word' id='word_1_354' title='bbox 1218 3622 1279 3676; x_wconf 93' lang='lat' dir='ltr'>V.</span> <span class='ocrx_word' id='word_1_355' title='bbox 1323 3640 1376 3675; x_wconf 87' lang='lat'>11.</span> <span class='ocrx_word' id='word_1_356' title='bbox 1421 3627 1470 3677; x_wconf 84' lang='lat'>8.</span> <span class='ocrx_word' id='word_1_357' title='bbox 1534 3625 1887 3683; x_wconf 88' lang='lat' dir='ltr'>Phliasiorum</span> <span class='ocrx_word' id='word_1_358' title='bbox 1932 3628 2140 3684; x_wconf 81' lang='lat' dir='ltr'>exsules</span> <span class='ocrx_word' id='word_1_359' title='bbox 2180 3628 2321 3700; x_wconf 86' lang='lat' dir='ltr'>apud</span> 
     </span>
    </p>
   </div>
  </div>
 </body>
</html>
